4008 6072
442 266 596 342 1479

1704 275 2100 339 RADULPHI
2146 278 2555 340 ARDEN’I‘IS.

3682 270 3861 348 £48!)

438 414 630 468 luctus
663 414 906 483 occupat
929 410 1108 480 (Prov.
1142 411 1311 479 xw).«
1344 410 1411 463 Et.
1442 408 1576 465 alibi
1614 425 1625 463 :
1664 410 1725 464 In
1768 425 1865 464 ore
1914 408 2077 464 stulti
2103 396 2159 477 Α
2191 413 2448 482 patiatur
2477 413 2797 470 bonitatem
2820 414 3069 487 opprimi
3100 433 3133 470 a
3165 414 3409 485 malitia,
3436 417 3737 489 justitiam
3766 419 3855 475 ab

436 519 667 574 semper
688 500 947 555 risus.Et
965 500 1248 554 Dominus
1280 500 1337 553 in
1371 498 1674 570 Evangelio
1702 515 1713 554 :
1741 499 1877 553 «Vae
1915 499 2080 554 vobis

434 594 534 664 qui
569 591 792 655 ridetis,
826 589 963 662 quia
990 588 1290 661 plorabitis
1321 591 1471 656 (Luc.
1497 590 1589 663 vx).
1628 611 1654 639 ››
1689 589 1892 644 Omnis
1920 589 2075 644 enim

432 680 588 737 risus
613 680 874 735 nascitur
902 684 1003 735 aut
1034 695 1100 733 ex
1140 678 1411 745 vanitate,
1445 683 1547 733 aut
1596 696 1663 733 ex
1707 679 1942 745 invidia,
1977 684 2077 734 aut

431 787 499 826 ex
532 769 756 825 malitia
785 767 1140 832 mentis.Qui
1174 767 1322 821 ridet
1344 768 1413 822 de
1442 768 1819 832 vanis,vanus
1843 768 2073 832 est.Qui

431 859 581 914 ridet
615 860 683 914 de
717 857 945 912 damnis
969 856 1433 922 alienis,invidus
1455 862 1511 912 et
1534 856 1828 929 malignus
1850 858 2070 924 est.Qui

428 949 579 1004 ridet
608 948 739 1002 aliis
767 947 1126 1020 lugentibus,
1162 946 1417 1002 crudelis
1448 951 1555 1001 est.
1591 946 1695 1012 Qui
1731 946 1879 1001 ridet
1924 947 2075 1002 inter

426 1039 579 1094 seria
608 1037 825 1094 stultus
856 1042 963 1092 est.
998 1037 1105 1103 Qui
1137 1036 1539 1103 cachinnatur,
1575 1035 1796 1091 ereteris
1825 1036 2070 1091 tacenti-

424 1128 554 1196 bus,
571 1131 799 1183 constat
816 1127 955 1199 quia
975 1126 1194 1198 aliquid
1220 1125 1482 1180 stultitiae
1506 1124 1757 1181 occurrit
1777 1126 2067 1180 memoriae

421 1218 570 1289 ejus.
597 1217 771 1273 Risus
804 1233 1035 1289 quoque
1066 1214 1289 1271 multus
1322 1215 1620 1269 hominem
1644 1216 1831 1269 reddit
1859 1232 2068 1270 onero-

421 1324 552 1362 sum
585 1311 641 1361 et
671 1306 970 1361 odibilem.
1004 1306 1250 1360 Luctum
1285 1321 1417 1359 vero
1450 1305 1822 1360 commendat
1844 1305 1937 1360 hic
1961 1304 2068 1360 Do-

422 1395 639 1451 minus.
675 1395 1003 1461 Quinetiam
1035 1394 1159 1465 ipse
1189 1393 1402 1465 legitur
1441 1392 1685 1459 ﬂevisse,
1721 1393 1821 1465 qui
1868 1398 2065 1449 tamen

420 1501 724 1556 nunquam
752 1483 965 1555 legitur
996 1483 1214 1537 risi-se.
1240 1484 1522 1537 Caeterum
1574 1500 1690 1538 non
1741 1483 1930 1538 omnis
1974 1482 2063 1537 lu-

417 1580 546 1629 ctus
576 1578 667 1629 est
695 1571 1028 1627 laudabilis.
1064 1572 1309 1638 Quidam
1343 1571 1497 1626 enim
1548 1570 1768 1643 lugent,
1803 1572 1941 1643 quia
1972 1573 2061 1628 lu-

415 1664 604 1736 genda
634 1663 820 1718 facere
854 1679 967 1716 non
996 1664 1328 1732 potuerunt,
1362 1664 1418 1715 et
1450 1660 1586 1716 mali
1618 1666 1774 1717 sunt.
1813 1662 2061 1728 Quidam

2192 501 2499 572 injustitia,
2531 504 2806 575 pietatem
2838 505 2909 560 ab
2943 505 3629 577 impietate,honestatem
3652 508 3732 563 ab
3760 509 3857 563 in-

2188 588 2512 646 honestate.
2546 591 2649 655 Qui
2683 592 2837 647 enim
2872 592 2980 647 hoc
3008 592 3276 648 csuriunt
3305 594 3363 648 in
3396 593 3504 650 hac
3533 596 3669 663 vita,
3712 596 3853 654 sine

2188 680 2366 736 dubio
2426 681 2849 736 saturabuntur
2894 680 2951 736 in
2998 681 3112 737 alia
3159 681 3296 747 vita,
3331 684 3562 755 quando
3610 685 3849 742 scilicet

2184 771 2340 827 Deus
2372 775 2427 825 et
2455 774 2689 826 sanctos
2736 770 2794 824 in
2834 770 3070 842 justitia
3120 771 3393 843 perficiet,
3428 777 3485 828 et
3515 773 3845 847 unicuique

2185 860 2508 915 secundum
2544 861 2698 932 quod
2755 860 2968 915 meruit
3012 861 3232 917 reddet.
3267 862 3430 917 Tunc
3458 862 3616 918 enim
3650 887 3679 913 ‹‹
3716 881 3835 920 non

2182 950 2439 1004 esurient
2470 966 2659 1021 neque
2691 948 2891 1005 sitient
2921 947 3194 1021 amplius,
3225 954 3418 1005 etnon
3451 952 3617 1007 cadet
3647 969 3833 1026 super

2180 1039 2310 1094 illos
2344 1038 2429 1093 sol
2461 1055 2648 1110 neque
2682 1036 2838 1093 ullus
2869 1042 3046 1093 aestus
3076 1037 3279 1107 (ibid).
3318 1060 3345 1088 ››

2250 1128 2462 1192 Quinta
2484 1127 2670 1183 virtus
2700 1131 2789 1182 est
2820 1124 3333 1182 misericordia.“
3360 1127 3511 1185 hanc
3549 1146 3656 1186 nos
3685 1131 3827 1188 invi-

2179 1221 2261 1272 tat
2289 1216 2594 1283 Dominus,
2629 1233 2763 1271 cum
2796 1215 2996 1271 subdit
3028 1232 3041 1270 :
3075 1216 3230 1272 Beati
3272 1218 3669 1286 misericordes,
3699 1237 3827 1293 quo-

2174 1309 2328 1362 niam
2360 1308 2467 1378 ipsi
2494 1305 2932 1361 miscricordiam
2961 1312 3371 1377 consequentur.
3406 1310 3556 1364 Sane
3602 1309 3824 1366 miseri-

2175 1396 2370 1451 cordia
2400 1400 2487 1451 est
2516 1395 2701 1451 virtus
2735 1394 2980 1450 miseria:
3012 1393 3371 1467 compatiens
3394 1395 3623 1467 alienae;
3644 1398 3825 1470 hujus

2148 1532 2153 1539 .
2174 1486 2288 1540 duo
2319 1488 2458 1541 sunt
2478 1484 2881 1549 eii'ectus,dare
2902 1488 2959 1538 et
2978 1482 3470 1540 dimittere.Unde
3490 1486 3817 1545 Dominus:

2174 1599 2200 1624 ‹‹
2237 1576 2397 1644 Date,
2431 1577 2487 1629 et
2516 1573 2750 1629 dabitur
2777 1573 2960 1628 vobis.
2994 1571 3253 1640 Dimitte,
3288 1578 3343 1628 et
3374 1575 3711 1632 dimittetur
3730 1594 3822 1633 vo-

2172 1664 2263 1719 bis
2296 1665 2444 1736 (I.uc.
2478 1663 2574 1734 vi).
2612 1684 2640 1711 »
2672 1662 2800 1717 Haec
2830 1661 2987 1716 enim
3018 1662 3202 1718 virtus
3244 1679 3305 1718 se
3334 1665 3590 1720 extendit
3640 1666 3817 1723 etiam

414 1752 615 1825 lugent
645 1753 716 1807 de
748 1753 962 1807 damno
994 1749 1075 1804 rei
1110 1749 1463 1821 lemporalis,
1486 1755 1542 1805 et
1562 1752 1715 1805 avari
1752 1756 1908 1807 sunt.
1935 1752 2063 1819 Qui-
2090 1787 2136 1852 B
2172 1770 2357 1826 usque
2389 1754 2456 1808 ad
2481 1751 2948 1807 inimicos.Unde
2970 1750 3253 1808 Dominus
3287 1769 3301 1807 :
3339 1753 3815 1828 «Estote,inquit,

414 1844 549 1898 dam
580 1840 784 1913 lugent
815 1842 885 1896 de
917 1839 1175 1911 corporis
1210 1839 1301 1894 sui
1333 1839 1789 1908 incommodo,et
1815 1841 2056 1912 pusilla—

413 1932 601 1986 nimes
624 1930 1035 1996 sunt.Quidam
1065 1928 1269 1999 lugent
1291 1946 1355 1982 su
1368 1946 1465 2001 pes
1490 1927 1792 1985 funeribus
1809 1935 2059 1986 mortuo-

413 2039 563 2087 rum,
599 2025 655 2075 et
688 2019 927 2074 humani
963 2022 1118 2074 sunt.
1143 2017 1300 2072 Talis
1332 2017 1487 2072 enim
1512 2018 1727 2085 luctus,
1746 2018 1790 2072 si
1826 2020 1901 2073 sit
1932 2037 2053 2073 mo-

410 2106 1119 2180 destus,reprehcnsibilis
1154 2124 1267 2161 non
1301 2106 1713 2178 cst.Scriptum
1738 2112 1824 2162 est
1846 2108 1999 2163 enim
2038 2126 2050 2163 :

410 2223 435 2249 ‹‹
473 2199 598 2267 Fili,
635 2199 691 2253 in
744 2202 1041 2253 mortuum
1093 2197 1313 2267 produc
1373 2194 1659 2267 lacrymas
1711 2197 1877 2267 quasi
1928 2198 2054 2253 dira

408 2305 638 2361 passus,
672 2286 862 2358 incipe
894 2285 1117 2358 plorare
1149 2286 1333 2353 (Eccti.
1357 2301 1587 2339 xxxvm.
1623 2308 1650 2333 »
1682 2285 1896 2341 Verum
1936 2287 2051 2343 duo

408 2393 622 2449 genera
643 2375 803 2430 luctu
832 2375 1120 2447 praicipue
1145 2374 1516 2428 commendat
1543 2374 1845 2446 Scriptura
1863 2393 2046 2431 sacra.

410 2467 640 2522 Primus
670 2464 864 2520 luctus
888 2463 1236 2535 cst,quando
1260 2461 1471 2534 aliquis
1495 2462 1652 2536 luget
1682 2481 1786 2536 pro
1818 2464 1940 2520 suis
1962 2464 2048 2521 vel

408 2555 656 2612 aliorum
696 2553 966 2625 peccatis.
1003 2552 1309 2607 Secundus
1340 2551 1531 2606 luctus
1558 2557 1664 2619 est,
1690 2556 1922 2624 quando
1947 2554 2047 2609 ali-

406 2645 539 2717 quis
571 2644 857 2717 perfectus
889 2642 1075 2715 plorat
1106 2658 1207 2713 pro
1239 2640 1517 2696 dilatione
1552 2642 1798 2698 emlestis
1824 2645 2044 2715 patriae.

406 2734 636 2789 Primus
683 2732 876 2787 luctus
909 2732 1172 2786 nascitur
1217 2747 1285 2785 ex
1335 2731 1797 2787 consideratione
1845 2751 2046 2805 pecca-

401 2828 592 2879 torum
652 2824 1137 2895 perpetratorum,
1186 2826 1241 2875 et
1285 2838 1352 2875 ex
1396 2820 1603 2875 timore
1634 2820 2043 2893 gehennalium

401 2929 703 2985 pmnarum
735 2911 817 2967 eis
849 2910 1198 2965 debitarum.
1225 2910 1530 2965 Secundus
1562 2908 1756 2965 luctus
1778 2910 2045 2966 similiter

400 3001 661 3057 nascitur
714 3018 782 3056 ex
838 2999 1086 3067 duobus,
1145 2998 1411 3054 videlicet
1469 3016 1535 3054 ex
1580 2999 2045 3056 consideratione

398 3090 701 3164 praesentis
742 3088 989 3145 miseria:
1023 3093 1080 3143 et
1129 3088 1414 3144 desiderio
1460 3088 1835 3144 beatitudinis
1884 3095 2044 3145 teter-

2168 1841 2593 1904 misericordes,
2628 1840 2779 1897 sicut
2807 1844 2862 1895 et
2892 1840 3062 1896 Pater
3087 1845 3277 1896 vester
3303 1841 3555 1899 cmlestis
3586 1844 3816 1901 miseri-

2166 1948 2295 1987 cors
2345 1935 2432 1986 est
2481 1929 2716 2003 (ibitl.),n
2753 1952 2873 1980 —«
2899 1928 2999 2000 qui
3046 1929 3227 1985 solem
3287 1947 3461 1986 suum
3507 1931 3646 1989 Facit
3676 1935 3815 1990 oriri

2166 2037 2342 2092 super
2374 2021 2556 2075 bonos
2587 2022 2643 2074 et
2674 2016 2950 2085 malos,et
2979 2016 3128 2090 pluit
3158 2020 3541 2091 superjustos
3571 2027 3627 2078 et
3657 2022 3814 2095 inju-

2163 2115 2284 2165 stos
2309 2109 2520 2177 (Matth.
2552 2108 2605 2179 v)
2646 2130 2672 2155 ››
2707 2108 2772 2161 Et
2798 2106 3148 2178 Apostolus:
3185 2129 3212 2157 «
3239 2108 3294 2162 Si
3325 2110 3594 2166 esurierit
3621 2112 3814 2169 inimi-

2164 2215 2266 2253 cus
2298 2197 2588 2265 tuus,ciba
2612 2195 2809 2264 illum;
2836 2195 2883 2251 si
2907 2195 3049 2262 sitit,
3071 2201 3273 2267 potum
3303 2198 3377 2252 da
3408 2197 3633 2269 illi,hoc
3654 2201 3823 2258 enim.

2160 2288 2400 2349 faciens,
2437 2302 2712 2359 congcres
2743 2285 3024 2340 carbones
3052 2302 3228 2358 super
3258 2291 3431 2359 caput
3472 2290 3602 2361 ejus
3633 2292 3807 2360 (Rom.

2160 2376 2280 2449 xu).
2318 2400 2345 2425 »
2370 2376 2557 2445 Hujus
2587 2374 2821 2429 virtutis
2852 2377 2990 2429 sunt
3019 2373 3251 2429 termini
3285 2375 3503 2433 duritia
3532 2378 3809 2437 inhuma-

2161 2483 2255 2530 na,
2290 2470 2345 2520 et
2402 2464 2730 2537 compassio
2778 2463 3113 2518 indiscreta.
3147 2464 3311 2519 Tunc
3363 2466 3540 2534 enim,
3577 2468 3808 2536 fratres,

2159 2554 2295 2620 mei,
2328 2553 2600 2608 virtutem
2634 2550 3043 2608 misericordiae
3076 2556 3226 2608 recte
3256 2556 3544 2623 tenemus,
3572 2560 3808 2630 quando

2159 2662 2261 2699 nec
2292 2643 2614 2698 inhumane
2645 2641 2771 2696 duri
2808 2658 3015 2696 sumus
3046 2659 3183 2714 erga
3236 2647 3506 2700 naturam
3557 2649 3806 2717 proximi

2156 2733 2495 2805 indigentis,
2529 2748 2633 2786 nec
2662 2731 2977 2786 indiscrete
3013 2731 3408 2802 compatimur
3434 2733 3590 2791 vitiis
3619 2736 3805 2793 delin-

2156 2822 2569 2896 quontis.Cum
2598 2819 2750 2876 enim
2777 2818 3176 2875 misericordia
3203 2821 3506 2891 etjustitia
3524 2823 3807 2884 virtuales

2155 2915 2291 2981 sint,
2327 2910 2725 2966 misericordia
2755 2926 2892 2981 erga
2930 2913 3222 2978 naturam,
3256 2913 3312 2965 et
3334 2911 3567 2982 justitia
3599 2921 3805 2973 contra

2151 3000 2710 3067 vitium,exercenda
2738 3002 2844 3053 est.
2863 2997 2981 3052 Imo
3014 2998 3074 3051 in
3100 2998 3374 3056 omnibus
3396 2999 3727 3061 habeamus
3749 3011 3805 3062 et

2153 3089 2613 3148 misericordiam
2639 3089 2885 3159 justam,
2919 3093 2975 3142 et
2995 3087 3287 3158 justitiam
3321 3090 3796 3164 misericordem;

399 3198 505 3235 nae.
540 3180 770 3235 Primus
814 3179 1005 3233 luctus
1053 3177 1102 3233 si
1150 3195 1265 3232 non
1313 3179 1568 3244 excedat,
1605 3178 1792 3233 bonus
1842 3182 1948 3245 est,
1986 3184 2042 3235 et
2072 3159 2114 3225 C
2154 3183 2298 3238 alias
2328 3197 2435 3235 nec
2455 3179 2576 3234 haec
2605 3194 2740 3232 vcra
2769 3176 3186 3245 misericordia,
3207 3194 3310 3233 nec
3342 3178 3442 3234 illa
3468 3183 3796 3254 verajusti-

398 3270 690 3325 secundus
750 3268 973 3323 melior.
1035 3267 1114 3321 De
1167 3266 1296 3321 istis
1357 3266 1590 3333 dicitur,
1632 3270 1892 3337 quoniam
1946 3271 2044 3340 qui

398 3360 581 3431 lugent
610 3358 1051 3424 consolabuntur,
1084 3356 1143 3410 in
1176 3360 1545 3427 peccatorum
1597 3356 1938 3411 dimissione
1986 3362 2043 3413 et

396 3448 594 3520 gaudii
628 3446 876 3502 caelestis
908 3446 1230 3517 adeptione,
1267 3446 1500 3514 quando
1532 3445 1799 3500 sciliccta
1824 3447 2042 3502 abster-

396 3540 491 3609 gct
522 3537 673 3590 Deus
704 3552 935 3589 omnem
960 3534 1275 3605 lacrymam
1310 3534 1380 3588 ab
1414 3533 1599 3589 oculis
1624 3540 2044 3603 sanctorum,et

397 3642 555 3679 mors
586 3641 699 3678 non
733 3624 842 3678 erit
873 3622 1148 3693 amplius,
1185 3639 1370 3693 neque
1405 3622 1617 3691 luctus,
1646 3641 1830 3697 neque
1854 3625 2038 3693 dolor,

396 3713 673 3785 quoniam
709 3713 903 3785 priora
925 3712 1127 3765 transit
1146 3717 1282 3765 runt
1306 3712 1480 3783 (Apoc.
1505 3715 1662 3783 vu),»
1696 3718 1802 3768 etc.
1829 3716 2043 3779 Quarta

393 3802 579 3857 virtus
610 3806 698 3856 est
728 3799 1193 3867 desiderium,ad
1218 3801 1369 3871 quod
1403 3817 1508 3855 nos
1538 3800 2042 3858 invitatDominus

398 3908 529 3946 cum
565 3890 767 3947 subdit
799 3905 811 3943 :
846 3889 998 3944 Beati
1028 3891 1124 3959 qui
1152 3891 1403 3944 esuriant
1437 3895 1489 3944 ct
1519 3892 1718 3945 sitizmt
1738 3892 2035 3962 justitiam,

395 3982 656 4052 quoniam
687 3980 795 4052 ipsi
823 3979 1237 4033 saturabuntur.
1276 3978 1445 4033 Porro
1479 3979 1882 4035 universaliter
1910 3982 2038 4052 jus-

392 4067 522 4124 titia
551 4072 657 4136 est,
693 4068 1010 4140 unicuique
1041 4068 1281 4122 reddere
1311 4067 1465 4139 quod
1497 4084 1674 4123 suum
1707 4073 1815 4125 est.
1857 4070 2042 4125 Justi-

394 4156 476 4212 tia
503 4174 636 4212 vero
666 4157 921 4213 hominis
951 4160 1056 4222 est,
1088 4157 1200 4211 Deo
1250 4157 1488 4212 reddere
1534 4156 1895 4231 religionem,
1929 4159 2040 4216 sibi

395 4245 771 4312 munditiam,
801 4245 1081 4317 proximis
1126 4246 1517 4315 dilectionem,
1552 4248 1889 4319 parentibus
1937 4248 2039 4305 ho-

393 4352 614 4396 norem,
643 4334 777 4390 ﬁliis
807 4334 1592 4409 providentiam,majoribus
1623 4336 2037 4407 obedientiam,

393 4424 645 4480 subditis
667 4422 1060 4496 disciplinam,
1093 4426 1369 4481 omnibus
1416 4424 1768 4495 aequitatem.
1803 4426 2042 4483 Justitia

2149 3272 2248 3337 tia,
2266 3271 2365 3326 sed
2402 3269 2593 3341 potius
2615 3266 2821 3321 vitium
2848 3270 2957 3320 est.
2990 3264 3296 3337 Eleganter
3324 3272 3521 3325 autem
3565 3271 3795 3328 miseri-

2150 3359 2425 3415 cordibus
2445 3355 2778 3412 consecutio
2803 3353 3213 3409 misericordiae
3237 3357 3615 3428 promittitur,
3641 3361 3795 3419 sicut

2151 3455 2207 3505 et
2238 3452 2473 3505 econtra
2496 3443 2789 3517 judicium
2821 3444 2947 3499 sine
2969 3442 3367 3500 misericordia
3384 3446 3433 3502 ei
3458 3448 3556 3520 qui
3581 3466 3699 3506 non
3724 3450 3800 3507 fa-

2150 3539 2228 3594 cit
2258 3534 2717 3593 misericordiam
2735 3535 2869 3600 (Jac.
2893 3535 2976 3600 ιι).
2993 3533 3164 3589 Sexta
3181 3533 3366 3590 virtus
3397 3540 3486 3592 est
3508 3538 3825 3597 munditia

2150 3625 2463 3684 cordis.Ad
2496 3624 2645 3678 hanc
2678 3639 2784 3678 nos
2815 3622 3024 3677 invitat
3054 3622 3359 3692 Dominus,
3382 3642 3517 3681 cum
3550 3629 3751 3686 subdit
3784 3647 3798 3685 :

2151 3719 2307 3774 Beati
2333 3714 2537 3770 mundo
2566 3714 2749 3779 corde,
2781 3712 3042 3783 quoniam
3072 3713 3181 3783 ipsi
3205 3714 3375 3769 Deum
3400 3716 3676 3774 valebunt.
3701 3721 3802 3776 Est

2149 3812 2344 3862 autem
2376 3804 2629 3877 perfecta
2659 3800 2848 3857 cordis
2882 3800 3189 3868 munditia,
3222 3801 3443 3858 nullam
3476 3810 3708 3878 turpem
3742 3808 3801 3863 in

2150 3915 2213 3953 se
2238 3895 2492 3965 recipere
2524 3888 2957 3963 cogitationem.
2991 3889 3102 3945 Sed
3133 3889 3267 3961 quis
3305 3891 3412 3947 hoc
3445 3893 3503 3948 in
3545 3893 3655 3951 hac
3685 3896 3803 3952 vita

2151 3983 2401 4060 poterit?
2433 3980 2662 4037 Nullus.
2695 3977 2958 4034 Velimus
2990 3978 3145 4034 enim
3191 3979 3470 4049 nolimus,
3500 3984 3802 4042 multoties

2150 4072 2397 4147 turpiter
2448 4068 2778 4142 cogitamus
2825 4071 2882 4122 et
2929 4065 3303 4123 delectamur.
3340 4069 3451 4125 Sed
3483 4071 3532 4127 si
3564 4076 3801 4146 turpem

2152 4160 2562 4236 cogitationem
2592 4161 2647 4212 et
2676 4154 3119 4211 delectationem
3148 4157 3209 4211 in
3239 4158 3412 4214 corde
3434 4165 3799 4229 nascentem,

2151 4251 2353 4308 statim
2386 4265 2501 4304 non
2525 4243 2959 4312 consentiendo,
2987 4244 3370 4314 refrenemus,
3403 4264 3519 4303 non
3553 4248 3682 4307 ideo
3705 4250 3801 4307 hic

2151 4339 2505 4397 munditiam
2537 4335 2801 4391 amittere
2829 4333 3101 4401 dicimur,
3124 4333 3260 4407 quia
3288 4335 3509 4393 scilicet
3537 4355 3647 4395 nos
3681 4344 3803 4396 tur-

2150 4432 2301 4504 piter
2330 4427 2584 4499 cogitase
2633 4426 2689 4479 et
2736 4421 3052 4479 delectatos
3100 4423 3280 4480 fuisse
3312 4425 3799 4498 reprehendimus

390 4513 489 4569 Dei
513 4518 602 4569 est
632 4512 950 4585 unicuique
983 4514 1305 4569 secundum
1339 4514 1493 4584 quod
1528 4514 1739 4569 meruit
1774 4516 2031 4572 reddere.
2068 4530 2113 4594 D
2147 4525 2202 4579 et
2222 4514 2860 4592 punimus.Possumus
2889 4516 3082 4568 autem
3107 4512 3295 4569 dicere
3316 4529 3449 4570 cum
3470 4516 3745 4589 Apostolo
3780 4534 3794 4571 :

390 4602 608 4658 Neutra
665 4606 860 4659 autem
910 4603 970 4658 in
1019 4604 1127 4658 hac
1174 4603 1291 4657 vita
1349 4602 1698 4675 perficietur,
1758 4604 2036 4675 quoniam

388 4708 576 4764 neque
608 4691 783 4747 homo
817 4693 1023 4765 poterit
1057 4693 1111 4745 in
1151 4692 1257 4746 hac
1286 4692 1406 4745 vita
1442 4692 1691 4762 perfecte
1722 4692 2036 4766 unicuique

389 4782 543 4851 quod
603 4800 776 4838 suum
828 4786 917 4837 est
964 4781 1223 4847 reddere,
1259 4797 1445 4852 neque
1496 4782 1649 4836 Deus
1696 4781 1790 4836 hic
1836 4784 2037 4839 reddet

387 4869 645 4941 plcnarie
676 4871 991 4942 unicuique
1024 4870 1177 4941 quod
1213 4868 1443 4924 meruit.
1479 4871 1587 4925 Sed
1635 4875 1880 4943 utraque
1903 4874 2033 4944 jus-

388 4958 515 5013 titia
549 4960 1060 5014 consummabitur
1088 4958 1147 5013 in
1180 4959 1289 5014 alia
1321 4959 1454 5014 vita.
1492 4959 1797 5031 Propterea
1829 4979 2032 5019 convc-

387 5045 613 5101 nienter
643 5047 760 5103 ait:
798 5050 949 5103 Beati
982 5050 1078 5120 qui
1106 5050 1356 5103 esuriant
1401 5057 1451 5103 ct
1496 5051 1696 5104 sitiunt
1731 5049 2029 5120 justitiam,

386 5143 669 5206 tanquam
702 5135 924 5190 scilicet
946 5138 1235 5205 cibum,et
1265 5142 1465 5210 potum
1489 5137 1716 5192 animte.
1742 5139 1856 5194 Nos
1889 5158 2032 5212 quo-

386 5240 518 5293 que,
554 5222 760 5277 fratres
791 5224 926 5292 mei,
954 5230 1074 5281 toto
1107 5227 1394 5282 desiderio
1425 5226 1754 5283 esuriamus
1785 5232 1840 5283 et
1869 5228 2032 5285 sitia-

385 5328 519 5366 mus
540 5310 1348 5383 justitiam,subaudi,facere
1378 5320 1434 5370 et
1464 5315 1586 5371 fieri
1610 5317 2027 5386 desiderantes,

384 5399 605 5456 scilicet
636 5404 700 5454 ut
730 5418 837 5457 nos
868 5403 1165 5475 possimus
1214 5406 1464 5477 perfecte
1507 5404 1823 5476 unicuique
1875 5408 2029 5479 quod

384 5504 558 5544 suum
589 5491 674 5544 est
704 5490 962 5561 reddere,
990 5498 1047 5548 et
1083 5498 1145 5548 ut
1178 5511 1211 5548 a
1242 5494 1356 5549 Deo
1388 5494 1666 5549 reddatur
1712 5495 2030 5569 unicuique

373 5578 539 5656 justo
569 5580 893 5639 secundum
941 5582 1096 5656 quod
1142 5586 1418 5653 meretur,
1451 5598 1522 5639 ne
1564 5582 1783 5641 scilicet
1807 5584 2028 5647 diutius

2150 4636 2176 4662 ‹‹
2203 4611 2261 4667 Si
2286 4607 2438 4680 quod
2464 4602 2596 4659 nolo
2618 4602 2728 4659 hoc
2749 4617 3000 4673 ago,non
3033 4619 3205 4674 pecco
3235 4604 3470 4675 ego,sed
3502 4606 3657 4677 quod
3689 4606 3797 4662 ha-

2147 4700 2296 4756 bitat
2328 4696 2387 4750 in
2420 4711 2511 4749 me
2543 4695 2846 4765 peccatum
2873 4690 3045 4762 (Rom.
3068 4694 3191 4759 vn).
3212 4714 3239 4742 ››
3272 4692 3374 4748 Est
3399 4698 3596 4750 autem
3628 4711 3800 4751 mun-

2147 4788 2289 4845 ditia
2320 4782 2509 4841 cordis
2542 4780 2863 4835 secundum
2898 4783 3114 4834 statum
3147 4780 3450 4852 praesentis
3479 4781 3627 4852 vitae,
3649 4782 3801 4838 nulli

2144 4870 2493 4948 turpitudini
2526 4868 2873 4924 consentire.
2908 4867 3014 4930 Qui
3049 4874 3245 4924 autem
3278 4868 3361 4926 sic
3393 4872 3620 4939 mundi,
3655 4888 3801 4944 quo-

2144 4967 2302 5021 niam
2336 4960 2596 5017 nondum
2627 4957 2867 5011 omnino
2900 4957 3104 5011 mundi
3138 4961 3296 5025 sunt,
3321 4958 3449 5015 ideo
3481 4959 3700 5015 dicitur
3727 4961 3803 5016 de

2142 5055 2214 5109 iis
2247 5070 2260 5108 :
2296 5052 2421 5106 Non
2454 5047 2591 5120 quia
2612 5046 2740 5118 jam
2769 5045 2967 5100 vident
2998 5045 3311 5116 Deum,sed
3343 5047 3484 5119 quia
3512 5047 3801 5104 videbunt

2143 5145 2203 5199 in
2234 5147 2448 5197 acterna
2475 5136 2610 5203 vita,
2631 5134 2866 5207 quando
2889 5133 3110 5190 scilicet
3139 5134 3287 5190 nihil
3321 5136 3391 5191 de
3416 5139 3619 5192 caetero
3642 5139 3802 5208 pote-

2143 5236 2279 5288 runt
2310 5227 2557 5300 turpiter
2588 5223 2861 5296 cogitare.
2881 5223 2998 5279 Nos
3028 5239 3185 5296 ergo,
3222 5224 3429 5281 fratres
3459 5225 3594 5293 mei,
3628 5225 3677 5281 si
3711 5224 3794 5280 ibi

2142 5337 2276 5377 eum
2306 5318 2501 5372 videre
2528 5312 2822 5378 volumus,
2855 5310 2949 5366 hic
2988 5328 3238 5385 purgare
3286 5313 3502 5370 mentis
3554 5312 3792 5370 oculum

2140 5413 2498 5480 satagamus.
2550 5401 2810 5473 Septima
2858 5400 3047 5456 virtus
3093 5406 3182 5458 est
3217 5418 3348 5474 pax.
3382 5403 3467 5459 Ad
3498 5401 3651 5459 hanc
3683 5418 3791 5458 nos

2138 5497 2346 5554 invitat
2375 5510 2509 5550 cum
2534 5490 2733 5547 subdit
2768 5505 2780 5544 :
2814 5491 2978 5546 Beati
2996 5492 3236 5562 paciﬁci,
3270 5491 3541 5564 quonidm'
3557 5490 3670 5563 ﬁlii
3687 5493 3807 5549 Dei

2135 5580 2610 5647 vocabuntur.Est
2640 5580 2833 5633 autem
2867 5593 2985 5652 pax
3006 5578 3281 5654 perfecta,
3325 5578 3600 5660 perfth
3622 5578 3791 5638 iraa.
