4002 6078
134 143 301 203 1485

1277 138 1653 202 HOMILIJE.
1687 172 1765 184 -—
1793 139 1843 202 Ι.
1888 139 1991 202 DE
2033 140 2431 203 TEMPORE.

3393 140 3551 225 ωδ

136 274 324 332 sunt?
354 273 630 347 Legimus
673 272 829 329 enim
852 271 911 327 in
934 271 1083 328 libro
1118 272 1604 340 Macbabaeorum,
1639 273 1792 346 Quod
1823 275 1879 343 Α
1907 279 2098 330 morat
2122 273 2343 341 vivens,
2370 273 2525 346 quod
2542 273 2834 329 orationes
2863 271 3110 351 aliorum
3133 272 3185 327 ei
3204 262 3552 345 prodessent

144 385 180 415 «
218 363 305 420 vir
337 360 699 418 fortissimus
729 360 913 417 Judas
942 360 1107 417 misit
1137 360 1443 418 duodecim
1487 361 1797 417 drachmas

146 449 383 527 argenti
413 449 899 524 Hierosolymam,
932 450 1125 507 offerri
1173 467 1242 506 ea
1284 449 1363 505 ibi
1413 466 1517 522 pro
1542 450 1796 523 peccatis

142 544 517 597 mortuorum
549 538 623 612 (II
647 538 817 595 Much.
848 537 971 611 ιιι).
1009 561 1038 588 ››
1068 539 1230 606 Quod
1281 537 1331 594 si
1371 554 1795 611 supervacuum

141 634 327 701 esset,
358 644 476 686 non
505 627 615 684 hoc
647 627 731 684 eis
759 625 951 684 valere
999 630 1278 701 speraret.
1321 627 1570 684 Prosunt
1598 625 1794 700 igitur,

142 718 250 774 sed
282 717 401 774 illis
434 716 535 791 qui
557 716 843 790 indigent,
876 721 933 773 et
952 717 1052 789 qui
1085 716 1145 771 in
1165 716 1287 773 vita
1305 733 1414 773 sua
1433 719 1794 785 meruerunt,

141 812 215 863 ut
242 806 327 864 eis
359 806 700 879 hujusmodi
742 805 1020 879 prodesse
1069 803 1346 861 valerent.
1379 804 1798 861 Defunctorum

140 897 305 953 enim
335 896 449 952 tria
478 899 618 951 sunt
636 893 985 967 genera.Alii
1012 894 1169 951 enim
1187 897 1326 950 sunt
1345 893 1510 950 valde
1532 891 1799 965 boni,qui

142 989 283 1058 post
312 988 563 1041 mortem
595 983 797 1039 statim
846 983 921 1040 ad
970 970 1233 1056 requiem
1292 986 1620 1048 transeunt,
1652 985 1710 1037 et
1737 979 1800 1036 hi

144 1073 372 1131 nostris
402 1071 766 1130 orationibus
788 1088 894 1127 nec
919 1071 1216 1129 beneﬁciis
1237 1070 1646 1145 indigent,imo
1667 1085 1800 1126 vero

146 1179 261 1220 nos
292 1162 418 1219 suis
440 1163 669 1235 juvant.
699 1160 810 1217 Alii
841 1165 982 1217 sunt
1020 1159 1391 1218 medioeriter
1417 1160 1576 1227 boui,
1610 1159 1711 1232 qui
1737 1157 1800 1213 in

143 1270 288 1310 vera
316 1252 682 1309 confessione
709 1254 768 1307 et
798 1248 1139 1324 poenitentia
1193 1249 1631 1315 descendentes,
1662 1247 1803 1320 quia

148 1341 417 1399 nondum
449 1346 588 1396 sunt
616 1337 867 1412 perfecte
889 1338 1476 1412 purgati,purgantur
1502 1337 1562 1392 in
1593 1351 1802 1409 purga-

145 1430 320 1488 toriis
348 1427 531 1485 locis:
562 1433 621 1485 et
648 1426 722 1485 iis
750 1426 951 1500 procul
982 1426 1159 1483 dubio
1208 1425 1519 1492 orationes,
1552 1423 1800 1481 eleemo-

150 1536 312 1594 syria).
340 1520 398 1575 et
427 1515 713 1574 sacriﬁcia
741 1515 988 1590 prosint.
1023 1515 1243 1582 Quibus
1280 1518 1478 1571 tamen
1508 1530 1627 1569 non
1657 1512 1802 1585 ipsis

150 1607 404 1666 mortuis
434 1623 579 1664 nova
624 1604 834 1662 merita
880 1608 1313 1677 comparantur,
1348 1603 1451 1659 sed
1480 1601 1802 1675 praeceden-

144 1697 311 1754 tibus
341 1694 762 1768 consequentia
790 1694 906 1751 ista
953 1693 1297 1750 redduntur.
1345 1691 1457 1748 Alii
1498 1707 1633 1748 vero
1664 1693 1803 1747 sunt

146 1784 415 1843 damnati
444 1784 705 1851 omnino,
737 1783 838 1857 qui
868 1781 1205 1855 hujusmodi
1230 1780 1512 1837 beneficia
1540 1779 1652 1836 sibi
1674 1796 1803 1853 pro-

147 1875 324 1932 desse
352 1890 471 1929 non
503 1871 983 1929 meruerust.Nos
1011 1875 1231 1937 tamen,
1250 1868 1804 1942 fratres,quiaigno-

150 1979 356 2019 ramus
384 1961 485 2035 qui
516 1961 837 2035 indigeant,
885 1959 975 2016 vel
1034 1959 1133 2032 qui
1187 1975 1303 2015 non
1362 1957 1685 2031 indigeant,
1712 1955 1803 2012 vel

152 2050 371 2124 quibus
401 2049 649 2124 prosint,
697 2048 788 2104 vel
832 2064 950 2104 non
997 2047 1245 2121 prosint,
1278 2063 1383 2120 pro
1440 2046 1716 2103 omnibus
1747 2050 1805 2100 et

152 2141 374 2215 quibus
404 2138 608 2197 incerti
640 2155 870 2207 sumus,
903 2132 1805 2209 orationes,elcemosynas,obla-

150 2230 368 2297 tiones,
403 2228 590 2285 facere
646 2227 948 2283 debemus.
990 2227 1124 2292 Quae
1175 2224 1432 2298 profecto
1480 2240 1585 2296 pro
1640 2222 1805 2280 valde

154 2319 330 2375 bonis
352 2322 494 2373 sunt
512 2315 835 2390 gratiarum
859 2314 1138 2381 actiones,
1161 2330 1266 2386 pro
1291 2313 1684 2369 mediocribus
1714 2327 1806 2367 ex-

154 2407 467 2482 piationes,
498 2422 602 2479 pro
632 2404 893 2477 reprobis
924 2401 1362 2476 qualescunque
1390 2401 1653 2458 vivorum
1674 2417 1806 2458 con-

154 2494 632 2561 solationes.Sed,
666 2493 786 2549 sive
816 2491 1062 2565 prosint,
1096 2491 1215 2547 sive
1246 2507 1360 2546 non
1409 2490 1656 2562 prosint,
1687 2488 1806 2544 illis

154 2602 262 2658 pro
294 2584 506 2658 quibus
535 2583 704 2649 fiunt,
736 2585 932 2637 tamen
964 2579 1081 2635 illis
1129 2580 1230 2652 qui
1262 2579 1371 2634 hoc
1402 2596 1471 2634 ex
1501 2578 1808 2635 devotione

154 2673 398 2743 faciunt,
431 2673 709 2746 prodesse
740 2673 1005 2744 possunt.
1046 2669 1337 2742 Scriptum
1370 2672 1479 2735 est,
1504 2672 1597 2723 «et
1623 2666 1807 2723 oratio

156 2779 293 2821 mea
318 2763 378 2819 in
410 2762 545 2820 sinu
578 2777 707 2818 meo
736 2763 1106 2816 conxertetur
1136 2759 1523 2831 (Psal.xxx1v).
1551 2779 1579 2806 »
1609 2756 1679 2812 Et
1708 2755 1808 2829 qui

154 2870 264 2927 pro
294 2851 410 2909 alio
436 2855 583 2918 orat,
612 2866 716 2924 pro
774 2846 969 2922 seipse
1019 2847 1266 2903 laborat.
1314 2847 1479 2903 Sicut
1525 2850 1583 2902 et
1629 2845 1807 2901 etiam

155 2940 348 2998 honor
376 2937 690 3012 sepulturas
742 2940 801 2993 et
856 2935 1162 2992 ludificatio
1218 2935 1646 3010 sepulcrorum,
1678 2948 1806 3005 quin

1904 368 2038 434 post
2069 368 2338 420 mortem.
2372 364 2454 419 Ea
2482 366 2736 436 propter,
2761 361 2971 417 fratres
3001 359 3139 431 mei,
3171 361 3317 416 dum‘
3344 378 3550 434 possu-

1907 470 2042 510 mus
2071 453 2250 509 vitam
2273 455 2535 509 nostram
2564 451 2966 517 emendemus,
2987 448 3261 523 lacrymis
3286 449 3549 506 maculas

1907 545 2139 599 nostras
2180 540 2512 607 abluamus,
2546 537 2820 612 operibus
2858 537 3271 595 misericordia:
3310 535 3547 594 insista-

1908 631 2299 698 mus,animas
2329 630 2737 686 defunctorum
2769 627 3131 684 orationibus
3161 629 3219 683 et
3239 625 3552 699 eleemosy-

1907 719 2001 777 nis
2023 720 2389 792 adjuvemus,
2421 721 2711 791 quatenus
2742 715 2992 773 aliorum
3014 715 3305 773 orationes
3336 718 3394 771 et
3409 714 3553 771 elec-

1907 825 2184 882 mosynas
2207 807 2374 865 nobis
2388 810 2519 880 post
2530 809 2777 862 mortem
2798 805 3073 878 prodesse
3090 803 3555 871 mereamur,lar-

1907 898 2103 973 giente
2133 897 2380 954 Domino
2398 895 2640 952 nostroJ
2647 910 2749 950 esu
2781 893 3140 966 Christo,qui
3161 909 3294 949 cum
3316 895 3555 948 Patreet

1907 987 2125 1061 Spiritu
2157 989 2359 1042 sancto
2377 983 2516 1040 vivit
2545 986 2604 1040 et
2633 987 2840 1058 regnat
2886 983 3061 1050 Deus,
3093 998 3198 1055 per
3225 981 3424 1038 omnia
3452 997 3554 1037 sae-

1909 1077 2040 1135 cula
2069 1074 2435 1133 saeculorum.
2465 1074 2671 1130 Amen.

2640 1179 2828 1236 XLIV.

2242 1270 2301 1309 IN
2340 1268 2532 1308 EADEM
2562 1268 2752 1308 SERMO
2790 1268 2862 1307 DE
2899 1267 3233 1309 EVANGELIO.

1980 1345 2137 1401 Dixit
2161 1348 2322 1402 Iesus
2351 1343 2527 1398 turbis
2550 1340 2877 1399 Iudaeorum
2897 1339 3107 1411 :Amen,
3128 1355 3290 1395 amen
3315 1338 3436 1395 dico
3461 1353 3554 1396 vo-

1912 1434 2016 1505 bis,
2046 1433 2180 1505 quia
2208 1432 2355 1488 venit
2383 1431 2537 1496 hora,
2570 1437 2622 1486 et
2646 1444 2796 1485 nunc
2834 1435 2929 1500 est,
2977 1427 3192 1501 quando
3226 1428 3434 1505 mortui
3460 1442 3558 1483 au~

1910 1523 2062 1579 diem
2089 1537 2270 1578 vocem
2299 1520 2433 1576 Filii
2460 1521 2559 1576 Dei
2593 1520 2728 1587 vivi,
2778 1522 2833 1574 et
2889 1519 2988 1590 qui
3036 1517 3333 1574 audierunt
3376 1517 3558 1573 vivent

1914 1612 2090 1684 (Joan.
2123 1609 2202 1684 v),
2236 1612 2344 1665 etc.
2379 1608 2541 1664 Sicut
2571 1624 2640 1664 ex
2669 1607 2779 1664 hoc
2803 1610 2860 1663 et
2911 1604 3042 1661 aliis
3090 1621 3269 1663 sacra:
3299 1602 3558 1679 Scriptu-

1909 1717 1985 1756 ra:
2016 1698 2182 1767 locis,
2215 1696 2565 1771 colligimus,
2598 1696 2807 1752 fratres
2837 1695 2975 1763 mei,
3006 1698 3125 1751 tres
3177 1697 3318 1751 sunt
3338 1692 3466 1763 viae,
3499 1696 3560 1750 et

1909 1793 2028 1845 tres
2060 1791 2278 1843 mortes
2308 1803 2511 1842 earum
2542 1783 2955 1858 privatorize,et
2969 1783 3161 1857 prima
3178 1782 3418 1855 quidem
3437 1781 3557 1838 vita

1910 1881 2000 1934 est
2028 1874 2373 1950 spiritualis,
2406 1891 2524 1947 qua
2551 1873 2795 1947 spiritus
2839 1871 2966 1928 sine
3012 1872 3189 1928 homo
3217 1870 3379 1940 vivit,
3413 1869 3556 1927 dum

1901 1966 2067 2038 juste
2096 1968 2153 2020 et
2183 1962 2570 2037 spiritualiter
2594 1962 2755 2031 vivit,
2777 1978 2912 2018 eum
2943 1959 3166 2016 scilicet
3184 1974 3288 2032 per
3305 1958 3555 2032 gratiam

1908 2071 2128 2120 veram,
2161 2053 2364 2119 vitam,
2399 2069 2527 2124 qua
2558 2050 2713 2106 Deus
2743 2054 2852 2119 est,
2884 2049 3060 2105 habet
3106 2048 3165 2105 in
3195 2063 3258 2105 se
3288 2047 3558 2104 habitan-

1911 2149 2051 2200 tem.
2084 2142 2229 2199 Huic
2256 2142 2384 2198 vitsa
2415 2144 2504 2198 est
2532 2140 2799 2214 opposita
2839 2155 3000 2195 mors
3058 2136 3404 2212 spiritualis,
3439 2152 3558 2209 qua

1912 2233 2177 2306 spiritus,
2202 2231 2321 2287 sive
2344 2230 2518 2286 homo
2540 2228 2957 2296 moritur,dum
2980 2227 3348 2300 peccat,dum
3373 2231 3556 2282 Deum

1912 2339 1947 2377 a
1976 2338 2039 2378 se
2069 2320 2342 2387 excludit,
2375 2323 2433 2375 et
2461 2317 2760 2374 diabolum
2791 2317 3179 2373 habitatorem
3210 2313 3559 2388 recipit.Sic-

1912 2416 1979 2467 ut
2007 2410 2165 2467 enim
2188 2410 2351 2486 .Deus
2383 2407 2766 2463 inhabitando
2797 2423 2900 2479 per
2937 2406 3185 2480 gratiam
3218 2420 3386 2460 suam
3416 2402 3557 2459 vivi-

1915 2502 2050 2556 ﬁcat
2078 2499 2359 2564 animam,
2394 2498 2475 2552 ita
2512 2494 2782 2551 diabolus
2832 2512 2936 2568 per
2993 2498 3298 2569 peccatum
3329 2490 3559 2548 inhabi-

1914 2590 2090 2645 tando
2117 2586 2328 2644 occidit
2357 2603 2507 2641 eam.
2539 2584 2666 2640 Non
2697 2584 2835 2656 quia
2866 2583 3015 2640 mori
3046 2581 3254 2656 possit,
3287 2581 3391 2636 sed
3423 2580 3564 2652 quia

1916 2677 2127 2734 melius
2152 2680 2308 2731 esset
2336 2679 2394 2731 et
2423 2674 2663 2731 omnino
2714 2689 2829 2729 non
2885 2688 3034 2741 esse,
3067 2687 3245 2745 quam
3288 2669 3416 2726 sine
3445 2668 3562 2725 Deo

1916 2783 2064 2823 esse.
2099 2764 2366 2821 Secunda
2393 2778 2528 2819 vero
2555 2761 2674 2818 vita
2703 2766 2793 2818 est
2808 2759 3271 2834 corporalis,qua
3286 2748 3558 2827 vivimus,

1915 2856 2059 2912 dum
2088 2870 2299 2927 corpus
2319 2856 2589 2909 nostrum
2612 2850 2810 2907 anima
2828 2846 3296 2922 vegetatur.Huic
3316 2851 3408 2903 est
3428 2861 3562 2903 con-

1915 2944 2096 3000 traria
2123 2960 2282 3000 mors
2312 2938 2653 3014 corporalis,
2675 2956 2792 3012 qua
2821 2936 3108 2994 morimur
3134 2936 3277 2993 dum
3307 2934 3507 2992 anima
3524 2951 3559 2991 a

160 3027 413 3087 Πιονῐυίε
442 3026 591 3084 nihil
622 3029 889 3101 Prosunt,
920 3024 1066 3081 νίνίε
1115 3028 1313 3081 tamen
1356 3021 1699 3096 huiusmOdi
1727 3020 1807 3078 Γᾶ·
1835 3020 1877 3087 C
1915 3050 2154 3107 corpore
2184 3035 2384 3088 nostro
2405 3027 2933 3102 separatur.Tertia
2961 3029 3156 3083 autem
3187 3023 3308 3080 vita
3334 3027 3425 3081 est
3442 3023 3561 3080 vita

163 3117 459 3175 cientibus
484 3115 611 3174 sine
660 3116 853 3177 fructu
909 3130 1025 3171 non
1057 3117 1214 3170 sunt.
1276 3113 1439 3170 Unde
1488 3111 1724 3179 Tobias,
1755 3114 1814 3165 et

162 3207 409 3282 quidam
436 3205 555 3277 alii,
589 3204 776 3261 sancti
804 3203 1311 3261 eommendantur.
1344 3202 1672 3274 Propterea,
1696 3198 1810 3254 fra-

162 3302 285 3354 tres
318 3296 455 3364 mei,
486 3295 558 3352 de
590 3292 883 3351 defunctis
925 3292 1170 3361 nostris,
1199 3290 1420 3347 scilicet
1450 3288 1810 3364 parentibus,

166 3384 395 3451 amicis,
428 3382 920 3452 benefactoribus,
951 3386 1009 3438 et
1037 3380 1261 3437 caeteris
1300 3394 1589 3437 memores
1620 3381 1678 3435 et
1697 3376 1811 3434 sol-

162 3472 314 3531 liciti
344 3472 555 3540 simus,
571 3488 675 3545 pro
704 3469 823 3527 illis
843 3468 1562 3542 orationes,eleemosynas
1583 3470 1641 3523 et
1659 3465 1814 3523 obla-

162 3561 356 3620 tiones
386 3561 845 3634 frequentemus.
880 3559 1077 3616 Refert
1118 3558 1410 3631 siquidem
1453 3558 1659 3613 beatus
1680 3555 1815 3612 Gre-

164 3650 368 3725 gorius
394 3650 456 3706 in
488 3648 718 3723 dialogo
764 3665 890 3705 suo.
941 3648 1104 3714 Quod
1154 3645 1502 3703 Paschasius
1540 3646 1813 3701 Romanae

165 3740 325 3798 sedis
355 3739 658 3808 diaconus,
688 3737 777 3795 vir
805 3739 917 3794 fuit
945 3735 1461 3810 eleemosynarius,
1490 3750 1814 3808 pauperum

165 3832 404 3886 curator
424 3831 483 3885 et
511 3826 603 3884 sui
634 3825 1197 3900 contemptor,eujus
1216 3824 1395 3881 etiam
1424 3823 1559 3879 libri
1586 3826 1818 3879 exstant

166 3920 240 3976 de
271 3917 492 3991 Spiritu
519 3921 721 3974 sancto
750 3915 1052 3973 luculenti.
1074 3915 1178 3971 Hic
1205 3914 1265 3969 in
1295 3913 1397 3970 illa
1423 3913 1813 3981 contentione,

168 4024 299 4082 quis
330 4008 481 4064 inter
509 4005 888 4064 Laurentium
936 4009 994 4062 et
1039 4003 1358 4061 Sinachum
1404 4002 1532 4075 fuit,
1566 4002 1817 4058 Lauren-

166 4097 317 4153 tium
347 4095 616 4170 elegit.Et
636 4094 1127 4168 tamen,quamvis
1149 4092 1247 4149 ille
1275 4092 1540 4149 omnium
1560 4090 1817 4164 generali

168 4185 451 4243 electione
502 4188 813 4258 superatus
857 4186 1032 4252 esset,
1065 4199 1101 4239 a
1158 4181 1469 4239 Laurentio
1513 4196 1817 4252 nunquam

169 4273 466 4344 discessit,
499 4275 603 4331 sed
634 4289 824 4347 usque
853 4273 928 4329 ad
984 4275 1233 4329 mortem
1282 4270 1335 4327 ei
1362 4269 1521 4326 favit.
1554 4268 1816 4324 Tandem

1920 3127 2134 3179 aeterna
2162 3125 2219 3178 et
2247 3121 2435 3188 beata,
2468 3135 2597 3191 quae
2640 3133 2773 3174 vere
2816 3115 2937 3172 vita
2991 3114 3226 3184 dicitur,
3277 3111 3558 3186 quoniam

1921 3210 2079 3269 omni
2111 3209 2499 3283 corruptione,
2524 3206 2683 3263 omni
2732 3205 2980 3273 defectu,
3013 3201 3174 3261 omni
3202 3199 3443 3259 tristitia
3471 3216 3564 3257 ca-

1920 3318 2075 3368 rens,
2106 3298 2371 3357 omnium
2400 3297 2687 3354 bonorum
2707 3298 2767 3351 et
2795 3292 3144 3367 gaudiorum
3175 3288 3448 3348 felicitate
3467 3305 3564 3345 cu-

1920 3386 2414 3446 mulabitur.Huic
2441 3389 2531 3443 est
2543 3382 2811 3458 opposita
2832 3399 2992 3439 mors
3013 3385 3228 3439 aeterna
3248 3384 3307 3437 et
3325 3378 3560 3435 misera.

1922 3481 2056 3547 Quae
2086 3493 2218 3534 vero
2250 3493 2408 3533 mors
2438 3475 2674 3541 dicitur,
2708 3489 2825 3530 non
2854 3472 3011 3545 quod
3030 3470 3307 3545 reprobos
3337 3466 3566 3525 annihi-

1921 3567 2022 3636 let,
2050 3566 2141 3624 vel
2173 3564 2441 3631 resolvat,
2475 3564 2576 3621 sed
2609 3563 2747 3636 quia
2793 3560 3004 3617 melius
3052 3562 3209 3617 esset
3235 3558 3321 3615 eis
3350 3548 3567 3613 millies

1922 3657 2071 3713 mori
2102 3671 2280 3729 quam
2308 3654 2369 3710 in
2389 3657 2604 3709 aeterna
2632 3652 2822 3708 vivere
2852 3648 3092 3707 miseria
3118 3652 3177 3705 et
3203 3663 3397 3721 paena:
3408 3645 3570 3702 Sicut

1914 3745 2064 3819 justi
2095 3762 2165 3801 ex
2193 3740 2484 3818 spirituali
2502 3741 2619 3798 vita
2641 3738 3116 3814 percorporalem
3141 3735 3351 3794 merito
3371 3749 3571 3809 prove-

1922 3835 2098 3891 niunt
2127 3833 2200 3889 ad
2231 3836 2527 3899 aeternam,
2558 3831 2640 3886 ita
2667 3829 2897 3903 reprobi
2943 3845 3015 3885 ex
3038 3830 3225 3883 morte
3253 3822 3568 3899 spirituali,

1923 3940 2029 3997 per
2048 3920 2407 3994 corporalem
2431 3919 2640 3976 merito
2665 3918 3012 3991 perveniunt
3031 3916 3104 3971 ad
3125 3918 3423 3971 sternam.
3442 3911 3570 3968 Non

1925 4011 2079 4069 sicut
2106 4015 2225 4067 tres
2254 4010 2383 4066 vitae
2413 4026 2482 4065 ex
2512 4008 2628 4065 Deo
2649 4011 2791 4064 sunt
2819 4003 3159 4075 auctore,ita
3187 4007 3307 4060 tres
3330 4004 3569 4058 mortes.

1926 4102 2083 4159 Mors
2113 4100 2271 4156 enim
2302 4096 2650 4172 spiritualis,
2677 4096 2737 4152 id
2776 4100 2865 4152 est
2919 4097 3243 4168 peccatum,
3276 4108 3392 4148 non
3422 4094 3513 4148 est
3538 4107 3576 4148 a

1925 4189 2065 4256 Deo,
2098 4187 2200 4245 sed
2230 4186 2426 4261 potius
2458 4204 2492 4243 a
2540 4184 2793 4252 diabolo,
2841 4182 2931 4240 vel
2986 4183 3060 4240 ab
3115 4180 3375 4238 homine.
3409 4176 3574 4236 Unde

1926 4278 2212 4351 scriptum
2245 4280 2372 4333 est:
2406 4298 2435 4326 «
2470 4275 2624 4331 Deus
2656 4276 2904 4329 mortem
2935 4287 3052 4328 non
3083 4271 3220 4327 fecit
3264 4269 3415 4343 (Sap.
3449 4272 3512 4340 ι),
3546 4290 3575 4318 ››

168 4362 428 4455 moriens
458 4380 592 4419 cum
624 4362 685 4418 in
708 4362 918 4418 feretro
948 4360 1173 4455 positus
1203 4355 1815 4455 essetejusﬁalmati-
1850 4390 1897 4455 ι)
1928 4367 2032 4423 sed
2061 4365 2333 4422 homines
2363 4363 2639 4420 manibus
2667 4364 2725 4418 et
2753 4360 3002 4434 pedibus
3044 4362 3418 4415 accerserunt
3463 4355 3578 4413 sibi

169 4468 300 4508 cam
330 4452 725 4509 daemoniacus
754 4455 1024 4524 tangens,
1055 4448 1337 4505 liberatus
1369 4451 1477 4503 est.
1510 4446 1655 4503 Cum
1685 4446 1821 4503 Ger-

169 4540 385 4597 nianus
417 4546 727 4615 Capuanus
768 4540 1097 4613 episcopus,
1130 4554 1308 4594 causa
1336 4535 1548 4593 valoris
1589 4551 1822 4609 recupe-

168 4630 387 4698 randae,
420 4631 481 4686 in
513 4629 827 4704 angulanis
856 4626 1102 4685 thermis
1155 4643 1218 4682 se
1266 4626 1488 4682 levaret
1514 4625 1821 4698 praefatum

169 4717 554 4776 Paschasium
583 4720 1006 4792 obsequentem
1027 4716 1089 4773 in
1111 4714 1403 4774 caloribus
1434 4714 1823 4771 invenit.Cum

166 4824 306 4865 vero
332 4809 556 4865 mirans
589 4810 875 4881 quaereret
904 4806 1044 4880 quid
1086 4809 1289 4862 tantus
1318 4805 1405 4861 vir
1450 4803 1529 4860 ibi
1586 4804 1821 4871 faceret,

171 4895 401 4952 audivit
430 4896 503 4952 ab
529 4912 596 4953 eo
627 4895 786 4969 quod
817 4894 878 4951 in
899 4893 1001 4951 illo
1021 4891 1148 4957 loco
1174 4892 1386 4967 pamali
1406 4891 1634 4966 positus
1646 4896 1821 4961 esset,

172 4985 335 5059 quod
366 4988 571 5042 contra
597 4984 943 5042 Simachum
996 4983 1379 5041 Laurentium
1427 4979 1827 5049 sustinuisset,

169 5074 306 5145 Sed,
340 5097 368 5125 ‹‹
404 5092 624 5149 quaeso,
658 5090 761 5133 ora
789 5090 894 5149 pro
917 5074 1107 5131 me.Et
1133 5077 1271 5128 tunc
1296 5088 1389 5127 me
1408 5070 1669 5145 requiem
1697 5088 1829 5128 con-

171 5168 446 5222 secutum
478 5163 790 5235 noveris,si
819 5163 934 5221 huc
965 5163 1196 5221 rediens
1219 5176 1312 5217 me
1343 5177 1458 5217 non
1481 5160 1829 5217 inveneris.»

171 5254 342 5323 Quod
372 5257 431 5310 et
461 5254 681 5312 factum
715 5258 822 5312 est.
855 5253 1005 5311 Nam
1054 5252 1263 5309 beatus
1293 5250 1620 5307 Germanus
1641 5265 1747 5323 pro
1762 5265 1830 5306 eo

171 5351 427 5410 Domino
458 5352 831 5427 supplicavit,
863 5355 922 5410 et
961 5350 1194 5409 rediens
1254 5366 1371 5406 non
1428 5365 1563 5405 eum
1613 5348 1835 5405 invenit

145 5439 343 5511 .Unde
374 5441 789 5522 cognoscimus
815 5440 973 5520 quod
1021 5439 1299 5521 praefatus
1340 5436 1691 5498 Paschasius
1716 5454 1834 5501 me-

1930 4459 2200 4513 mortem.
2241 4475 2268 4507 (ι
2295 4452 2518 4509 Invidia
2549 4450 2766 4508 diaboli
2796 4447 3057 4506 introivit
3104 4462 3264 4503 mors
3294 4446 3354 4501 in
3375 4444 3577 4502 orbem

1928 4552 2219 4602 terrarum
2252 4543 2401 4616 (Sap.
2434 4544 2519 4611 ιι).
2551 4540 2900 4597 »Ιωὶιαιιωιι
2923 4540 3120 4594 autem
3149 4551 3285 4591 eum
3316 4533 3417 4608 qui
3437 4536 3580 4589 sunt

1931 4653 2001 4693 ex
2021 4639 2186 4708 parte
2215 4634 2363 4707 ejus.
2398 4631 2555 4688 Mors
2579 4645 2715 4687 vero
2745 4625 3064 4702 corporalis
3094 4628 3152 4681 et
3170 4627 3388 4680 aeterna
3405 4639 3441 4679 a
3460 4621 3578 4678 Deo

1932 4728 2165 4781 auctore
2195 4727 2356 4790 sunt,
2387 4719 2666 4793 quoniam
2715 4720 2857 4775 sunt
2903 4733 3085 4791 poena
3135 4715 3296 4788 justo
3342 4714 3583 4785 propter

1932 4816 2235 4887 peccatum
2262 4810 2519 4876 inﬂictae,
2549 4808 2706 4865 unde
2734 4804 3020 4863 Dominus
3044 4820 3060 4874 ;
3088 4825 3117 4856 «
3147 4803 3267 4877 Ego
3295 4799 3579 4868 occidam,

1934 4907 1991 4959 et
2018 4917 2124 4975 ego
2170 4901 2359 4957 vivere
2414 4896 2646 4964 faciam,
2708 4893 3057 4968 percutiam,
3088 4895 3146 4949 et
3201 4906 3307 4965 ego
3337 4888 3580 4947 sanabo.

1934 4993 2112 5063 (Deut.
2144 4990 2341 5063 xxxn).
2377 5010 2406 5039 ››

2008 5084 2152 5137 Cum
2184 5080 2363 5153 igitur
2391 5076 2513 5134 sint
2540 5080 2659 5133 tres
2680 5077 2921 5141 mortes,
2952 5089 2987 5129 a
3023 5070 3216 5146 prima
3243 5074 3301 5127 et
3329 5067 3589 5127 secunda

1939 5185 2241 5243 resurgere
2271 5168 2447 5225 homo
2473 5168 2688 5239 potest,
2721 5181 2755 5221 a
2802 5163 2995 5233 tertia,
3022 5176 3139 5218 non
3188 5162 3398 5233 potest.
3427 5156 3593 5214 Sicut

1940 5259 2099 5316 enim
2129 5257 2248 5313 vita
2276 5259 2636 5313 aeterna-non
2669 5255 2864 5326 potest
2891 5251 3098 5309 cadere
3124 5248 3186 5305 in
3215 5251 3489 5313 mortem,
3510 5244 3595 5301 ita

1940 5366 2047 5408 nec
2076 5362 2235 5403 msrs
2256 5348 2472 5401 aeterna
2496 5344 2689 5415 potest
2708 5355 3018 5415 resurgere
3038 5337 3112 5397 ad
3130 5337 3385 5395 vitam.A
3404 5335 3596 5390 morte

1941 5439 2100 5505 enim
2130 5430 2426 5517 spirituali
2443 5430 2584 5494 facit
2598 5447 2706 5492 nos
2716 5434 3055 5510 peccatores
3066 5444 3170 5507 per
3192 5420 3599 5508 paenitentiam

3536 5540 3563 5557 wh
