4002 6078
485 443 637 518 1491

1763 444 2165 509 RADULPHI
2207 443 2628 507 ARDENTIS.

3757 442 3789 502 1
3801 439 3922 505 492

487 577 738 639 civitatis
767 577 899 648 Dei;
934 577 1210 646 secundo,
1241 578 1397 652 quod
1428 577 1620 651 majus
1652 582 1760 650 est,
1793 595 1920 636 esse
1951 579 2125 636 etiam
2161 580 2206 649 Α
2242 601 2271 628 ‹‹
2306 578 2730 646 Fundamenta,
2781 576 2996 650 inquit,
3047 576 3175 648 ejus
3214 574 3274 631 in
3325 573 3629 632 montibus
3680 575 3916 632 sanctis

489 669 713 742 lapides
742 669 1007 740 ejusdem
1037 667 1286 723 civitatis
1309 684 1412 741 per
1432 668 1874 724 aediﬁcationem
1896 668 2133 737 Christi;

489 758 678 825 tertio,
708 758 862 830 quod
882 757 1202 812 maximum
1221 762 1329 824 est,
1350 773 1478 812 esse
1497 757 1674 813 etiam
1697 757 1986 830 templum
2011 757 2134 813 Dei.

493 847 686 904 Primo
717 847 898 918 igitur
925 846 1180 924 ostendit
1209 863 1316 902 nos
1362 863 1489 902 esse
1519 847 1673 902 cives
1719 846 1968 902 civitatis
2012 847 2136 915 Dei,

497 953 632 992 cum
664 935 905 990 dicitur:
935 937 1058 992 lam
1087 951 1196 991 non
1225 937 1351 990 estis
1381 937 1612 1007 hospites
1634 945 1684 992 et
1707 937 1942 1002 aduente,
1967 938 2138 993 Porro

496 1024 756 1096 hospites
767 1023 1316 1090 dicuntur,breviter
1328 1026 1892 1091 manentes,advenre
1906 1026 2141 1082 aliunde

496 1112 814 1170 venientes.
849 1112 1118 1186 Hospites
1149 1130 1281 1168 vero
1313 1113 1372 1169 in
1405 1114 1633 1170 civitate
1665 1115 1764 1169 Dei
1799 1120 1956 1184 sunt,
2008 1115 2140 1172 falsi

500 1202 838 1270 Christiani,
869 1202 969 1274 qui
1000 1201 1061 1257 in
1094 1201 1347 1257 Ecclesia
1376 1202 1489 1258 ista
1520 1202 1809 1260 militante
1843 1209 1999 1270 sunt,
2033 1223 2140 1260 nu-

489 1308 680 1360 mero,
715 1307 831 1348 non
863 1290 1092 1359 merito,
1128 1291 1384 1359 nomine,
1419 1309 1533 1346 non
1567 1293 1830 1361 numine,
1861 1298 2142 1366 tanquam

501 1381 740 1436 tandem
761 1379 998 1436 inutiles
1011 1379 1207 1452 paleae,
1227 1380 1547 1442 ventilandi
1572 1386 1628 1437 et
1649 1383 2052 1438 comburendi.
2075 1388 2148 1438 At

501 1486 624 1536 vos,
649 1470 856 1525 fratres
889 1468 1024 1534 mei,
1059 1468 1109 1524 si
1142 1468 1198 1522 in
1224 1468 1336 1524 fide
1364 1474 1420 1524 et
1449 1470 1729 1526 charitate
1751 1471 1851 1526 Dei
1880 1488 2142 1544 perseve-

505 1557 668 1626 retis,
703 1558 963 1631 hospites
995 1575 1109 1613 non
1141 1558 1300 1616 estis.
1339 1559 1565 1616 Rursus
1587 1561 1816 1615 advenae
1849 1578 1964 1616 non
1983 1562 2146 1626 estis,

507 1647 784 1720 quoniam
816 1648 875 1702 in
925 1646 1025 1703 illa
1055 1645 1271 1703 caelesti
1320 1648 1572 1720 civitate,
1603 1648 1664 1703 in
1705 1667 1822 1722 qua
1852 1651 1910 1704 in
1960 1650 2148 1722 primo

507 1736 747 1792 homine
777 1736 950 1792 creati
982 1737 1144 1806 estis,
1178 1736 1463 1794 desiderio
1494 1742 1551 1793 et
1578 1756 1698 1811 spe,
1730 1740 1855 1809 jam
1878 1740 2146 1795 manetis.

507 1825 614 1884 Sed
642 1827 771 1882 estis
787 1827 957 1889 nives,
1005 1825 1061 1880 id
1095 1830 1186 1882 est
1235 1826 1501 1882 concives
1547 1836 1865 1884 sanctorum
1893 1837 1943 1884 et
1969 1830 2150 1884 dome-

509 1917 638 1971 stici
668 1917 790 1971 Dei.
825 1915 998 1971 Porro
1021 1913 1133 1970 tria
1162 1915 1385 1970 faciunt
1405 1917 1701 1972 concivem
1725 1918 1991 1989 ejusdem
2025 1917 2154 1973 civi-

510 2004 672 2073 tatis,
689 2003 1060 2068 cohabitatio,
1077 2005 1416 2060 earumdem
1433 2005 1628 2079 legum
1643 2010 1699 2062 et
1715 2023 1945 2062 morum
1965 2008 2158 2062 obser-

515 2093 692 2160 vatio,
726 2093 992 2165 ejusdem
1023 2093 1457 2149 communionis
1478 2098 1534 2149 et
1551 2093 1882 2166 reipublicae
1901 2095 2154 2152 dilectio.

517 2183 619 2238 Est
647 2185 868 2248 autem,
892 2182 1102 2238 fratres
1121 2183 1256 2250 mei,
1273 2182 1478 2238 civitas
1501 2188 1702 2240 nostra
1718 2183 1816 2239 illa
1830 2184 2157 2240 Jerusalem

515 2269 767 2328 caelestis
797 2275 850 2326 et
883 2271 1072 2338 beata,
1103 2272 1272 2343 cujus
1301 2271 1453 2327 cives
1481 2289 1684 2328 omnes
1711 2273 1864 2329 beati
1897 2277 2036 2329 sunt
2060 2274 2159 2346 qui

510 2361 639 2432 jam
669 2363 828 2416 sunt.
861 2359 1042 2431 Cujus
1073 2377 1304 2433 quoque
1336 2378 1441 2416 nos
1473 2361 1646 2429 cives,
1684 2363 1800 2418 Deo
1851 2363 2156 2436 largiente,

483 2507 486 2510 ,
515 2448 698 2505 futuri
731 2465 960 2516 sumus,
990 2453 1047 2504 et
1067 2449 1381 2522 etiamjam
1401 2450 1458 2505 in
1477 2454 1639 2522 parte
1659 2469 1886 2518 sumus,
1911 2451 1960 2508 si
1984 2452 2040 2506 in
2061 2453 2160 2508 illa

516 2537 686 2594 beata
716 2537 944 2593 civitate
975 2555 1077 2611 spe
1109 2542 1166 2594 et
1193 2538 1480 2595 desiderio
1505 2540 1862 2609 habitamus,
1887 2541 1937 2598 si
1969 2559 2160 2598 mores

519 2625 746 2700 etleges
765 2631 1100 2683 sanctorum
1118 2628 1517 2696 observamus,
1543 2629 1590 2685 si
1610 2631 2085 2686 communionem
2106 2636 2163 2687 et

522 2715 944 2788 rempublicam
959 2721 1294 2773 sanctorum
1309 2721 1429 2773 toto
1448 2719 1652 2774 ardore
1668 2719 1990 2792 diligimus,
2017 2721 2164 2776 desi-

523 2806 797 2862 deramus
827 2809 886 2862 et
900 2805 1238 2878 quaerimus,
1260 2806 1308 2862 si
1328 2824 1430 2879 pro
1442 2824 1508 2862 ea
1524 2807 1880 2875 laboramus,
1897 2815 1955 2865 et
1976 2826 2162 2882 usque

523 2895 594 2951 ad
636 2899 882 2951 mortem
933 2895 1325 2951 decertamus.
1377 2898 1442 2950 At
1471 2897 1571 2968 qui
1604 2896 1664 2952 in
1696 2899 1914 2953 mundo
1965 2915 2162 2954 amore

521 2983 809 3052 habitant,
826 2983 924 3056 qui
940 2983 1096 3056 leges
1111 2989 1169 3039 et
1183 3001 1372 3040 mores
1392 2986 1824 3042 mundanorum
1841 2992 2160 3055 sectantur,

521 3073 1108 3147 quicommunionem
1128 3073 1508 3129 fraternitatis
1526 3075 1818 3144 scindunt,
1841 3080 1896 3131 et
1908 3093 2011 3149 pro
2023 3081 2166 3131 tem-

518 3161 816 3235 poralibus
849 3162 1303 3236 proprietatibus
1333 3161 1564 3235 litigant
1578 3167 1635 3218 et
1655 3171 1939 3237 pugnant,
1973 3165 2164 3220 abilla

469 3263 477 3325 χ
517 3253 686 3308 beata
717 3250 947 3307 civitate
979 3269 1220 3324 prorsus
1269 3250 1501 3307 exsules
1544 3257 1736 3307 erunt.
1773 3255 1897 3309 Duo
1930 3272 2161 3326 quoque

2242 669 2416 734 (Psal.
2474 668 2714 738 Lxxxvx),
2753 666 2866 722 »ἱιί
2917 670 3004 723 est
3042 666 3102 721 in
3152 665 3432 738 apostolis
3485 665 3551 720 Hi
3587 665 3662 720 ad
3723 665 3919 721 instas

2246 757 2535 811 montium
2569 755 2740 828 primi
2773 756 2967 812 radios
2989 755 3121 810 fidei
3139 758 3544 826 susceperunt,
3565 771 3760 827 super
3773 771 3917 826 quo-

2247 863 2378 900 rum
2411 846 2860 901 fundamentum
2893 844 3158 900 aedificati
3182 845 3603 915 sumus,juxta
3625 845 3799 916 quod
3827 844 3918 900 Pe-

2247 939 2374 989 trus
2405 935 2512 990 ait:
2549 958 2576 983 ‹‹
2599 935 2682 989 Ad
2719 951 2893 1007 quem
2924 935 3282 1001 accedentes,
3318 932 3574 1004 lapidem
3602 933 3818 988 vivum
3851 934 3915 988 ad

2248 1023 2588 1079 hominibus
2622 1024 2859 1095 quidem
2884 1023 3278 1094 reprobatum,
3308 1039 3342 1076 a
3366 1022 3482 1076 Deo
3495 1039 3631 1078 vero
3655 1021 3916 1078 electum

2250 1117 2306 1168 et
2327 1113 2438 1184 ipsi
2461 1117 2742 1184 tanquam
2774 1111 2997 1184 lapides
3017 1111 3126 1166 vivi
3150 1111 3710 1183 supersedificamini
3737 1111 3801 1166 in
3829 1113 3921 1167 dc-

2253 1219 2380 1256 mos
2411 1201 2746 1273 spirituales
2773 1203 2820 1270 (I
2847 1204 2994 1256 Petr.
3020 1204 3103 1269 ιι).
3141 1224 3169 1250 ››
3200 1205 3377 1256 Porro
3399 1199 3551 1272 lapis
3578 1199 3686 1272 qui
3727 1200 3791 1255 in
3817 1201 3920 1255 redi

2253 1291 2382 1346 ﬁcio
2412 1295 2501 1346 est
2531 1291 2928 1356 collocandus,
2963 1289 3127 1361 prius
3158 1290 3228 1346 de
3259 1289 3536 1362 lapicidio
3582 1289 3830 1346 malleis
3861 1306 3918 1344 se

2254 1383 2607 1451 questratur.
2636 1378 2852 1434 Deinde
2885 1377 3078 1434 omnis
3106 1378 3439 1450 impostura
3459 1383 3514 1434 et
3545 1382 3790 1434 tortura
3815 1378 3924 1433 fer-

2255 1467 2536 1523 ramentis
2567 1468 2640 1522 ab
2671 1485 2736 1524 eo
2771 1472 3086 1535 resecatur,
3128 1467 3338 1523 deinde
3373 1468 3446 1522 ad
3489 1467 3768 1540 regulam
3812 1485 3928 1540 qua

2257 1557 2480 1623 dratur,
2512 1557 2582 1611 ad
2618 1556 2896 1612 ultimum
2927 1573 3062 1611 eum
3095 1560 3374 1612 caemento
3399 1556 3456 1611 in
3471 1557 3728 1612 aedificio
3743 1557 3924 1612 collo-

2257 1649 2440 1700 catur.
2477 1645 2570 1700 Sic
2601 1644 3010 1718 unusquisque
3040 1649 3330 1712 nostrum,
3365 1645 3573 1701 fratres
3596 1646 3743 1714 mei,
3781 1646 3922 1701 utin

2260 1733 2500 1789 mdificio
2533 1733 3044 1790 coelestiscivitatis
3058 1733 3358 1790 valeamus
3373 1733 3668 1803 collocari,
3697 1735 3926 1807 primo?

2262 1841 2458 1879 massa
2472 1823 2814 1896 perditionis
2828 1823 3053 1880 malleis
3065 1824 3814 1898 comminationem,gratia
3827 1825 3925 1881 Dei

2262 1919 2552 1984 operante,
2571 1919 3030 1986 sequestramur.
3047 1914 3223 1980 Quasi
3236 1913 3390 1969 enim
3406 1914 3649 1986 quidam
3664 1913 3926 1970 malleus

2270 2005 2376 2070 est,
2413 2018 2546 2057 cum
2580 2003 2796 2058 dicitur
2823 2003 3024 2060 nobis:
3059 2025 3086 2052 «
3121 2003 3286 2076 Agite
3317 2002 3754 2076 paenitentiam,
3788 2003 3926 2076 quia

2268 2089 2489 2146 securis
2520 2093 2589 2146 ad
2623 2091 2876 2147 radicem
2929 2090 3153 2147 arboris
3185 2091 3372 2165 posita
3419 2097 3510 2147 cst
3547 2092 3782 2163 (Matth.
3831 2110 3916 2160 In;

2271 2184 2398 2235 Luc.
2435 2184 2537 2248 ιιι).
2575 2203 2602 2229 ››
2636 2181 2872 2249 Deinde,
2907 2198 3010 2253 per
3039 2180 3411 2252 disciplinam
3443 2181 3758 2236 doctorum
3800 2199 3915 2236 om-

2269 2268 2363 2324 nis
2393 2272 2546 2323 tortu
2557 2287 2618 2324 ra
2639 2273 2695 2324 et
2720 2269 2796 2323 im
2806 2274 3045 2341 postura
3056 2269 3330 2324 vitiorum
3364 2285 3398 2324 a
3415 2269 3583 2324 nobis
3597 2276 3912 2326 resecatur.

2270 2356 2483 2425 Tertio,
2504 2358 2574 2412 ad
2603 2357 2864 2430 regulam
2880 2357 3210 2412 divinorum
3225 2362 3644 2430 praeceptorum
3669 2361 3920 2431 quadra-

2271 2461 2422 2512 mur,
2459 2450 2522 2500 ut
2550 2446 2771 2501 scilicet
2800 2445 2968 2502 solidi
2994 2445 3181 2502 simus
3200 2450 3258 2502 et
3286 2447 3543 2514 firmi,ut
3573 2446 3916 2503 scilicetnec

2271 2549 2373 2605 per
2402 2536 2847 2607 prosperitatem
2881 2553 2914 2590 a
2944 2536 3182 2602 dextris,
3218 2552 3322 2591 nec
3338 2553 3440 2608 per
3456 2537 3916 2592 adversitatema

2271 2623 2549 2690 sinistris,
2584 2641 2686 2679 nec
2712 2641 2812 2696 per
2833 2629 3093 2696 apertam
3121 2624 3501 2680 tentationem
3525 2631 3681 2691 ante,
3707 2642 3817 2680 nec
3837 2641 3916 2680 rc-

2269 2716 2358 2767 tro
2392 2729 2494 2784 per
2523 2712 2833 2779 occultam,
2884 2712 3246 2784 dejiciamur,
3281 2730 3385 2769 nec
3425 2731 3528 2786 per
3572 2714 3917 2786 superbiam

2271 2819 2530 2868 sursum,
2567 2819 2670 2858 nec
2700 2819 2802 2874 per
2830 2801 3299 2874 desperationem
3329 2803 3604 2858 deorsum
3647 2820 3920 2859 commo-

2270 2907 2527 2946 veamur.
2562 2892 2671 2946 Sed
2705 2895 2762 2947 et
2789 2895 3136 2947 caementum
3179 2891 3478 2948 charitatis
3516 2893 3920 2948 necessarium

2271 2984 2361 3035 est
2389 2980 2578 3046 nobis,
2612 2980 2738 3036 sine
2770 2997 2883 3052 quo
2917 2998 3020 3036 nec
3051 2981 3187 3046 Deo,
3212 2997 3318 3036 nec
3342 2981 3601 3053 proximo
3625 2981 3922 3054 compagi-

2269 3069 2421 3136 nari,
2457 3085 2559 3125 nec
2589 3068 2648 3124 in
2681 3069 2899 3126 coalesti
2931 3069 3173 3125 aedificio
3195 3069 3455 3124 valemus
3476 3069 3773 3125 collocari.
3798 3075 3920 3126 Hac

2272 3158 2428 3214 enim
2460 3176 2575 3214 non
2608 3158 2826 3225 habita,
2863 3159 3078 3213 frustra
3107 3158 3398 3214 habentur
3426 3162 3650 3213 caetera.
3677 3159 3798 3214 Hoc
3826 3177 3924 3214 au-

2272 3251 2390 3302 tem
2421 3247 2653 3302 cmleste
2685 3248 2994 3302 aedificium
3029 3247 3324 3315 fundatur,
3357 3251 3414 3302 et
3445 3248 3772 3318 perficitur,
3805 3266 3919 3303 non

470 3401 474 3406 ,
517 3340 741 3397 faciunt
769 3339 1176 3409 domesticum,
1208 3340 1476 3396 videlicet
1509 3341 1791 3398 familiare
1809 3343 2158 3415 obsequium
2190 3326 2231 3391 C
2271 3336 2529 3402 homine,
2561 3337 2653 3392 sed
2685 3339 2796 3408 ipso
2816 3354 3024 3392 summa
3053 3337 3314 3408 angulari
3331 3336 3508 3407 lapide
3527 3337 3740 3392 Christo
3773 3339 3918 3394 Jesu.

520 3435 580 3486 et
608 3428 963 3485 conscientia
995 3433 1371 3485 secretorum.
1393 3430 1507 3485 Nos
1524 3447 1778 3504 quoque,
1801 3433 2006 3487 fratres
2024 3432 2159 3500 mei,

522 3517 572 3572 si
604 3518 740 3582 Deo,
764 3518 934 3588 juxta
961 3517 1320 3573 voluntatem
1351 3535 1543 3585 suam,
1570 3518 1934 3575 familiariter
1963 3524 2019 3575 et
2039 3537 2164 3592 spe-

524 3604 748 3660 cialiter
765 3605 978 3660 servire
994 3605 1337 3678 satagimus,
1366 3607 1412 3661 si
1435 3625 1536 3678 per
1553 3625 1776 3662 sacram
1797 3608 2158 3680 Scripturam

522 3698 580 3748 et
608 3692 864 3766 Spiritus
893 3693 1301 3750 revelationem
1342 3699 1566 3750 secreta
1615 3695 1713 3750 Dei
1744 3697 1868 3766 jam
1902 3713 1969 3751 ex
2002 3701 2163 3768 parte

465 3813 470 3818 -
525 3783 954 3854 cognoscimus,
979 3783 1106 3853 jam
1139 3785 1338 3855 procul
1372 3784 1570 3852 dubio,
1617 3803 1730 3840 non
1766 3785 1954 3841 solum
1986 3786 2159 3854 cives,

463 3883 466 3886 ’
525 3872 628 3931 sed
661 3870 835 3926 etiam
869 3871 1170 3926 domestici
1205 3889 1430 3929 sumus.

595 3958 872 4032 Sequitur
897 3977 1035 4032 pars
1052 3961 1326 4030 secunda,
1361 3960 1418 4016 in
1451 3978 1568 4033 qua
1618 3963 1928 4034 Apostolus
1971 3968 2162 4020 osten-

525 4049 612 4106 dit
636 4065 762 4118 nos,
796 4048 844 4104 si
878 4047 992 4104 veri
1012 4047 1324 4105 Christiani
1345 4067 1572 4115 sumus,
1592 4067 1719 4106 esse
1737 4051 1912 4107 etiam
1938 4051 2164 4124 lapides

464 4181 466 4183 ›
525 4154 789 4210 superna
822 4136 1092 4205 civitatis,
1127 4154 1260 4193 cum
1293 4138 1517 4194 subdit:
1547 4139 1978 4211 Superwdiﬁcati
2003 4158 2167 4212 super

523 4225 943 4299 fundamentum
1009 4228 1376 4298 apostolorum
1449 4237 1498 4283 et
1557 4230 1966 4300 prophetarum,
2048 4233 2164 4302 ipso

467 4327 472 4331 '
524 4332 737 4372 summo
784 4316 1047 4384 angulari
1093 4316 1272 4388 lapide
1322 4319 1537 4388 Cgristo
1584 4321 1734 4374 Jesu.
1789 4319 2164 4374 Fundamen-

461 4457 464 4462 .
525 4408 652 4460 tum
711 4404 1107 4477 apostolorum
1157 4405 1206 4460 ei
1256 4405 1693 4478 prephetarum,
1744 4424 1928 4462 unum
1973 4407 2164 4463 solum

459 4524 466 4530 -
524 4493 812 4561 Christus,
845 4494 943 4566 qui
975 4494 1190 4549 dicitur
1236 4495 1683 4550 fundamentum
1728 4495 1943 4568 triplici
1993 4497 2168 4552 ratio-

527 4599 620 4639 ne.
645 4582 808 4639 Sicut
836 4583 992 4638 enim
1027 4583 1474 4638 fundamentum
1507 4584 1759 4640 sustinet
1799 4589 1986 4640 totum
2027 4587 2164 4640 aedi-

2273 3425 2408 3480 Tria
2437 3426 2578 3481 dicit
2607 3427 2676 3482 de
2725 3425 2981 3482 Christo:
3026 3426 3188 3491 Quod
3239 3425 3362 3496 ipse
3391 3429 3479 3480 est
3531 3424 3705 3498 lapis,
3756 3429 3908 3498 quod

2274 3531 2564 3582 summus,
2599 3521 2656 3570 et
2684 3515 2837 3587 quod
2872 3514 3190 3586 angularis.
3218 3513 3390 3586 Lapis
3412 3519 3520 3580 est,
3551 3514 3689 3586 quia
3717 3516 3918 3570 immo-

2273 3601 2407 3658 bilis
2435 3608 2490 3658 ct
2524 3606 2749 3668 firmus,
2783 3605 2921 3675 quia
2968 3603 3215 3658 effundit
3253 3620 3464 3674 aquam
3518 3603 3731 3672 vivam,
3769 3606 3916 3660 unde

2273 3691 2484 3747 bibunt
2507 3692 2776 3749 homines
2788 3694 2870 3763 etj
2881 3697 3137 3758 amenta,
3154 3692 3292 3764 quia
3304 3690 3584 3747 scintillat
3604 3692 3912 3748 virtutibus

2275 3785 2332 3836 et
2364 3781 2681 3838 miraculis.
2718 3781 3000 3854 Reprohis
3021 3798 3152 3837 vero
3172 3785 3260 3836 est
3285 3805 3312 3829 «
3339 3779 3488 3852 lapis
3511 3781 3916 3837 ofl’ensionisct

2274 3873 2440 3941 petra
2468 3870 2726 3926 scandali
2758 3872 2804 3939 (1
2831 3873 2975 3927 Petr.
3008 3870 3093 3943 ιι),
3127 3892 3154 3920 ››
3189 3892 3218 3920 ‹‹
3251 3885 3430 3941 super
3457 3885 3633 3941 quem
3659 3870 3758 3942 qui
3782 3871 3920 3926 ceci-

2276 3959 2445 4024 derit,
2481 3959 2910 4032 confringetur;
2944 3959 3045 4031 qui
3075 3975 3208 4014 vero
3240 3975 3416 4030 super
3443 3974 3578 4013 eum
3621 3960 3914 4027 ceciderit,

2276 4053 2606 4104 conteretur
2635 4049 2838 4117 (Matth.
2889 4051 3024 4118 xm).
3057 4071 3085 4099 »
3117 4049 3395 4103 Summus
3426 4051 3533 4114 est,
3586 4047 3728 4120 quia
3769 4047 3918 4104 sicut

2277 4136 2400 4207 ipse
2432 4137 2707 4193 fundator
2735 4143 2791 4193 et
2825 4139 3269 4192 fundamentum
3293 4140 3506 4192 sanctae
3525 4135 3813 4204 Ecclesiae,
3840 4139 3922 4192 ita

2275 4229 2364 4280 est
2411 4227 2695 4298 perfector
2736 4231 2790 4282 et
2839 4225 3112 4298 perfectio
3169 4225 3456 4296 ejusdem.
3518 4226 3647 4296 Ipse
3699 4227 3920 4300 quippe

2276 4318 2366 4370 est
2395 4315 2750 4388 principium
2792 4320 2848 4371 et
2879 4314 3033 4371 finis.
3083 4313 3239 4370 Finis
3271 4331 3385 4369 non
3425 4313 3916 4384 consumptionis,

2277 4405 2377 4459 sed
2447 4405 2997 4460 consummationis.
3077 4402 3392 4477 Angutaris
3459 4407 3567 4472 est,
3635 4404 3916 4474 quoniam

2276 4493 2400 4565 ipse
2432 4493 2718 4548 mediator
2769 4492 3148 4550 reconcilians
3180 4491 3239 4546 in
3273 4508 3333 4547 se
3365 4490 3661 4546 hominem
3715 4491 3830 4547 Deo
3861 4498 3916 4548 et

2277 4583 2460 4638 Deum
2495 4582 2742 4649 homini,
2770 4583 3084 4654 pacificans
3114 4582 3173 4636 in
3207 4597 3268 4636 se
3298 4579 3536 4652 angelos
3577 4579 3912 4637 hominibus

527 4672 726 4728 ficium
780 4677 838 4728 et
867 4689 900 4728 a
944 4671 1102 4728 nullo
1151 4671 1493 4740 sustinetur,
1541 4673 1624 4728 ita
1669 4673 1936 4730 Christus
1981 4679 2162 4730 totam
2199 4694 2244 4757 Ι)
2277 4676 2333 4727 et
2379 4671 2647 4727 homines
2699 4670 2940 4743 angelis,
2994 4671 3203 4727 uniens
3253 4669 3311 4724 in
3344 4685 3404 4724 se
3443 4669 3678 4724 Judaaos
3726 4673 3914 4742 genti-

525 4760 843 4817 Ecclesiam
877 4762 1026 4834 regit
1055 4765 1111 4816 et
1141 4766 1354 4833 portat,
1383 4765 1439 4817 et
1469 4779 1502 4816 a
1529 4763 1761 4818 nemine
1792 4768 2057 4836 portatur
2075 4764 2164 4818 vel

526 4853 769 4923 regitur.
794 4851 1040 4918 Rursus,
1077 4849 1226 4906 sicut
1253 4850 1564 4906 aedificium
1607 4852 1733 4908 sine
1783 4853 2164 4909 fundamento

528 4943 683 4994 stare
713 4957 830 4996 non
863 4944 1071 5011 potest,
1106 4939 1189 4995 ita
1211 4939 1372 4995 nulla
1401 4943 1697 4996 structura
1726 4941 2034 5010 virtutum,
2070 4941 2159 4998 vel

525 5027 816 5083 honorum
849 5045 1110 5100 operum,
1136 5028 1260 5084 sine
1278 5029 1387 5084 fide
1401 5033 1537 5085 Jesu
1552 5029 1762 5085 Christi
1778 5034 1930 5085 stare
1953 5036 2163 5103 potest.

450 5134 454 5138 λ
529 5137 557 5164 ‹‹
593 5115 960 5186 Impossibilc
988 5123 1077 5172 est
1105 5118 1262 5172 enim
1291 5116 1510 5189 aliquid
1531 5118 1656 5174 sine
1671 5119 1782 5174 fide
1796 5119 1909 5174 Deo
1939 5119 2166 5191 placere

528 5203 707 5273 (Hebr.
743 5207 843 5272 χι).
880 5226 906 5252 ››
940 5205 1165 5263 Rursus
1196 5207 1349 5262 sicut
1379 5208 1826 5263 fundamentum
1861 5226 1977 5264 non
2008 5209 2162 5265 vide-

528 5295 644 5354 tur.
678 5296 734 5347 et
764 5297 958 5348 tamen
989 5294 1123 5350 inde
1157 5299 1277 5352 tota
1323 5300 1616 5353 structura
1665 5297 1872 5371 surgit,
1915 5298 1995 5352 ita
2022 5299 2167 5355 fides

527 5378 667 5434 Jesu
698 5380 911 5438 Christi
941 5383 1012 5439 de
1045 5384 1434 5442 invisibilibus
1457 5391 1562 5455 est,
1587 5391 1644 5443 et
1669 5403 1737 5443 ex
1757 5403 1824 5443 ea
1847 5385 2038 5441 omnis
2062 5387 2168 5442 vir-

446 5485 450 5490 δ
527 5469 720 5549 tutum
752 5476 808 5527 et
838 5473 1125 5528 bonorum
1157 5475 1460 5529 aedificatio
1495 5477 1771 5547 procedit.
1805 5475 1911 5532 Cui
1954 5475 2169 5531 funda-

528 5563 742 5629 mento,
777 5563 915 5634 quia
943 5560 1234 5633 propheta:
1258 5565 1314 5616 et
1335 5563 1577 5634 apostoli
1603 5563 1774 5636 primi
1797 5565 2169 5620 adhwserunt

522 5647 756 5732 gallos
788 5650 1080 5705 adhaerere
1112 5650 2168 5732 docppﬂntﬁiﬂintpnetipsLdeng-

524 5713 696 5732 --ελ-ν

518 5721 795 5792 τῖίἷᾶἰνει
841 5724 1599 5796 ΐιιῐιᾶειιηειιιΐιιἚῖῖΓὲἑῖτῖιῖ*
1615 5727 2165 5812 Uﬁ‘déffrsdiﬁiiéi‘i?

2279 4760 2436 4815 libus
2467 4764 2524 4815 et
2555 4758 2804 4832 gentiles
2833 4757 3072 4814 Judazis.
3115 4757 3410 4830 Quidquid
3465 4757 3666 4829 igitur,
3711 4758 3910 4814 fratres

2277 4848 2410 4917 mei,
2446 4848 2826 4919 azdificamus,
2861 4851 3378 4920 quantumcunque
3423 4845 3830 4902 rectitudinem
3855 4848 3910 4903 in

2277 4938 2538 4994 moribus
2593 4942 2650 4994 ct
2696 4937 2753 4991 in
2789 4937 2954 4993 bonis
3003 4937 3279 5009 operibus
3325 4935 3541 4991 habere
3590 4935 3912 5002 videamur,

2275 5032 2471 5082 tamen
2503 5045 2680 5100 super
2709 5042 2944 5082 arenam
2974 5030 3031 5081 et
3053 5025 3110 5080 in
3131 5042 3380 5080 vacuum
3399 5023 3782 5092 aedificamus,
3807 5027 3916 5082 nisi

2275 5116 2593 5184 Christum,
2627 5121 2682 5172 et
2716 5115 3160 5172 fundamentum
3189 5119 3244 5170 et
3274 5113 3526 5186 lapidem
3552 5113 3910 5187 angularem,

2277 5205 2334 5260 id
2365 5210 2474 5272 est,
2509 5205 2862 5278 principium
2895 5209 2951 5260 et
2979 5204 3156 5259 finem
3188 5203 3533 5259 habeamus.
3567 5205 3631 5258 In
3673 5219 3777 5275 quo
3802 5207 3912 5260 solo

2277 5297 2454 5351 omnis
2484 5295 2771 5364 aediﬁcatio
2812 5301 3120 5350 constructa
3167 5295 3358 5348 crescit
3390 5294 3451 5347 in
3493 5292 3752 5363 templum
3783 5311 3911 5348 san—

2275 5393 2421 5440 ctum
2469 5385 2524 5438 in
2577 5385 2825 5450 Domino,
2877 5383 2995 5438 sive
3045 5386 3379 5437 constructa
3428 5380 3505 5435 sit
3535 5397 3602 5435 ex
3651 5380 3908 5452 pluribus

2278 5472 2542 5546 personis
2569 5471 2626 5526 in
2658 5471 2918 5542 ejusdem
2944 5470 3211 5526 Ecclesiae
3233 5469 3532 5538 unionem,
3557 5469 3676 5526 sive
3705 5487 3772 5526 ex
3791 5470 3906 5543 plu-

2275 5563 2440 5618 ribus
2467 5562 2799 5630 virtutibus,
2835 5559 3004 5616 bonis
3037 5560 3321 5622 moribus.
3354 5562 3411 5614 et
3442 5559 3612 5614 bonis
3642 5560 3899 5630 operibus

2273 5652 2332 5708 in
2360 5652 2625 5722 ejusdem
2665 5666 2923 5722 personze
2977 5647 3525 5705 sanctiﬁcationein.
3561 5648 3662 5703 Est
3712 5654 3892 5704 autem

2275 5742 2394 5796 haec
2425 5756 2560 5812 pars
2592 5738 2759 5794 tertia
2791 5737 2848 5792 in
2902 5755 3016 5810 qua
3047 5737 3305 5794 ostendit
3348 5753 3476 5802 nos,
3510 5736 3559 5793 si
3592 5735 3710 5793 veri
3752 5737 3898 5794 Chri-
