4008 6072
158 350 321 416 1493

1300 354 1676 418 ΗΟΜΙΙᾸΑΞ.
1710 388 1787 401 --
1820 355 1898 418 II.
1944 356 2046 420 DE
2088 356 2442 421 SANGTIS.

3410 352 3574 420 1493

166 488 345 545 stiani
375 505 605 560 sumus,
641 504 770 544 esse
815 485 1102 563 templum
1156 493 1427 546 sanctum
1477 489 1730 559 Domini,
1763 494 1820 546 et
1848 492 1902 559 Α
1932 509 2063 548 rum
2096 492 2455 549 ornamentis
2487 508 2601 549 non
2633 492 3060 560 decoremus,et
3079 487 3239 548 omni
3269 489 3463 548 studio
3490 492 3574 547 ta-

160 579 341 636 etiam
373 578 776 635 habitaculum
810 579 1070 645 Dei,cum
1108 583 1241 651 post
1273 580 1545 634 subditur
1578 598 1591 635 :
1627 580 1687 634 In
1714 596 1819 651 quo

158 677 216 725 et
242 685 332 725 vos
361 670 781 739 cowdiﬁcamini
811 670 871 724 in
901 668 1279 725 habitaculum
1332 670 1430 725 Dei
1494 672 1551 724 in
1607 669 1820 741 Spiritu

157 767 369 816 sancto.
396 759 520 813 Non
553 756 769 824 solum,
801 758 978 813 frates
1017 757 1375 825 charissimi,
1411 775 1615 814 omnes
1656 761 1819 831 quot-

161 852 310 920 quot
333 864 541 902 sumus
572 846 794 915 ﬁdeles,
815 864 1023 902 sumus
1047 847 1225 902 simul
1247 865 1431 902 unum
1454 847 1739 920 templum
1764 850 1822 902 ct

158 935 566 994 habitaculum
617 934 738 1003 Dei,
790 937 893 991 sed
942 937 1120 992 etiam
1169 936 1580 1008 unusquisque
1631 935 1819 991 fidelis

157 1026 467 1099 templum'
483 1030 540 1081 et
569 1024 972 1081 habitaculum
1006 1032 1096 1081 est
1124 1026 1244 1094 Dei,
1280 1030 1427 1082 teste
1472 1024 1671 1093 Paulo,
1719 1025 1817 1097 qui

157 1116 339 1172 dicit:
378 1139 404 1165 ››
464 1114 712 1170 Nescitis
773 1115 911 1187 quia
969 1116 1236 1171 membra
1289 1118 1486 1170 vestra
1534 1113 1817 1185 templum

159 1210 305 1262 sunt
334 1204 588 1277 Spiritus
620 1205 828 1271 sancti,
864 1222 1037 1277 quem
1071 1204 1300 1260 habetis
1332 1221 1365 1258 a
1396 1204 1535 1270 Deo,
1590 1207 1647 1258 et
1703 1219 1819 1258 non

159 1293 308 1350 estis
337 1294 514 1349 vestri
545 1295 593 1365 (I
613 1295 737 1350 Cor.
770 1294 869 1365 v1).
905 1316 932 1342 ι)
968 1294 1039 1349 Et
1078 1292 1365 1366 templum
1419 1292 1656 1365 quidem
1709 1296 1818 1360 est,

161 1382 445 1457 quoniam
478 1383 629 1438 sicut
660 1382 721 1437 in
752 1381 970 1455 templo
1002 1383 1155 1437 Deus
1188 1383 1465 1438 adoratur
1485 1385 1542 1437 et
1572 1381 1621 1436 ei
1650 1381 1823 1436 sacri-

160 1473 376 1529 ﬁcatur
403 1476 459 1527 et
489 1476 780 1539 exoratur,
816 1473 897 1531 ita
928 1472 987 1526 in
1021 1471 1219 1527 anima
1258 1471 1726 1541 uniuscujusque
1758 1470 1821 1523 ti-

159 1561 315 1617 delis
346 1562 499 1618 Deus
531 1562 826 1627 adoretur,
862 1564 918 1615 et
947 1560 999 1615 ei
1033 1560 1401 1615 sacrificatur
1442 1563 1498 1614 et
1528 1562 1819 1615 exoratur.

162 1652 231 1707 In
263 1651 464 1707 anima
493 1650 710 1722 quippe
742 1650 893 1704 Deus
925 1666 1028 1721 per
1060 1649 1236 1703 fidem
1275 1649 1469 1703 verius
1521 1649 1819 1703 adoratur~

160 1741 330 1798 Unde
362 1739 444 1796 ait
472 1739 757 1795 Dominus
788 1739 860 1794 ad
893 1738 1356 1795 Samaritanam:
1392 1762 1418 1787 ‹‹
1454 1737 1626 1792 Venit
1656 1737 1820 1803 hora,

1927 580 2012 637 les
2045 598 2150 637 nos
2182 574 2703 656 praeparemus,qui
2730 582 2889 655 digni
2922 598 3129 637 sumus
3158 580 3217 635 in
3237 579 3453 653 quibus
3474 578 3575 636 ha-

1928 671 2069 727 bitet
2102 672 2276 740 Deus,
2302 676 2358 728 et
2390 688 2494 727 nos
2526 673 2585 727 in
2618 690 2704 727 eo.
2732 672 2892 736 Quod
2925 671 3049 743 ipse
3080 668 3573 725 intercedentibus

1928 761 2148 817 sanctis
2181 761 2460 834 apostolis
2492 762 2788 827 concedat,
2822 761 2921 832 qui
2952 760 3089 814 vivit
3137 763 3193 813 et
3239 761 3445 832 regnat
3471 772 3574 830 per

1928 850 2126 906 omnia
2157 850 2369 906 saecula
2399 850 2765 906 saeculorum.
2798 852 3003 905 Amen.

2303 1048 2362 1086 IN
2403 1047 2591 1086 EODEM
2632 1046 2822 1085 SERMO
2861 1045 2932 1084 DE
2966 1044 3201 1083 JOANNE.

2001 1119 2154 1174 Dixit
2210 1120 2494 1175 Dominus
2539 1120 2713 1176 Jesus
2774 1117 3077 1190 discipulis
3127 1115 3297 1171 suis:
3346 1117 3453 1171 Hoc
3497 1122 3577 1172 est

1925 1216 2259 1281 prwceptum
2306 1225 2507 1277 meum,
2542 1217 2602 1264 ut
2642 1208 2892 1278 diligatis
2942 1208 3195 1273 invicem,
3225 1206 3367 1261 sicut
3401 1204 3576 1261 dilexi

1929 1315 2022 1354 vos
2069 1299 2253 1367 (Joan.
2286 1298 2401 1368 xv),
2436 1302 2491 1352 et
2522 1297 2763 1369 reliqua.
2800 1296 2929 1351 Hzec
2958 1295 3126 1351 lectio
3157 1294 3341 1350 sancti
3388 1294 3573 1350 Evan-

1930 1386 2062 1460 gelii
2094 1387 2282 1442 tribus
2311 1386 2693 1460 distinguitur
2720 1384 3212 1459 capitulis.Primo
3241 1382 3575 1455 enim,praa-

1931 1477 2068 1549 cipit
2100 1476 2269 1532 nobis
2300 1476 2584 1531 Dominus
2624 1479 2690 1530 ut
2731 1476 3047 1548 diligamus
3095 1472 3339 1529 invicem
3387 1488 3575 1529 exem-

1932 1566 2027 1639 plo
2062 1564 2720 1637 sui.Secundo,exponit
2746 1564 3050 1637 prmmium
3081 1562 3258 1633 hujus
3290 1560 3571 1617 mandati.

1932 1656 2146 1721 Tertio,
2180 1656 2542 1710 demonstrat
2565 1670 2669 1708 nos
2698 1670 2800 1707 nec
2832 1652 3135 1725 praemium
3162 1667 3268 1705 nec
3299 1649 3573 1705 meritum

1934 1748 2136 1801 nostra
2167 1744 2476 1817 sapientia,
2510 1744 2612 1798 sed
2642 1747 2871 1797 tantum
2922 1758 3030 1796 sua
3075 1740 3264 1814 gratia
3314 1739 3574 1795 obtinere

160 1830 401 1935 guard?
432 1846 537 1885 nec
559 1829 626 1935 in
651 1833 1074 1935 ξηοοξθιῐξθψιθ
1103 1826 1520 1900 Hierosolymis
1558 1827 1820 1882 adorabi-
1848 1871 1895 1935 Β
1932 1851 2123 1907 posse.
2158 1834 2415 1889 Primum
2447 1832 2625 1904 igitur
2653 1831 2911 1904 praecipit
2940 1830 3109 1886 nobis
3149 1833 3215 1884 ut
3259 1826 3574 1900 diligamus

159 1918 240 1975 tis
275 1919 523 1974 Patrem.
559 1918 669 1974 Sed
698 1918 818 1972 veri
849 1918 1185 1973 adoratores
1230 1917 1557 1972 adorabunt
1586 1916 1812 1970 Patrem

158 2008 223 2065 in
254 2007 465 2081 spiritu
498 2011 555 2063 et
584 2006 823 2063 veritate
856 2008 1037 2077 (Joan.
1072 2006 1169 2075 1v).
1204 2006 1459 2077 Spiritus
1503 2009 1592 2059 est
1638 2004 1812 2069 Deus,

162 2102 223 2155 et
252 2114 353 2154 eos
385 2096 487 2169 qui
517 2097 761 2151 adorant
791 2112 946 2164 eum,
971 2094 1029 2149 in
1060 2093 1268 2166 spiritu
1301 2098 1358 2149 et
1387 2094 1627 2149 veritate
1650 2109 1816 2164 opor-

124 2225 137 2238 .
157 2191 249 2244 tet
277 2187 540 2242 adorare.
573 2185 635 2240 In
668 2184 868 2240 anima
896 2200 1129 2256 quoque
1158 2184 1353 2239 verius
1383 2183 1499 2238 Deo
1530 2181 1816 2238 sacriﬁca-

122 2281 285 2343 ,tur,
317 2291 419 2348 per
465 2274 975 2347 compunctionem
1024 2278 1082 2328 et
1125 2272 1555 2340 contritionem,
1589 2271 1815 2326 dicente

118 2364 534 2423 -Psalmista:«
550 2362 913 2420 Sacrificium
946 2363 1060 2418 Deo
1092 2362 1336 2434 spiritus
1367 2360 1812 2427 contribulatus,

158 2473 267 2512 cor
294 2453 608 2510 contritum
654 2457 711 2507 et
740 2451 1141 2517 humiliatum,
1174 2451 1349 2522 Deus,
1383 2468 1497 2506 non
1529 2448 1815 2521 despicies

160 2544 338 2618 (1)δαί.
373 2544 445 2614 1.).
482 2565 510 2591 ››
542 2542 604 2597 In
636 2542 834 2597 anima
864 2542 1039 2597 etiam
1080 2541 1232 2596 Deus
1281 2540 1474 2595 verius
1521 2542 1813 2604 exoratur,

158 2634 394 2690 dicente
442 2632 732 2688 Domino:
784 2654 811 2681 ‹‹
860 2631 1003 2685 Cum
1053 2630 1257 2697 oratis,
1289 2646 1405 2684 non
1456 2628 1618 2683 eritis
1666 2627 1819 2681 sicut

161 2721 481 2796 hypocritae
514 2719 849 2792 tristes,qui
881 2724 1084 2775 amant
1113 2719 1170 2773 in
1203 2718 1515 2791 synagogis
1545 2721 1603 2773 et
1630 2717 1687 2771 in
1719 2732 1818 2772 an-

162 2810 323 2887 gulis
355 2810 719 2883 plantearum
743 2813 965 2864 stantes
1000 2825 1186 2876 orare,
1204 2813 1269 2862 ut
1295 2808 1602 2863 videantur
1631 2806 1704 2861 ab
1719 2804 1820 2859 ho-

165 2900 451 2956 minibus.
484 2904 567 2954 Tu
617 2903 813 2956 autem
861 2915 993 2953 cum
1026 2914 1179 2961 oras,
1214 2897 1368 2952 intra
1398 2894 1753 2958 cubiculum,
1792 2915 1818 2941 »

163 2989 228 3045 id
262 2994 370 3054 est,
403 2988 595 3045 cordis
626 2991 936 3054 secretum,
972 3010 999 3037 ‹‹
1032 2990 1089 3042 et
1125 2985 1323 3041 clauso
1368 2983 1537 3051 ostio,
1570 3000 1672 3038 ora
1720 2982 1821 3037 Pa-

124 3096 129 3103 ’
169 3084 324 3133 trem
352 3082 541 3133 tuum.
573 3078 644 3132 Et
673 3077 841 3132 Pater
870 3080 1029 3142 tuus,
1054 3075 1153 3146 qui
1184 3074 1339 3129 videt
1370 3073 1428 3127 in
1458 3070 1820 3135 abscondito,

172 3167 381 3224 reddet
436 3167 540 3222 tibi
599 3167 818 3238 (Matth.
877 3166 976 3233 v1).
1037 3161 1444 3219 Habitaculum
1503 3176 1657 3225 vero,
1705 3158 1824 3212 sive

173 3257 390 3313 domus
418 3256 540 3321 Dei,
563 3259 653 3310 est
683 3255 881 3310 anima
911 3252 1122 3319 fidelis,
1145 3250 1422 3323 quoniam
1455 3249 1608 3305 sicut
1640 3264 1821 3303 unus-
1854 3236 1897 3303 C

176 3345 431 3417 quisque
459 3344 735 3399 dominus
766 3343 824 3396 in
856 3343 1030 3397 domo
1063 3358 1171 3396 sua
1201 3340 1443 3405 habitat,
1477 3337 1735 3410 pascitur
1772 3338 1828 3391 et

120 3468 129 3471 -
176 3432 514 3506 requiescit,
547 3432 626 3487 ita
655 3432 808 3487 Deus
837 3430 897 3485 in
928 3429 1125 3484 auima
1155 3427 1343 3483 fidelis
1377 3423 1827 3499 pascitur,habi-

175 3525 267 3577 tat
294 3526 351 3576 et
382 3518 951 3592 requiescit.Habitat
984 3535 1085 3589 per
1104 3517 1353 3590 gratiam
1379 3514 1825 3578 inhabitantem,

177 3611 311 3682 ipso
346 3608 591 3664 Domino
617 3608 843 3662 dicente
876 3624 889 3661 :
928 3629 955 3657 «
987 3607 1047 3662 Si
1079 3606 1212 3678 quis
1243 3605 1433 3676 diligit
1466 3621 1578 3670 me,
1612 3619 1829 3659 sermo-

180 3714 320 3754 nem
354 3714 550 3752 meum
581 3696 853 3765 servabit,
872 3699 928 3750 et
956 3696 1125 3750 Pater
1157 3711 1323 3749 meus
1353 3692 1555 3764 diliget
1585 3708 1741 3757 eum,
1774 3694 1831 3745 et

180 3786 257 3843 ad
290 3802 424 3843 eum
456 3786 775 3849 veniemus,
808 3789 864 3839 et
894 3783 1258 3839 mansionem
1292 3783 1446 3855 apud
1497 3799 1630 3837 eum
1664 3781 1830 3836 facie-

182 3892 320 3931 mus
354 3876 529 3947 (Joan.
562 3874 697 3945 xw).
735 3896 763 3923 ››
799 3873 1061 3928 Pascitur
1091 3872 1150 3927 in
1184 3872 1380 3927 anima
1413 3887 1515 3942 per
1544 3872 1707 3925 bona:
1738 3885 1831 3923 vo-

182 3965 428 4021 luntatis
481 3968 538 4019 et
596 3961 870 4018 desiderii
922 3960 1309 4025 devotionem,
1370 3960 1497 4031 ipso
1555 3959 1827 4013 dicente:

185 4076 215 4105 ‹‹
250 4054 391 4109 Ecce
413 4069 518 4125 ego
549 4057 639 4107 sto
670 4052 741 4107 ad
782 4049 1021 4115 ostium,
1055 4055 1112 4105 et
1159 4048 1349 4121 pulso.
1385 4048 1444 4102 Si
1497 4048 1629 4119 quis
1688 4045 1829 4100 mihi

187 4141 501 4215 aperuerit,
536 4140 766 4195 intrabo
798 4140 869 4195 ad
901 4156 1057 4205 eum,
1089 4143 1145 4193 et
1192 4138 1431 4193 cmnabo
1462 4153 1593 4190 cum
1629 4134 1746 4202 illo,
1779 4138 1835 4189 et

186 4231 316 4304 ipse
347 4247 575 4286 mecum
612 4231 795 4301 (Apoc.
832 4228 935 4297 111).
973 4250 1000 4275 ››
1043 4226 1376 4298 Requiescit
1416 4225 1473 4279 in
1506 4225 1705 4279 anima
1736 4240 1837 4295 per

190 4320 416 4376 meritis
450 4335 651 4391 pacem
684 4322 740 4371 et
770 4316 1045 4388 quietem.
1070 4315 1233 4369 Unde
1263 4315 1418 4369 idem
1453 4313 1733 4368 Dominus
1755 4312 1837 4366 di-

191 4409 272 4464 cit
303 4426 315 4464 :
355 4430 381 4459 ‹‹
414 4410 603 4480 Super
634 4422 809 4478 quem
844 4404 1226 4475 requiescam,
1263 4402 1373 4456 nisi
1425 4418 1601 4474 super
1649 4401 1837 4455 humi-

191 4497 309 4553 lem
342 4500 397 4552 et
428 4496 690 4567 quietum
723 4497 781 4548 et
803 4496 1149 4548 trementem
1182 4506 1482 4546 sermones
1506 4506 1665 4545 meos
1685 4490 1834 4561 (καί.

1924 1924 2193 1989 invicem,
2227 1940 2359 1977 cum
2401 1922 2546 1977 dixit
2577 1940 2590 1977 :
2621 1923 2729 1977 Hoc
2774 1929 2854 1977 est
2898 1928 3233 1993 praeceptum
3278 1934 3481 1984 meum,
3514 1924 3575 1972 ut

1922 2013 2169 2082 diligatis
2202 2014 2454 2067 invicem.
2491 2008 2674 2066 Multa
2703 2014 2841 2065 sunt
2876 2011 3163 2082 praecepta
3192 2006 3575 2073 Domini,fra-

1922 2106 2043 2157 tres
2075 2101 2210 2170 mei,
2236 2101 2335 2153 sed
2370 2099 2713 2154 mandatum
2741 2098 2812 2153 de
2841 2092 3577 2166 dilectione,specialiteret

1924 2188 2351 2247 antonomatice
2380 2187 2519 2242 dicit
2550 2204 2724 2242 suum
2755 2184 3191 2258 esse,quoniam
3223 2198 3396 2239 omne
3414 2198 3575 2238 man-

1924 2282 2127 2335 datum
2160 2295 2228 2332 ex
2258 2276 2383 2332 sola
2414 2276 2606 2349 surgit
2637 2279 2693 2331 et
2721 2274 3019 2347 perﬁcitur
3048 2272 3377 2329 dilectione.
3411 2269 3577 2327 Sicut

1925 2368 2081 2424 enim
2114 2384 2181 2421 ex
2212 2383 2330 2422 una
2361 2366 2552 2421 radice
2585 2363 2753 2419 multi
2783 2363 3011 2419 arboris
3063 2362 3212 2417 rami
3262 2360 3573 2433 prodeunt,

1926 2458 2009 2514 sic
2057 2474 2125 2512 ex
2173 2473 2291 2511 una
2338 2454 2645 2510 dilectione
2694 2452 2890 2508 multa:
2937 2451 3182 2506 virtutes
3232 2448 3574 2522 procedunt,

1926 2564 2029 2603 nec
2061 2546 2235 2602 habet
2263 2546 2322 2600 in
2346 2562 2406 2601 se
2420 2543 2641 2615 aliquid
2654 2540 2966 2596 viriditatis
2991 2557 3193 2595 ramus
3207 2537 3341 2594 boni
3360 2533 3573 2609 operis,

1926 2636 2038 2691 nisi
2072 2640 2305 2690 maneat
2336 2635 2392 2689 in
2434 2632 2627 2688 radice
2677 2630 3002 2687 charitatis.
3036 2627 3345 2684 Dominica
3396 2625 3578 2699 igitur

1927 2729 2213 2797 praecepta
2244 2722 2428 2777 multa
2457 2726 2595 2777 sunt
2636 2737 2738 2792 per
2783 2719 3180 2775 diversitatem
3224 2714 3438 2789 operis,
3472 2713 3574 2771 sed

1928 2831 2111 2869 unum
2141 2812 2201 2867 in
2234 2811 2425 2867 radice
2456 2808 2804 2865 dilectionis.
2839 2808 3002 2864 Unde
3032 2805 3247 2862 Paulus
3280 2822 3293 2860 :
3328 2827 3356 2854 ‹‹
3393 2802 3577 2861 Pleni-

1928 2900 2585 2974 tudo,inquit,legis,est
2614 2898 2844 2953 dilectio
2871 2895 3249 2969 (Rom.x111).»
3282 2924 3351 2934 ——
3384 2912 3413 2943 ‹‹
3443 2891 3575 2948 Om-

1930 2987 2807 3062 nis,inquit,consummationis
2837 2986 2952 3041 vidi
2987 2983 3377 3052 finem,latum
3408 2996 3575 3036 man-

1930 3080 2133 3134 datum
2164 3083 2330 3133 tuum
2362 3077 2539 3131 nimis
2572 3076 2740 3147 (Psal.
2775 3074 2990 3144 cxvm).
3029 3095 3057 3123 »
3088 3072 3192 3127 Est
3223 3086 3361 3143 ergo
3408 3085 3476 3125 ac
3526 3066 3577 3123 si

1931 3169 2172 3223 diceret:
2204 3171 2319 3222 Hoc
2351 3164 2637 3238 praecipue
2668 3169 2725 3220 et
2754 3162 3084 3236 specialiter
3113 3164 3203 3216 est
3232 3157 3577 3214 mandatum

1936 3274 2152 3312 meum.
2189 3256 2405 3322 Meum,
2442 3254 2595 3325 quod
2630 3253 2689 3308 in
2740 3269 2832 3307 me
2881 3249 3169 3323 praecipue
3217 3248 3577 3311 demonstro,

1935 3347 2077 3402 dum
2110 3361 2212 3417 per
2241 3343 2483 3400 nimiam
2513 3344 2570 3397 in
2602 3358 2702 3397 vos
2733 3339 3075 3396 charitatem
3109 3354 3201 3392 me
3249 3332 3496 3391 humilio
3526 3335 3584 3389 et

1936 3439 2182 3491 mortem
2217 3431 2498 3488 sustineo.
2533 3432 2750 3495 Meum,
2784 3429 2937 3501 quod
2990 3444 3105 3499 pra:
3155 3423 3377 3481 caateris
3416 3419 3583 3478 vobis

1936 3522 2227 3596 praecipio,
2261 3526 2317 3577 et
2360 3525 2626 3592 repetens
2671 3519 2885 3573 iterum
2932 3515 3264 3586 iterumque
3312 3511 3581 3569 monebo.

1940 3613 2154 3678 Meum,
2192 3627 2294 3683 per
2324 3610 2477 3682 quod
2510 3625 2603 3663 me
2631 3611 2914 3671 vestrum,
2946 3609 3003 3659 et
3047 3621 3149 3659 vos
3181 3617 3343 3657 meos
3372 3598 3581 3656 efficio.

1939 3703 2267 3758 Teneamus
2300 3699 2405 3754 hoc
2438 3696 3017 3767 mandatum,fratres
3051 3692 3249 3760 mei,et
3268 3688 3585 3762 diligamus

1938 3791 2146 3851 Deum,
2180 3793 2236 3843 et
2266 3788 2323 3843 in
2356 3788 2470 3842 Deo
2500 3786 2815 3857 diligamus
2860 3784 3227 3839 alterutrum.
3260 3778 3413 3834 Vera
3447 3775 3587 3833 dile-

1940 3879 2052 3935 ctio
2085 3878 2406 3933 fortissima
2446 3882 2553 3941 est,
2600 3874 2943 3929 dulcissima
2988 3875 3096 3939 est,
3130 3867 3447 3941 utilissima
3474 3868 3584 3933 est,

1941 3972 1998 4023 et
2053 3966 2375 4023 fortissima
2434 3963 2711 4036 quoniam
2760 3964 2932 4034 juxta
2978 3958 3402 4015 Salomonem:
3456 3954 3588 4009 Fra-

1941 4061 2059 4111 tres
2086 4073 2148 4111 se
2173 4055 2483 4126 diligentes
2516 4069 2721 4107 murus
2752 4052 3039 4113 aeneus,et
3072 4069 3099 4096 ‹‹
3134 4044 3302 4101 fortis
3332 4047 3398 4099 ut
3428 4057 3587 4098 mors

1943 4144 2173 4200 dilectio
2206 4145 2382 4213 (Cant.
2416 4144 2515 4212 v1),
2554 4164 2580 4189 »
2613 4141 2729 4195 imo
2762 4137 3075 4210 plusquam
3109 4151 3288 4190 mors.
3308 4133 3455 4189 Nam
3487 4146 3591 4204 per

1942 4250 2139 4289 veram
2171 4230 2541 4287 dilectionem
2577 4233 2822 4283 mortem
2871 4224 3325 4288 contemnimus,
3359 4225 3417 4276 et
3459 4235 3588 4276 eam

1946 4322 2247 4378 moriendo
2279 4323 2729 4391 supera1nus,et
2760 4317 2830 4371 de
2859 4313 3205 4370 mortalibus
3227 4306 3591 4367 immortales

1945 4411 2252 4468 efﬁcimur.
2277 4409 2423 4464 Nam
2457 4407 2594 4478 quid
2629 4404 2859 4459 dulcius
2892 4419 3068 4475 quam
3099 4403 3409 4458 observare
3434 4395 3594 4453 beni-

1946 4501 2249 4574 gnitatem,
2284 4496 2676 4561 concordiam,
2705 4498 2762 4548 et
2791 4508 3051 4549 amorem
3072 4492 3101 4546 ‘I
3121 4490 3310 4561 Hujus
3341 4484 3597 4542 dulcedi-

194 4588 365 4657 1.xv1).
404 4609 430 4635 ››
455 4586 675 4657 Itaque,
710 4584 917 4639 fratres
950 4583 1083 4648 mei,
1109 4582 1247 4653 quia
1279 4580 1561 4652 templum
1593 4585 1649 4636 et
1680 4580 1828 4635 habi-

1948 4608 2081 4645 nem
2113 4587 2412 4643 admirans
2444 4584 2733 4656 Propheta
2755 4583 2922 4637 dicit:
2943 4604 2970 4631 ί(
2998 4581 3139 4635 Ecce
3170 4593 3349 4650 quam
3376 4576 3596 4630 bonum

196 4674 456 4732 taculum
488 4674 587 4729 Dei
620 4673 873 4729 dicimur
901 4675 955 4727 et
987 4669 1596 4738 sumus,elimincmus
1619 4686 1654 4724 a
1674 4670 1842 4725 nobis

197 4782 433 4821 omnem
465 4762 888 4835 turpitudinem
923 4764 979 4816 et
1012 4758 1472 4826 immunditiam,
1507 4776 1575 4814 ne
1621 4758 1842 4813 habita-

196 4858 381 4910 torem
414 4852 799 4917 offendamus,
832 4854 890 4905 et
916 4866 950 4905 a
981 4848 1149 4904 nobis
1180 4847 1580 4903 excludamus.
1604 4848 1662 4903 Si
1684 4848 1842 4903 enim

199 4939 452 5014 graviter
482 4940 590 4994 fert
618 4938 770 4993 Deus
800 4934 1087 5009 templum
1118 4952 1292 4989 suum
1316 4936 1717 4991 manufactum
1742 4935 1846 4991 im-

201 5027 509 5085 munditiis
539 5025 719 5098 pollui
749 5030 807 5081 et
834 5024 1150 5097 profanari,
1183 5022 1368 5078 multa
1397 5024 1631 5095 gravius
1663 5025 1772 5079 fert
1792 5029 1848 5080 et

199 5117 458 5174 vindicat
487 5114 772 5188 templum
809 5131 983 5169 suum
1015 5112 1318 5184 spirituale
1356 5112 1700 5168 criminibus
1729 5115 1846 5168 vio-

201 5207 310 5263 lari
341 5210 399 5261 et
445 5204 759 5278 profanari.
813 5203 974 5259 Unde
1024 5200 1284 5257 Paulus:
1339 5224 1367 5250 ‹‹
1418 5201 1663 5256 Nescitis
1715 5202 1853 5274 quia

206 5295 475 5351 membra
520 5298 716 5349 vestra
739 5291 1025 5364 templum
1058 5294 1199 5346 sunt
1235 5290 1487 5361 Spiritus
1535 5292 1718 5345 sancti
1753 5292 1852 5363 qui

206 5383 434 5440 habitat
481 5383 541 5437 in
586 5382 750 5437 vobis
782 5382 832 5451 (Ι
865 5380 981 5436 Cor.
1016 5382 1114 5451 v1).
1148 5403 1175 5429 »
1208 5411 1275 5419 —-
1306 5402 1331 5428 ‹‹
1368 5378 1427 5434 Si
1477 5380 1609 5450 quis
1657 5385 1853 5436 autem

207 5471 500 5545 templum
530 5471 631 5527 Dei
661 5470 1283 5541 violaverit,disperdet
1307 5467 1469 5523 illum
1495 5468 1648 5523 Deus
1668 5470 1713 5539 (I
1732 5473 1854 5527 Cor.

210 5562 355 5633 111).»
374 5564 705 5633 Propterea,
727 5560 935 5614 fratres
967 5558 1319 5626 charissimi,
1340 5575 1574 5612 omnem
1604 5560 1858 5627 sordem,

182 5651 192 5661 “
212 5668 386 5708 omne
401 5651 609 5707 vitium
628 5653 687 5705 et
706 5648 1046 5719 spurcitiam
1069 5647 1663 5714 evitemus,virtutum
1675 5652 1731 5703 et
1745 5666 1862 5705 mo-

1951 4685 2007 4734 et
2038 4694 2215 4750 quam
2241 4675 2573 4746 jucundum
2604 4672 2866 4729 habitare
2900 4671 3105 4725 lratres
3131 4668 3190 4722 in
3222 4682 3406 4721 unum
3424 4662 3594 4735 (Psal.

1951 4767 2181 4836 cxxxu).
2202 4788 2229 4815 ››
2265 4763 2583 4820 Utilissime
2614 4765 2723 4827 est,
2758 4758 3037 4832 quoniam
3066 4772 3203 4812 vera
3230 4752 3460 4809 dilectio
3489 4766 3598 4807 nos

1952 4856 2023 4911 de
2054 4853 2308 4909 inimicis
2340 4852 2517 4907 efﬁcit
2546 4850 2864 4915 amieos,dc
2892 4843 3312 4918 temporalibus
3328 4845 3596 4906 aeternos,

1954 4945 2026 4999 de
2056 4942 2395 4999 hominibus
2424 4942 2583 4996 deos.
2620 4940 2687 4994 Et
2716 4937 2993 5010 quoniam
3034 4932 3268 4990 dilectio
3314 4930 3600 5002 tantisper

1958 5039 2048 5088 est
2096 5030 2425 5087 necessaria
2475 5030 2662 5096 nobis,
2706 5028 2833 5082 ideo
2885 5023 3156 5080 diabolus
3207 5038 3323 5095 prie
3376 5018 3598 5075 caeteris

1959 5122 2109 5177 hanc
2139 5121 2306 5175 nobis
2337 5119 2563 5174 auferre
2589 5116 2846 5172 molitur.
2880 5113 3084 5169 Trahit
3113 5112 3293 5177 enim,
3313 5111 3600 5183 quantum

1960 5210 2247 5283 petest,ad
2279 5207 2719 5263 delectationem
2754 5209 2810 5258 et
2842 5219 3102 5259 amorem
3123 5198 3601 5264 terrenorum,ut,

1963 5301 2103 5355 dum
2136 5299 2338 5354 eadem
2370 5301 2426 5351 et
2454 5313 2488 5350 a
2515 5294 2683 5349 nobis
2715 5297 2772 5349 et
2798 5294 2872 5349 ab
2902 5292 3034 5347 aliis
3085 5288 3601 5363 concupiscuntur,

1965 5386 2184 5444 invidia
2213 5392 2269 5442 et
2296 5386 2495 5441 odium
2528 5385 2679 5439 inter
2723 5400 2829 5438 nos
2873 5382 3213 5446 seminetur,
3245 5383 3304 5435 et
3353 5376 3606 5434 oharitas

1970 5476 2378 5548 exstinguitur.
2415 5473 2474 5529 Si
2503 5489 2660 5545 ergo,
2695 5472 2904 5527 fratres
2948 5470 3083 5542 mei,
3115 5468 3458 5527 charitatem
3507 5464 3607 5521 Dei

1970 5572 2027 5620 et
2058 5563 2301 5637 proximi
2344 5562 2401 5616 in
2453 5562 2620 5617 nobis
2665 5576 3006 5616 conservare
3055 5556 3347 5623 volumus,
3381 5558 3614 5611 terrena

1972 5654 2169 5711 omnia
2199 5656 2664 5722 contemnamus,
2697 5654 2763 5705 ut
2790 5666 2859 5705 ea
2889 5666 2993 5706 nec
3040 5648 3173 5707 aliis
3220 5643 3610 5719 invideamus,
