4008 6072
261 294 423 359 m7

1404 294 1779 359 HOMlLIIE.
1811 328 1891 342 -—
1917 296 1995 359 ΙΙ.
2041 295 2147 358 DE
2188 294 2539 358 SANCTIS.

3508 285 3673 379 i498

260 431 512 487 mortem
540 426 758 501 carnis,
772 426 960 486 videte
985 432 1276 502 quantum
1299 429 1473 486 fuerit
1492 428 1726 486 culmen
1754 447 1912 486 men-
1939 431 1995 498 Α
2026 432 2257 498 bardos,
2275 432 2339 485 ut
2365 428 2599 486 cuidam
2622 426 2887 494 diacono,
2904 441 3079 501 quem
3091 423 3349 482 vinctum
3371 423 3669 493 tenebant,

257 518 354 576 tis.
388 518 551 574 Unde
580 518 711 587 hoc,
732 517 843 575 nisi
868 520 1009 591 quia
1039 519 1396 576 confortatus
1427 524 1515 574 est
1545 519 1909 591 principatus

257 609 509 665 eorum?
538 609 652 665 Sed
702 608 753 664 si
803 609 1024 681 magni,
1072 608 1314 665 forsitan
1363 613 1501 665 sunt
1553 609 1740 680 pauci.
1780 610 1910 665 Ideo

259 697 613 771 subjungit:
662 721 690 748 ‹‹
735 698 1126 753 Dinumerabo
1177 716 1296 764 eos,
1346 703 1402 754 et
1450 715 1627 770 super
1674 714 1910 754 arenam

260 784 819 859 multiplicabuntur
844 787 1026 856 (ibid).
1063 809 1091 837 »
1124 787 1431 854 Quoniam,
1465 805 1598 843 cum
1649 788 1769 842 sint
1801 805 1911 842 nu-

257 874 611 941 merabiles,
633 874 801 931 nobis
832 875 1292 933 innumerabiles
1322 881 1478 932 sunt.
1514 878 1677 945 Ecce,
1702 876 1911 933 fratres

256 964 576 1032 mei,totus
606 964 866 1021 mundus
894 966 1250 1039 martyribus
1270 969 1327 1022 et
1347 966 1555 1022 amicis
1584 967 1685 1022 Dei
1706 967 1912 1039 plenus

250 1056 372 1122 est,
397 1056 464 1108 ut
490 1057 548 1110 et
578 1052 840 1109 inﬁnitos
870 1058 1050 1111 testes
1081 1054 1342 1111 veritatis
1364 1054 1707 1124 habeamus,
1729 1060 1785 1110 et
1805 1072 1912 1111 nos

245 1157 467 1198 eorum
499 1155 742 1197 numero
773 1158 944 1214 posse
974 1142 1097 1198 ﬁeri
1127 1160 1197 1199 ne
1228 1144 1626 1215 desperemus.
1793 1126 1804 1141 ’

316 1229 616 1302 .Sequitur
638 1247 775 1303 pars
797 1231 986 1300 tertia,
1007 1232 1069 1287 in
1089 1249 1206 1305 qua
1238 1233 1517 1289 Dominus
1536 1233 1789 1291 ostendit
1805 1251 1911 1290 nos

262 1318 543 1375 meritum
574 1322 631 1375 et
660 1320 967 1391 praemium
1001 1338 1196 1389 suum,
1224 1339 1336 1378 non
1371 1326 1570 1379 nostro
1601 1323 1909 1395 sapientia,

262 1406 367 1462 sed
400 1423 509 1464 sua
539 1410 767 1464 tantum
799 1409 1300 1483 gratia,consequi
1326 1428 1663 1484 possc,cum
1689 1412 1910 1469 subdit:

261 1496 384 1551 Non
429 1511 520 1551 vos
567 1512 653 1552 me
699 1498 959 1571 elegistis,
990 1500 1081 1554 sed
1118 1516 1214 1569 ego
1260 1502 1402 1570 elegi
1449 1518 1558 1556 vos.
1615 1502 1727 1557 Sed
1777 1519 1911 1557 cum

246 1582 500 1656 ‘Moyses
527 1583 683 1640 dicat
713 1586 785 1641 ad
817 1586 993 1642 Israel
1028 1603 1042 1643 :
1075 1611 1102 1637 ‹‹
1135 1588 1450 1645 Dominum
1482 1588 1709 1662 elegisti
1741 1590 1912 1646 hodie

244 1671 321 1728 in
352 1671 539 1729 Deum
570 1673 744 1746 (Deut.
776 1677 934 1747 xvn),
954 1698 981 1725 »
1004 1681 1061 1733 et
1082 1678 1492 1751 unusquisque
1515 1680 1716 1750 justus
1737 1679 1915 1751 eligat

2018 521 2198 576 vitam
2212 519 2612 575 concederent.
2629 518 2789 584 Quod
2815 533 2949 573 cum
2972 514 3055 571 illi
3083 518 3413 581 renuerent,
3430 513 3670 587 petiitut

2021 610 2272 666 sibieum
2288 609 2583 663 traderent
2596 607 3041 663 custodiendum
3054 603 3669 675 .Tibi,inquiunt,eum

2021 698 2471 755 custodiendum
2485 698 2716 765 damus,
2734 696 2833 751 sed
2852 713 2919 751 ea
2932 693 3264 750 conditione
3277 697 3360 760 ut,
3377 692 3426 748 si
3440 692 3565 764 ipse
3578 692 3669 747 fu-

2020 789 2190 862 gerit,
2217 792 2280 843 tu
2312 804 2416 860 pro
2448 804 2513 842 eo
2548 785 2877 841 moriaris.»
2908 784 3070 850 Quod
3102 784 3186 839 vir
3215 782 3315 838 Dei
3349 782 3670 837 concedens

2021 894 2155 934 eum
2190 878 2246 932 in
2281 894 2389 932 sua
2422 876 2533 931 ﬁde
2566 875 2841 947 suscepit.
2877 876 3058 940 Quem
3094 876 3262 927 nocte
3295 872 3487 927 media
3532 889 3668 927 cum

2022 966 2435 1039 Longobardos
2467 982 2670 1022 omnes
2703 963 3057 1020 dormientes
3077 961 3317 1027 videret,
3336 959 3672 1017 excitavitet

2022 1057 2129 1111 ait:
2146 1080 2173 1105 ‹‹
2191 1057 2374 1129 Surge
2391 1060 2447 1110 et
2463 1053 2810 1127 quantocius
2834 1054 2987 1125 fuge,
3002 1051 3210 1107 liberet
3232 1054 3287 1106 te
3298 1050 3669 1122 omnipotens

2022 1145 2326 1200 Dominus.
2362 1166 2388 1195 ››
2424 1144 2529 1208 Qui
2560 1143 2640 1198 ait
2674 1159 2687 1196 :
2725 1166 2752 1192 ‹‹
2781 1144 3001 1214 Fugere
3025 1158 3138 1195 non
3171 1156 3434 1212 possum,
3479 1139 3665 1207 Pater,

2022 1233 2245 1306 quia,si
2278 1234 2577 1306 fugero,tu
2610 1232 2735 1305 ipse
2768 1248 2870 1305 pro
2904 1224 2998 1286 me
3029 1227 3317 1285 morieris.
3338 1227 3552 1283 nAtvir
3567 1227 3668 1283 Dei

2022 1340 2156 1379 eum
2189 1324 2259 1378 ad
2295 1323 2638 1395 fugiendum
2666 1319 3214 1393 compulit,dicens:
3235 1318 3393 1390 «Ego
3413 1316 3471 1371 in
3490 1333 3667 1371 manu

2023 1413 2124 1468 Dei
2158 1430 2313 1477 sum,
2345 1415 2574 1466 tantum
2606 1410 2667 1466 in
2700 1427 2795 1465 me
2833 1410 3023 1465 facere
3072 1410 3344 1480 possunt,
3378 1408 3666 1478 quantum

2028 1504 2175 1560 Deus
2208 1500 2558 1574 permiserit.
2579 1524 2604 1549 ››
2620 1500 2789 1556 Mane
2810 1497 3171 1572 Longobardi
3191 1495 3689 1551 commendatum.

2022 1590 2351 1663 requirunt.
2386 1592 2569 1656 Quem
2601 1605 2734 1644 cum
2764 1587 2861 1644 ille
2894 1586 3112 1642 diceret
3143 1585 3385 1657 fugisse,
3420 1583 3663 1638 dicunt:

2023 1703 2051 1731 ‹‹
2087 1682 2174 1735 Tu
2223 1684 2349 1753 ipse
2398 1678 2513 1735 scis
2553 1677 2652 1751 qui
2683 1676 2990 1733 convenit?
3019 1697 3047 1726 »
3083 1674 3189 1739 Qui
3222 1673 3303 1728 ait
3336 1690 3348 1728 :
3385 1695 3411 1722 ‹‹
3449 1672 3601 1728 Scio.
3637 1693 3665 1721 ››

263 1759 481 1816 servire
511 1761 853 1835 Deo,magis
879 1781 1056 1837 quam
1090 1768 1492 1840 mundo,quid
1526 1773 1613 1823 est
1635 1770 1790 1841 quod
1811 1769 1989 1871 Do-lB
2027 1793 2055 1820 «
2090 1770 2305 1837 Bonus,
2339 1767 2636 1840 inquiunt,
2670 1767 2845 1823 homo
2895 1783 2956 1821 es
3003 1768 3090 1833 tu,
3139 1762 3415 1823 nolumus
3462 1766 3518 1817 te
3567 1778 3670 1834 per

263 1848 462 1871 κερ---
503 1849 635 1871 ΔΞΑΣΔ
673 1868 684 1871 -
721 1852 805 1871 ινκγ
940 1870 945 1871 ,
1140 1856 1154 1871 ι
1234 1859 1244 1869 ο
1282 1859 1357 1871 .o-
1388 1858 1418 1871 η
1475 1858 1490 1871 ς
1677 1859 1692 1871 1
1779 1857 1814 1871 ιο
1863 1858 1875 1870 ο
2130 1858 2141 1869 ο
2376 1856 2386 1868 ι
2436 1862 2444 1871 .
2683 1856 2693 1866 -
2778 1854 2812 1871 1ο
2872 1870 2877 1871 ,
3046 1856 3149 1871 ln,_-
3279 1849 3380 1871 nu!
3420 1848 3524 1871 -21.-
3604 1848 3660 1871 τ..

263 1848 464 1907 minus
497 1849 639 1907 dicit
672 1868 685 1907 :
714 1852 830 1909 Non
863 1870 952 1910 vos
982 1871 1069 1912 me
1103 1856 1319 1926 elegisti
1336 1861 1358 1913 ?
1387 1858 1493 1913 Sed
1542 1859 1696 1930 quod
1744 1857 1909 1931 eligi-

262 1955 402 1997 mus
433 1938 647 1995 sorvire
677 1941 815 2011 Deo,
847 1960 963 1999 non
996 1948 1085 2000 est
1108 1962 1177 2000 ex
1223 1949 1423 2001 nostra
1472 1947 1779 2019 sapientia,
1809 1947 1909 2003 sed

242 2044 335 2093 ex
364 2026 646 2089 electione
676 2033 733 2085 et
752 2031 940 2103 gratia
969 2032 1185 2088 divina.
1211 2035 1339 2106 Ipse
1361 2035 1516 2090 enim
1551 2035 1915 2109 praeelegitet

266 2115 592 2188 pradilexit
636 2136 764 2189 nos,
813 2124 879 2176 ut
920 2139 1056 2177 eum
1125 2123 1444 2195 diligamus
1497 2128 1553 2179 et
1601 2125 1911 2198 eligamus.

262 2209 405 2277 ’Ego,
454 2206 666 2281 inquit,
727 2210 868 2280 elegi
921 2227 1009 2266 vos
1059 2218 1112 2267 et
1156 2214 1318 2284 posui
1364 2230 1473 2278 vos,
1531 2222 1590 2269 ut
1652 2217 1810 2278 eatis,
1863 2221 1915 2269 et

264 2297 511 2369 fructum
539 2297 806 2370 offeratis,
838 2307 891 2355 et
916 2302 1129 2371 fructus
1160 2310 1333 2358 vester
1361 2312 1600 2359 maneat.
1632 2302 1791 2375 Elegi
1813 2319 1914 2358 vos

265 2384 453 2457 gratis
473 2385 546 2441 ab
577 2390 791 2442 aterno
823 2389 1313 2460 praedestinando,
1347 2393 1514 2464 posui
1551 2410 1653 2448 vos
1696 2393 1754 2448 in
1799 2391 1911 2459 via,

265 2473 451 2545 gratis
484 2473 658 2530 ﬁdem
690 2474 1131 2549 inspirando,ut
1152 2480 1299 2537 eatis
1327 2498 1430 2552 per
1444 2481 1690 2555 gratiam
1715 2498 1916 2555 coope-

265 2566 492 2621 rantem
524 2563 671 2620 bene
700 2564 963 2635 volendo,
980 2571 1036 2623 et
1067 2568 1323 2625 fructum
1346 2572 1601 2626 alferatis
1621 2571 1769 2627 bene
1785 2588 1917 2644 ope-

271 2651 476 2719 rando,
492 2655 549 2707 et
579 2652 804 2710 fructus
833 2659 1024 2712 vester
1044 2663 1278 2723 maneat
1297 2659 1443 2714 bene
1466 2660 1911 2732 perseverando.

240 2738 580 2813 Quidquid,
598 2741 804 2798 fratres
836 2744 971 2816 mei,
995 2751 1233 2818 propter
1261 2764 1519 2819 praesens
1540 2747 1817 2804 saeculum
1835 2749 1915 2804 la-

262 2827 565 2897 boramus,
599 2831 750 2905 fugit
791 2836 846 2887 et
895 2835 1065 2906 perit.
1101 2835 1264 2891 Unde
1316 2836 1603 2909 Propheta
1636 2855 1649 2892 :
1687 2859 1715 2888 «
1765 2838 1911 2893 Cum

263 2915 507 2985 dederit,
540 2916 753 2992 inquit,
779 2920 1006 2978 dilectis
1057 2924 1182 2980 suis
1227 2942 1524 2994 somnum,
1559 2942 1690 2982 cece
1725 2927 1910 2982 beare-

262 3004 419 3062 ditas
449 3007 676 3063 Domini
710 3010 880 3080 (Psal.
914 3015 1120 3081 cxxvr).
1147 3034 1174 3063 η
1209 3014 1493 3079 Quoniam
1526 3032 1659 3070 cum
1692 3021 1913 3088 tempo-

262 3092 404 3150 ralis
452 3094 761 3153 haareditas
808 3098 1044 3167 desinit,
1090 3105 1305 3156 aeterna
1354 3102 1579 3175 incipit.
1614 3103 1906 3160 Vilescant

2024 1858 2213 1914 varios
2234 1856 2527 1913 cruciatus
2550 1856 2718 1923 mori,
2744 1854 2889 1928 elige
2913 1856 3180 1910 mortem.
3220 1874 3245 1900 ››
3279 1849 3385 1914 Qui
3416 1848 3569 1905 ait:«
3604 1848 3666 1904 In

2004 1964 2203 2009 ,manu
2258 1947 2352 2003 Dei
2395 1964 2548 2011 sum,
2600 1962 2666 2000 ea
2705 1948 2890 2000 morte
2936 1959 3027 1998 me
3074 1939 3335 2007 occidite,
3385 1956 3501 2011 qua
3543 1938 3668 2011 ipse

2002 2035 2373 2113 permiserit.
2394 2026 2420 2082 ὖ
2443 2034 2756 2107 Elegerunt
2786 2049 2922 2105 ergo
2943 2031 3132 2086 virum
3170 2027 3666 2100 fortem,quicum

2025 2143 2142 2181 uno
2190 2125 2307 2180 ictu
2354 2128 2625 2179 truncare
2668 2126 2885 2193 posset.
2935 2123 3008 2175 At
3053 2119 3141 2174 vir
3207 2117 3303 2173 Dei
3372 2114 3666 2189 postulato

2024 2215 2227 2270 orandi
2261 2212 2813 2286 spatio,prostratus
2837 2208 3038 2265 oravit.
3057 2208 3236 2272 Quem
3265 2206 3488 2262 diutius
3503 2222 3670 2260 oran-

2023 2308 2141 2359 tem
2173 2303 2461 2376 gladiator
2481 2300 2636 2357 calce
2653 2298 2926 2373 pulsavit,
2947 2301 3009 2352 ut
3026 2299 3289 2370 surgeret
3308 2300 3364 2351 et
3385 2294 3666 2350 cervicem

2022 2391 2425 2456 tenderet.Qui
2458 2389 2677 2447 collum,
2705 2389 3023 2445 extendens
3053 2391 3108 2443 et
3133 2387 3409 2441 eductum
3429 2386 3665 2458 pactum

2022 2482 2254 2538 intuens
2273 2481 2436 2537 dixit.
2458 2504 2478 2530 α
2498 2481 2705 2536 Sancte
2717 2479 2993 2543 Joannes,
3010 2474 3242 2547 suscipe
3260 2472 3441 2530 illam.
3458 2473 3666 2528 ».Tuno

1998 2628 2003 2633 _
2022 2571 2308 2645 gladiator
2321 2585 2708 2643 percussurus
2721 2566 2980 2642 gladium
2996 2564 3221 2634 levavit,
3238 2564 3339 2621 sed
3361 2561 3665 2618 brachium

2021 2660 2284 2733 diriguit.
2298 2660 2461 2724 Quod
2475 2676 2567 2715 om
2578 2675 2678 2714 nes
2696 2656 2794 2730 qui
2808 2657 3049 2712 aderant
3062 2654 3344 2720 videntes,
3358 2652 3409 2707 vi
3420 2668 3667 2723 rumque

2027 2749 2120 2805 Dei
2154 2749 2435 2804 mirantes
2458 2752 2514 2803 et
2541 2747 2871 2813 laudantes,
2888 2748 3093 2817 rogant
3109 2746 3344 2808 eum,ut
3358 2739 3666 2797 brachium

2021 2837 2359 2911 gladiatoris
2407 2836 2496 2894 sui
2547 2838 2798 2891 sanaret.
2851 2834 2991 2905 Ego,
3041 2831 3250 2904 inquit,
3304 2847 3408 2902 pro
3453 2846 3518 2885 eo
3550 2846 3666 2885 non

2020 2927 2219 2996 orabo,
2247 2927 2357 2983 nisi
2391 2926 2555 2998 prius
2582 2922 2869 2995 juraverit
2900 2922 3055 2994 quod
3087 2938 3221 2976 cum
3255 2936 3431 2974 manu
3464 2918 3581 2973 ista
3596 2917 3667 2974 de

2018 3021 2223 3073 caetero
2253 3014 2654 3070 Christianum
2678 3030 2794 3069 non
2816 3011 3059 3068 occidat.
3077 3007 3418 3081 Cuijuranti
3442 3005 3665 3062 brachii

2018 3105 2344 3160 libertatem
2376 3102 2651 3159 restituit.
2685 3107 2829 3157 Cum
2860 3116 2993 3156 vero
3027 3095 3390 3169 Longobardi
3423 3112 3491 3151 ea
3537 3112 3665 3167 quas

259 3182 441 3255 igitur
471 3183 642 3240 nobis
666 3184 894 3242 labores
926 3187 1253 3257 saeculares,
1278 3193 1336 3245 et
1357 3190 1502 3246 tales
1536 3192 1761 3247 fructus
1778 3210 1905 3265 ope-
1936 3175 1977 3242 (ἶ
2018 3193 2331 3265 depraedati
2366 3193 2596 3247 fuerant
2624 3190 2675 3246 ei
2705 3189 2997 3253 offerrent,
3025 3185 3247 3259 respuit
3271 3203 3283 3254 ;
3305 3184 3403 3240 sed
3437 3183 3667 3245 animas

232 3288 458 3334 'remur
475 3272 577 3345 qui
610 3279 906 3331 maneant.
930 3276 1283 3334 Insistamus
1309 3279 1626 3337 virtutibus
1656 3284 1714 3336 et
1735 3281 1911 3337 virtu-

255 3363 383 3416 tum
418 3361 715 3433 operibus,
747 3381 874 3436 quae
888 3381 1120 3438 semper
1142 3368 1482 3435 manebunt,
1503 3386 1616 3425 non
1636 3369 1825 3426 solum
1848 3371 1908 3426 in

255 3440 658 3518 retributione,
693 3452 793 3507 sed
827 3452 1000 3509 etiam
1033 3455 1299 3525 quaedam
1332 3473 1536 3513 eorum
1559 3458 1615 3512 in
1648 3475 1727 3514 re.
1752 3459 1907 3515 Cha-’-

252 3536 396 3592 ritas
428 3537 607 3606 enim,
642 3539 952 3612 sapientia,
978 3543 1231 3614 justitia,
1268 3546 1567 3616 fortitudo,
1592 3549 1904 3615 modestia,

254 3630 313 3680 et
342 3625 704 3697 hujusmodi,
739 3629 798 3684 in
832 3630 930 3686 illa
961 3632 1133 3688 beata
1152 3632 1270 3689 vita
1303 3652 1416 3690 non
1454 3634 1647 3691 solum
1672 3654 1909 3710 perma--

256 3714 502 3783 nebunt,
537 3716 656 3773 imo
688 3718 862 3775 etiam
890 3720 1267 3792 perﬁcientur
1295 3727 1351 3779 et
1371 3726 1903 3796 conﬁrmabuntur,

251 3811 315 3859 ut
344 3804 630 3877 quidquid,
664 3806 873 3880 inquit,
904 3812 1173 3882 petieritis
1204 3812 1426 3869 Patrem
1455 3816 1515 3869 in
1548 3817 1771 3871 nomine
1791 3832 1911 3872 meo

220 3902 223 3919 ⁵
253 3893 343 3950 del
363 3893 607 3962 vobis,id
631 3900 719 3952 est
745 3900 961 3955 aterna
996 3900 1514 3969 beatitudinem,in
1559 3921 1677 3976 qua
1712 3904 1912 3961 omnia

214 3984 456 4053 'optata
503 3985 840 4053 succedent,
892 3987 1010 4042 imo
1059 3988 1232 4061 plura
1277 4008 1456 4065 quam
1507 3996 1725 4064 optata.
1761 3994 1909 4049 Cum

263 4069 422 4126 enim
456 4069 514 4126 in
548 4070 650 4127 illa
679 4078 896 4138 eterna
919 4076 1300 4147 beatitudine,
1326 4079 1444 4135 sint
1474 4081 1647 4149 bona,
1672 4104 1700 4131 «
1733 4099 1912 4155 quam

267 4175 374 4214 nec
401 4158 640 4216 occulus
668 4161 832 4230 vidit,
856 4181 960 4219 nec
993 4167 1153 4221 auris
1184 4166 1422 4237 audivit,
1454 4186 1559 4223 nec
1588 4169 1648 4224 in
1679 4187 1779 4226 cor
1806 4172 1912 4228 ho-

269 4247 451 4303 minis
480 4249 745 4305 ascendit
774 4251 821 4323 (I
849 4253 968 4308 Cor.
1000 4256 1132 4324 11),»
1165 4260 1390 4313 constat
1411 4259 1686 4329 quoniam
1718 4260 1907 4333 plura,

267 4340 325 4392 et
356 4339 581 4409 majora
599 4343 657 4394 et
672 4339 933 4409 meliora,
948 4342 1029 4397 ibi
1053 4344 1221 4400 nobis
1240 4362 1272 4401 a
1290 4345 1405 4402 Deo
1426 4346 1912 4422 dabunturquam

231 4429 465 4498 ,petere
510 4426 978 4486 vel'desiderare
1026 4431 1457 4490 valeamus.'Ad
1510 4453 1657 4508 quae,
1705 4438 1914 4497 fratres

2016 3281 2379 3354 captivorum
2411 3278 2725 3353 postulavit
2745 3283 2801 3334 et
2827 3276 3066 3349 accepit.
3084 3275 3181 3330 Sic
3200 3268 3432 3348 quoque
3446 3272 3664 3328 factum

2019 3373 2108 3424 est
2139 3370 2381 3435 ut,dum
2407 3386 2561 3426 unus
2594 3384 2696 3439 pro
2730 3383 2845 3422 uno
2876 3382 2940 3421 se
2964 3359 3668 3445 morti.obtulit,multosa

2020 3462 2205 3514 morte
2234 3457 2518 3514 liberavit.
2553 3459 2886 3513 Teneamus
2917 3453 3116 3526 igitur,
3150 3451 3358 3507 fratres
3392 3448 3505 3505 mei
3536 3448 3668 3504 cha-

2020 3548 2276 3613 ritatem,
2326 3564 2475 3619 quae,
2518 3547 2691 3618 juxta
2734 3542 3101 3617 Apostolum,
3142 3564 3169 3593 ‹‹
3219 3539 3417 3599 omnia
3459 3537 3662 3605 credit,

2019 3634 2218 3691 omnia
2242 3640 2453 3709 sperat,
2488 3635 2688 3691 omnia
2718 3633 2988 3699 sustinet,
3022 3649 3149 3704 qua:
3180 3646 3486 3702 uunquam
3519 3627 3667 3684 exci-

2020 3724 2105 3780 dit
2134 3727 2183 3793 (I
2224 3726 2345 3781 Cor.
2373 3728 2518 3793 xm),
2552 3745 2580 3774 ››
2616 3740 2717 3780 nec
2766 3740 2906 3779 suos
2952 3723 3351 3778 observatores
3403 3717 3665 3793 excidere

2019 3813 2325 3887 permittit,
2361 3813 2461 3868 sed
2507 3813 2581 3867 ad
2624 3816 2901 3869 aeternam
2946 3809 3371 3871 beatitudinem
3412 3823 3510 3863 eos
3540 3822 3667 3879 per-

2020 3903 2202 3958 duxit.
2217 3903 2300 3957 Ad
2334 3919 2511 3976 quam
2546 3919 2648 3974 per
2679 3919 2810 3958 eam
2839 3918 2945 3957 nos
2978 3900 3293 3972 perducere
3315 3895 3452 3952 velit
3481 3893 3667 3949 omni-

2021 3995 2226 4065 potens
2257 3996 2313 4047 et
2344 3990 2678 4048 misericors
2714 3989 3013 4046 Dominus.
3047 3990 3250 4043 Amen.

2627 4239 2698 4277 DE
2735 4237 3056 4278 APOSTOLIS.

2090 4349 2305 4405 Scimus
2348 4348 2611 4421 quoniam
2656 4347 3013 4415 diligentibus
3060 4346 3227 4400 Deum
3264 4344 3449 4399 omnia
3477 4355 3666 4411 coope-

2022 4446 2218 4495 rantur
2249 4440 2307 4492 in
2340 4438 2558 4502 bonum,
2578 4438 2649 4492 iis
2678 4438 2775 4508 qui
2804 4434 3099 4491 secundum
3122 4433 3462 4505 propositum
3490 4429 3668 4484 vocati

234 4528 235 4531 ‘
269 4513 489 4610 mei,u_t_
516 4518 812 4589 pervenire
844 4524 1487 4588 mereamus,mandata
1509 4524 1607 4581 Dei
1631 4532 1688 4582 et
1718 4531 1917 4600 praeci-
1949 4547 1993 4610 ο
2021 4535 2152 4583 sunt
2174 4528 2351 4582 sancti
2376 4527 2551 4594 (Rom.
2583 4529 2728 4590 vni),
2764 4528 2869 4580 etc.
2903 4524 3160 4587 Quatuor
3188 4520 3280 4575 hic
3328 4515 3661 4591 Apostolus,

268 4618 383 4675 pue
413 4602 787 4662 dilectionem
817 4611 1141 4665 teneamus.
1177 4609 1502 4683 Diligamus
1534 4614 1716 4670 Deum
1751 4616 1911 4688 plus-

238 4707 447 4769 ,quam
479 4710 605 4764 nos,
639 4696 933 4768 proximos
983 4703 1215 4755 nostros
1265 4700 1418 4755 sicut
1466 4719 1590 4758 nos.
1628 4703 1910 4760 Proximis

268 4782 487 4838 nostris
516 4799 805 4856 ponamus
836 4804 950 4843 non
983 4787 1179 4845 solum
1210 4793 1429 4858 nostra,
1451 4791 1549 4846 sed
1575 4791 1751 4847 etiam
1781 4811 1911 4850 nos-

267 4869 569 4943 metipsos.
602 4877 744 4930 Cum
783 4876 939 4932 enim
986 4882 1184 4943 nostra
1232 4879 1595 4952 temporalia,
1629 4884 1684 4937 et
1732 4882 1909 4938 etiam

266 4957 396 5031 ipsa
422 4960 541 5017 vita
566 4965 906 5036 temporalis
934 4965 1194 5022 transeat
1214 4972 1271 5022 et
1291 4973 1507 5040 pereat,
1523 4970 1661 5042 quid
1688 4971 1912 5043 sapien-

223 5055 228 5063 '
263 5047 413 5123 tius,
438 5049 577 5123 quid
612 5053 842 5121 melius,
877 5071 1055 5127 quam
1086 5055 1156 5111 de
1192 5056 1367 5113 rebus
1397 5056 1672 5129 perituris
1723 5060 1909 5116 hiere~

234 5135 508 5194 ‘ditatem
535 5155 728 5197 emere
759 5142 1220 5217 sempiternam?
1248 5146 1391 5201 Ecce
1440 5147 1806 5203 admiramur
1852 5153 1911 5205 et

220 5228 225 5243 ί
264 5225 670 5293 beatiﬁeamus
701 5237 957 5300 sanctos,
991 5233 1090 5306 qui
1122 5250 1225 5306 pro
1256 5235 1357 5291 Dei
1404 5235 1771 5308 proximique
1820 5238 1909 5292 di-

263 5313 511 5382 lectione
532 5336 647 5375 non
680 5320 872 5377 solum
903 5339 1029 5389 sua,
1061 5324 1159 5379 sed
1213 5323 1390 5379 etiam
1441 5324 1666 5397 seipsos
1698 5343 1908 5397 posue-

263 5407 422 5461 runt.
439 5408 624 5472 Quare
658 5409 838 5482 igitur
862 5427 977 5466 non
1010 5411 1312 5469 imitamur
1333 5413 1470 5469 eos?
1492 5413 1684 5468 Refert
1701 5414 1907 5472 beatus

200 5492 579 5565 ;,;;Gnegorius
608 5496 765 5568 quod
794 5498 1033 5570 quidam
1062 5500 1381 5574 presbyter,
1407 5501 1644 5557 nomine
1673 5501 1910 5559 Sancto-

212 5580 871 5651 :irigivir..fuit.nimiaa
898 5586 1241 5653 .ebaritatis.
1277 5589 1377 5651 llic
1414 5591 1637 5663 rogavit
1687 5590 1909 5665 Longo-

2023 4616 2229 4671 fratres
2284 4615 2419 4680 mei,
2470 4613 2628 4669 dicit.
2681 4612 2873 4667 Primo
2923 4609 3235 4682 siquidem,
3279 4607 3420 4662 dicit
3466 4604 3665 4661 omnia

2021 4703 2220 4760 electis
2249 4703 2308 4757 in
2360 4703 2581 4758 bonum
2630 4700 2944 4772 cooperari.
2980 4697 3266 4764 Secundo,
3302 4697 3666 4751 demonstrat

2019 4810 2133 4866 quo
2147 4792 2349 4849 ordine
2375 4793 2523 4847 Deus
2541 4790 2905 4863 propositum
2922 4785 3218 4845 electionis
3235 4802 3353 4841 suae
3370 4782 3666 4856 compleur

2021 4882 2080 4936 in
2123 4882 2227 4938 eis.
2272 4880 2483 4947 Tertio,
2538 4879 2679 4935 dicit
2721 4878 3015 4935 neminem
3074 4892 3245 4949 posse
3312 4874 3397 4929 eis
3457 4888 3663 4929 nocere

2019 4971 2253 5037 Quarto,
2289 4968 2434 5024 nihil
2482 4986 2651 5041 posse
2693 4985 2790 5024 eos
2834 4984 2866 5023 a
2915 4972 3029 5022 Deo
3077 4981 3366 5037 separare.
3402 4961 3661 5017 Primum

2017 5059 2197 5131 igitur
2226 5060 2588 5114 demonstrat
2614 5057 2809 5113 omnia
2826 5055 2884 5111 in
2912 5056 3131 5112 bonum
3148 5054 3345 5111 electis
3367 5049 3661 5125 cooperari

2020 5166 2155 5203 cum
2206 5147 2367 5215 dicit,
2399 5149 2620 5209 scimus,
2648 5150 2755 5201 etc.
2790 5150 2873 5202 Ac
2923 5145 2972 5201 si
3022 5145 3177 5201 dicat
3207 5160 3221 5199 :
3252 5144 3367 5199 Nos
3415 5139 3661 5213 apostoli

2023 5236 2139 5306 Dei,
2191 5253 2442 5309 quorum
2491 5235 2833 5291 auctoritate
2883 5236 3238 5291 credendum
3287 5237 3394 5299 est,
3438 5232 3661 5288 scimus

2020 5342 2133 5381 non
2166 5343 2269 5397 per
2299 5324 2482 5380 solam
2518 5323 2966 5387 scientiam,sed
2988 5324 3160 5379 etiam
3187 5340 3288 5396 per
3304 5322 3662 5393 experimen-

2019 5419 2166 5479 tum,
2184 5414 2337 5487 quod
2359 5413 2558 5468 omnia
2580 5416 2962 5485 cooperantur
2977 5413 3035 5468 in
3048 5413 3265 5468 bonum
3282 5411 3661 5485 diligentibus

2019 5509 2219 5560 Deum.
2269 5503 2402 5570 Sed,
2449 5502 2726 5574 quoniam
2778 5502 3018 5574 quidam
3066 5501 3317 5573 diligunt
3369 5501 3546 5556 Deum
3588 5501 3660 5555 ad

2018 5593 2221 5650 horam
2249 5610 2262 5660 ;
2298 5591 2483 5663 addit,
2518 5593 2588 5648 iis
2617 5593 2735 5663 qui,
2764 5591 3062 5649 secundum
3088 5592 3427 5667 propositum
3453 5587 3660 5645 divinae
