4008 6072
410 278 567 380 i499

1646 322 2045 386 RADULPHI
2092 274 2506 386 ARDENTIS:

3653 318 3826 383 1500

410 448 708 507 electionis
736 452 916 508 vocati
959 460 1105 519 sunt,
1137 455 1201 509 ut
1232 453 1351 511 sint
1388 456 1585 511 sancti.
1620 455 1800 528 Eque
1830 456 2047 525 omnia,
2080 458 2134 525 Α
2164 457 2371 512 fratres
2401 456 2535 525 mei,
2572 456 2726 513 Deus
2756 453 2968 513 electos
2998 457 3237 527 propter
3264 454 3461 510 futura
3489 453 3703 511 merita
3729 472 3825 511 eo-

412 541 769 613 prosperitas
837 546 894 597 et
951 543 1293 612 adversitas,
1338 546 1560 599 sanitas
1609 563 1670 601 es
1717 546 2049 614 infirmitas,

411 628 571 685 favor
618 635 674 686 et
720 632 1121 699 contradictio,
1156 652 1265 705 pax
1314 639 1371 688 et
1420 639 1737 700 certamen,
1784 653 1949 690 amor
1996 640 2055 691 et

412 718 766 785 odium,vita
796 725 853 775 et
877 739 1053 784 mors,
1080 727 1134 776 et
1163 727 1366 778 caetera
1396 722 1686 778 universa.
1719 724 1878 779 Sicut
1899 724 2053 779 enim

413 808 1052 880 prosperitas,sanitas,
1074 811 1230 865 favor
1250 817 1306 867 et
1337 830 1647 884 pax,amor
1678 817 1733 867 e‘.
1762 814 2057 875 vita,dant

412 897 559 952 bene
582 898 788 969 agendi
805 900 1295 969 opportunitatem
1314 906 1366 956 et
1382 901 1685 956 materiam
1699 901 1895 957 electis
1909 902 2056 957 itaet

412 985 485 1041 iis
517 988 808 1042 contraria
838 988 980 1042 dant
1012 990 1230 1044 eisdem
1264 990 1409 1045 bene
1439 990 1648 1062 agendi
1692 992 2054 1047 occasionem

411 1079 469 1131 et
499 1075 988 1131 exercitationem.
1019 1079 1119 1133 Per
1150 1080 1561 1135 adversitatem
1592 1081 1806 1153 quippe
1837 1098 2058 1135 exerce-

413 1167 510 1219 tur
524 1169 857 1221 sanctorum
880 1168 1177 1238 patientia,
1196 1169 1706 1240 perinﬁrmitatem
1728 1170 2055 1237 humilitas,

413 1270 516 1325 per
545 1256 1063 1313 contradictionem
1098 1258 1403 1330 sapientia,
1443 1276 1545 1330 per
1576 1264 1869 1314 certamen
1902 1260 2059 1315 forti-

413 1343 575 1409 tudo,
592 1361 693 1416 pcr
707 1346 901 1401 odium
928 1347 1342 1414 benevolentia,
1362 1367 1463 1421 per
1488 1353 1733 1404 mortem
1755 1349 2058 1421 ingressus

416 1433 487 1487 ad
538 1434 799 1506 requiem
851 1437 1127 1507 aperitur.
1163 1438 1277 1493 Nec
1326 1438 1449 1493 sola
1497 1439 1628 1499 ista.
1664 1439 1870 1493 fratres
1920 1438 2054 1505 mei,

415 1528 799 1593 cooperantur
842 1526 1039 1581 electis
1080 1526 1137 1580 in
1191 1528 1431 1593 bonum,
1465 1528 1565 1583 sed
1607 1528 1781 1582 etiam
1815 1528 1937 1599 ipse
1970 1544 2059 1582 ex-

419 1626 619 1665 cessus
653 1616 709 1667 et
738 1630 930 1682 casus,
965 1615 1243 1687 quoniam
1277 1616 1617 1672 humiliores
1663 1620 1977 1689 resurgunt
2006 1621 2062 1671 et

416 1698 1075 1760 doctiores.Econtrario
1103 1722 1334 1777 quoque
1359 1706 1618 1778 reprobis
1650 1707 1845 1760 omnia
1862 1723 2061 1778 coope-

415 1792 624 1844 rantur
650 1789 709 1844 in
743 1791 963 1847 malum
991 1811 1004 1860 ;
1036 1811 1140 1849 nec
1172 1794 1361 1850 solum
1394 1795 1567 1861 mala,
1603 1796 1704 1851 sed
1734 1796 1909 1852 etiam
1934 1795 2062 1867 ipsa

414 1876 590 1939 bona,
615 1880 755 1935 dum
788 1881 859 1936 de
888 1883 973 1938 eis
1005 1883 1374 1956 superbiunt,
1405 1885 1545 1940 dum
1583 1887 1691 1941 Deo
1713 1885 1925 1959 ingrati
1949 1886 2063 1941 exi-

418 1971 604 2035 stunt,
638 1969 779 2024 dum
813 1970 895 2026 eis
919 1973 1263 2039 abutuntur,
1297 1974 1436 2029 dum
1470 1992 1536 2030 ea
1568 1975 1849 2030 inutiliter
1869 1975 2060 2031 occul-

415 2058 565 2125 tant,
598 2057 739 2113 dum
762 2076 876 2114 non
909 2067 1298 2133 perseverant.
1331 2063 1657 2135 Propterea,
1683 2064 1890 2119 fratres
1923 2063 2057 2132 mei,

413 2160 646 2217 semper
674 2148 1012 2215 timeamus,
1029 2156 1083 2205 et
1103 2151 1415 2207 Dominum
1437 2152 1727 2225 suspiriis,
1748 2153 2059 2208 Dominum

414 2234 731 2305 gemitibus
763 2241 819 2291 et
844 2236 1118 2311 lacrymis
1143 2241 1507 2296 incessanter
1557 2258 1882 2308 exoremus,
1915 2259 2057 2313 qua-

413 2325 585 2377 tenus
612 2324 683 2378 de
714 2342 957 2382 numero
992 2330 1370 2401 reproborum
1405 2347 1510 2385 nos
1542 2329 1842 2402 eripiat,et
1873 2331 1931 2386 in
1956 2348 2060 2385 nu-

416 2426 576 2466 mero
588 2410 903 2469 electorum
918 2434 1159 2473 suorum
1175 2436 1280 2473 nos
1294 2436 1396 2490 per
1412 2419 1871 2474 misericordiam
1887 2437 2056 2474 suam

415 2500 688 2569 ascribat,
705 2506 762 2559 et
792 2505 990 2561 omnia
1019 2507 1187 2563 nobis
1212 2508 1383 2563 faciat
1404 2508 1463 2563 in
1488 2510 1705 2564 bonum
1739 2502 2055 2580 cooperari.

488 2589 765 2663 Sequitur
791 2611 926 2666 pars
959 2598 1238 2665 secunda,
1272 2598 1328 2653 in
1364 2616 1479 2671 qua
1508 2598 1872 2654 demonstrat
1908 2598 2056 2670 Apo-

417 2677 603 2736 stolus
634 2697 748 2753 quo
780 2684 979 2740 ordine
1013 2686 1163 2741 Deus
1197 2687 1559 2759 pr0positum
1592 2687 1890 2743 electionis
1940 2703 2057 2742 sua;

417 2768 679 2838 perficiat
718 2770 777 2826 in
827 2772 1066 2843 sanctis,
1100 2791 1231 2830 cum
1282 2776 1482 2831 subdit
1515 2794 1527 2831 :
1561 2778 1699 2832 Nam
1745 2793 1877 2849 quos
1921 2792 2056 2848 prte-

415 2858 575 2912 scivit
635 2860 762 2929 ﬁeri
820 2864 1121 2934 conformes
1190 2867 1451 2935 imaginis
1500 2868 1634 2921 Filii
1676 2868 1785 2931 sui,
1833 2874 1893 2920 ut
1942 2867 2059 2937 ipse

412 2946 816 3016 primOgenitus
860 2952 922 3005 in
971 2953 1160 3008 multis
1201 2955 1488 3024 fratribus.
1524 2956 1665 3023 Quos
1707 2963 1891 3011 autem
1914 2969 2056 3025 prce-

417 3031 727 3103 destinavit,
775 3038 870 3094 hos
914 3048 966 3095 et
1014 3044 1244 3097 vocavit.
1298 3045 1362 3098 Et
1406 3060 1538 3115 quos
1586 3045 1812 3107 vocavit,
1855 3043 1948 3097 hos
2010 3048 2062 3096 ct

416 3122 747 3194 iustiﬁcavit.
793 3130 855 3183 Et
904 3146 1034 3201 quos
1072 3131 1418 3202 justiﬁcavit,
1472 3134 1567 3188 hos
1613 3141 1665 3188 et
1709 3132 2055 3203 gloriﬁcavit.

420 3210 553 3279 Sed,
578 3216 855 3285 quoniam
889 3220 1177 3289 praescire,
1213 3224 1270 3275 et
1298 3222 1369 3276 ad
1400 3221 1552 3277 bono
1585 3225 1642 3276 et
1671 3222 1743 3276 ad
1795 3219 1950 3275 mala
1998 3235 2059 3274 se
2090 3204 2133 3269 (ἶ

418 3297 975 3368 babet,determinat
1008 3308 1079 3362 ad
1112 3312 1393 3380 quantam
1425 3308 1671 3382 gloriam
1706 3327 1804 3364 eos
1835 3307 2061 3380 praesci-

418 3388 503 3443 vit
549 3407 679 3445 cum
732 3394 954 3463 subdit,
984 3397 1109 3468 ﬁeri
1153 3400 1457 3468 conformes
1500 3399 1610 3453 Flii
1653 3400 1765 3463 sui,
1813 3401 1944 3463 etc.,
1997 3399 2063 3450 ut

421 3477 641 3533 scilicet
673 3481 815 3537 fiant
842 3484 1004 3555 prius
1037 3486 1250 3541 mentis
1272 3487 1652 3552 novitate,et«
1670 3490 1801 3557 post
1829 3486 2064 3540 immor-

421 3565 644 3622 talitate
684 3570 1009 3627 conformes
1064 3573 1189 3628 Filii
1240 3575 1354 3641 sui,
1400 3576 1500 3647 qui
1533 3579 1621 3629 est
1652 3575 1844 3647 imago
1876 3574 2063 3630 Patris

425 3657 578 3724 (Heb.
612 3659 674 3724 1),
710 3678 736 3707 »
774 3662 839 3713 ut
872 3660 1025 3716 sicut
1056 3666 1433 3733 portaverant
1461 3663 1777 3735 imaginem
1826 3662 2062 3730 terreni,

424 3748 657 3816 portent
704 3746 1021 3819 imaginem
1070 3750 1343 3818 caelestis,
1384 3751 1465 3806 ita
1513 3755 1710 3807 tamen
1758 3761 1818 3807 ut
1863 3754 1915 3807 si
1954 3754 2066 3824 ipse

424 3832 692 3888 Christus
718 3836 1138 3906 primogenitus,
1160 3838 1379 3895 scilicet
1409 3838 1637 3911 primus
1659 3840 1784 3895 sine
1808 3844 2066 3912 peccato,

425 3927 741 3994 conceptus
772 3928 828 3979 et
858 3928 1051 3992 natus,
1084 3932 1141 3982 et
1171 3927 1399 3999 primus
1430 3945 1742 4000 resurgens
1772 3931 1833 3984 in
1877 3930 2068 3985 multis

424 4013 709 4082 fratribus,
744 4012 853 4068 hoc
885 4018 974 4069 est
1004 4014 1155 4071 inter
1199 4016 1414 4071 multos
1445 4017 1653 4072 fratres
1683 4018 1837 4081 Quos
1870 4034 1983 4073 non
2004 4017 2065 4073 in

428 4116 494 4155 eo
526 4101 679 4171 quod
714 4102 1076 4175 unigenitus,
1111 4104 1211 4160 sed
1244 4105 1302 4159 in
1334 4122 1399 4161 eo
1440 4107 1593 4177 quod
1644 4105 2068 4178 primogenitus

428 4193 534 4253 est,
569 4206 683 4245 non
715 4190 1095 4246 confunditur
1123 4192 1328 4248 lratres
1356 4210 1580 4249 vocare.
1617 4196 1757 4262 Quos
1790 4195 2067 4267 praedesti-

370 4354 387 4364 .
426 4276 675 4341 navit,id
699 4283 787 4334 est
816 4282 949 4335 ante
974 4296 1151 4351 quam
1185 4286 1382 4336 essent
1402 4281 1485 4337 eis
1506 4282 1755 4355 gratiam
1788 4300 2070 4356 praepara-

428 4365 698 4430 vit.Quos
721 4372 915 4423 autem
948 4370 1525 4441 praedestinavit,hoc
1555 4388 1687 4426 cum
1701 4373 1827 4443 jam
1852 4378 2068 4442 essent,

430 4456 500 4511 ad
543 4455 702 4511 illam
753 4458 1002 4529 gratiam
1049 4459 1289 4525 vocavit,
1342 4460 1771 4531 praedicatione,
1819 4461 1906 4515 vel
1958 4462 2070 4517 alio

432 4545 793 4634 mo‘do.Quos
826 4550 1023 4601 autem
1056 4546 1140 4603 sic
1169 4547 1411 4616 vocavit,
1430 4547 1535 4603 hos
1567 4565 1669 4619 per
1698 4548 1856 4605 illius
1872 4551 2070 4621 gratiae
2100 4571 2147 4634 Ι)

431 4632 799 4689 collationem
884 4634 1250 4707 justiﬁcavit,
1296 4641 1361 4691 ut
1416 4637 1475 4691 in
1542 4641 1758 4693 aeterna
1822 4639 2068 4694 beatitu-

430 4723 564 4777 dine
590 4723 639 4778 ei
664 4721 888 4779 similes
918 4724 1055 4779 sint.
1071 4724 1352 4780 Similiter
1371 4726 1695 4781 econtrario
1727 4726 1917 4782 dicere
1947 4745 2076 4799 pos-

430 4828 636 4867 sumus
668 4813 737 4867 de
768 4813 1049 4885 reprobis.
1084 4813 1331 4876 Quniam
1383 4831 1530 4886 quos
1579 4818 1732 4870 Deus
1778 4818 2076 4887 praesentit

430 4900 659 4956 futuros
686 4901 909 4957 similes
941 4901 1317 4969 diabolo,hos
1349 4902 1675 4974 reprobavit
1700 4922 1712 4971 ;
1746 4909 1802 4959 et
1824 4922 1969 4976 quos
1990 4922 2074 4961 re-

430 4988 717 5060 probavit,
750 4990 859 5045 hos
889 4991 1155 5062 quamvis
1183 4992 1254 5047 ad
1289 4992 1465 5047 fidem
1500 4991 1725 5064 aliquos
1756 5010 1955 5049 eorum
1979 5011 2071 5050 vo-

432 5078 666 5143 caverit,
700 5077 931 5148 abjecit.
966 5080 1034 5133 Et
1063 5096 1209 5151 quos
1241 5080 1472 5151 abjecit,
1506 5080 1612 5136 hos
1666 5081 1724 5136 in
1757 5083 2069 5154 reprobum

432 5183 673 5221 sensum
705 5170 761 5220 et
791 5166 849 5219 in
882 5167 1182 5237 passiones
1214 5169 1547 5242 ignominiae
1578 5170 1835 5238 tradidit,
1852 5175 1907 5227 et
1930 5190 2077 5243 quos

430 5254 490 5309 in
521 5254 629 5309 hoc
649 5253 908 5321 tradidit,
925 5255 1241 5312 damnavit.
1258 5259 1368 5314 Sed
1395 5259 1604 5326 differt,
1622 5260 1897 5331 quoniam
1915 5261 2078 5316 dam—

432 5342 625 5397 nando
656 5343 984 5414 reprobavit
1019 5346 1187 5414 Deus,
1225 5347 1361 5418 quia
1390 5348 1686 5419 prmsentit
1714 5366 1812 5405 eos
1844 5350 2074 5406 futuros

433 5430 640 5486 malos.
674 5432 785 5487 Sed
837 5432 1050 5491 electos
1101 5452 1217 5490 non
1260 5435 1390 5491 ideo
1439 5437 1891 5508 praedestinavit,
1936 5438 2076 5510 quia

433 5520 687 5591 prmcivit
716 5538 813 5577 eos
846 5523 1073 5579 futuros
1104 5524 1307 5591 bonos,
1342 5525 1459 5579 imo
1488 5526 1680 5597 potius
1719 5526 1846 5582 ideo
1892 5527 2071 5583 futuri

429 5613 595 5664 erant
625 5610 781 5679 boni,
808 5612 949 5684 quia
979 5613 1133 5677 Deus
1154 5614 1587 5685 praedestinavit
1608 5632 1726 5672 eos.
1742 5616 1867 5672 Non
1891 5617 2068 5688 enim,

2164 565 2293 602 rum
2323 546 2774 619 praedestinavit,
2791 546 2892 601 sed
2917 546 3111 616 potius
3142 543 3324 617 gratis
3356 544 3819 616 praedestinavit,

2164 637 2346 709 gratis
2358 635 2596 701 vocavit,
2611 636 2792 709 gratis
2798 635 3165 707 justificavit,
3181 634 3363 704 gratis
3389 634 3817 707 magnificavit;

2164 727 2473 781 damnatos
2515 742 2645 781 vero
2696 729 2931 797 propter
2984 724 3195 778 merita
3225 739 3425 778 eorum
3458 722 3818 795 reprobavit,

2165 816 2377 886 abjecit
2405 820 2461 870 et
2491 811 3188 884 damnavit.Quare,quia
3209 811 3377 867 electi
3398 828 3513 866 non
3543 829 3577 866 a
3607 828 3692 877 se,
3712 812 3817 867 sed

2165 923 2199 961 a
2230 906 2344 960 Deo
2376 904 2508 959 boni
2543 906 2699 958 sunt.
2736 902 2871 958 Mali
2901 918 3033 957 vero
3080 915 3195 955 non
3237 917 3304 956 ex
3345 900 3480 966 Deo,
3514 900 3615 955 sed
3648 917 3724 955 ex
3756 917 3816 955 se

2166 993 2305 1049 mali
2325 1000 2481 1048 sunt.
2498 993 2801 1048 Neminem
2826 996 3046 1057 tamen,
3063 990 3271 1045 fratres
3288 988 3639 1056 charissimi,
3656 990 3814 1045 Deus

2168 1100 2201 1138 a
2232 1101 2339 1138 sua
2368 1082 2555 1155 gratia
2578 1080 2824 1154 repellit,
2858 1080 3135 1135 omnibus
3168 1095 3296 1133 eam
3329 1078 3514 1134 otl‘ert.
3547 1078 3671 1133 Non
3730 1095 3815 1134 re-

2167 1170 2349 1243 pellit,
2384 1171 2495 1225 nisi
2550 1169 2931 1243 repellentem
2982 1186 3063 1223 se.
3099 1168 3318 1239 Itaque,
3353 1167 3401 1222 si
3432 1166 3727 1233 volumus,
3763 1172 3816 1223 et

2168 1260 2655 1332 praedestinamur
2675 1264 2732 1314 et
2761 1256 3389 1321 salvamur.Volumus,
3415 1255 3463 1310 si
3494 1256 3643 1311 bene
3675 1273 3811 1329 ope-

2168 1353 2692 1419 ramur,quantum
2716 1364 3054 1420 possumus.
3071 1346 3233 1410 Quod
3262 1345 3311 1401 si
3340 1361 3453 1400 non
3476 1361 3814 1417 operamur,

2168 1443 2325 1511 patet
2355 1438 2493 1511 quia
2522 1438 2772 1510 perfecte
2804 1454 2919 1492 non
2947 1435 3240 1491 volumus.

2241 1571 2663 1644 Sequiturpars
2676 1568 2931 1637 tertia,in
2946 1586 2979 1641 q
2990 1570 3512 1625 uademonstratur
3521 1568 3813 1623 neminem

2170 1679 2341 1735 posse
2355 1661 2551 1718 electis
2566 1676 2792 1724 nocere,
2806 1676 2939 1713 cum
2963 1658 3262 1714 subditur:
3283 1658 3422 1726 Quid
3438 1674 3564 1728 ergo
3575 1657 3814 1712 dicemus

2169 1753 2240 1807 ah
2270 1753 2402 1817 hazc,
2436 1748 2707 1815 subaudi,
2733 1747 2845 1804 nisi
2869 1749 3024 1820 quod
3055 1764 3124 1803 ex
3153 1747 3268 1802 Deo
3298 1746 3467 1801 nobis
3497 1745 3732 1801 omnia?
3761 1750 3817 1801 et

2091 1831 2137 1896 B
2168 1859 2339 1898 nemo
2391 1839 2603 1912 poterit
2647 1840 2803 1894 nobis
2848 1854 3058 1893 nocere.
3094 1838 3155 1893 Si
3199 1838 3337 1893 Deus
3367 1842 3446 1891 est
3475 1835 3693 1907 inquit,
3719 1850 3817 1906 pro

2171 1933 2345 1997 nobis,
2379 1947 2493 1985 non
2525 1928 2838 1985 existentes
2870 1925 3092 1981 scilicet
3121 1923 3819 1998 prmdestinando,adver-

2173 2037 2270 2076 sos
2297 2019 2578 2089 vocando,
2593 2021 2927 2090 peccatores
2940 2014 3343 2086 justiﬁcando,
3361 2011 3638 2068 mortales
3654 2010 3818 2085 glori-

2172 2107 2423 2173 ﬁcando,
2453 2123 2549 2177 qui
2579 2114 2768 2162 contra
2797 2120 2913 2169 nos,
2965 2102 3241 2170 subaudi,
3278 2099 3491 2174 qoterit
3518 2099 3732 2167 valere,
3755 2104 3816 2155 ut

2172 2213 2286 2251 non
2318 2195 2516 2251 omnia
2545 2193 2714 2250 nobis
2745 2194 2901 2250 Deus
2932 2194 3273 2265 cooperetur
3302 2190 3361 2246 in
3391 2188 3659 2245 bonum?
3688 2187 3817 2244 Nul-

2171 2284 2263 2341 lus
2295 2301 2555 2357 prorsus.
2590 2283 2742 2338 Sunt
2774 2280 3010 2354 quidem
3042 2278 3179 2335 mali
3209 2282 3417 2335 contra
3446 2282 3683 2335 sanctos
3730 2295 3815 2333 vo-

2169 2374 2414 2440 luntate,
2448 2373 2549 2428 sed
2584 2390 2699 2427 non
2730 2370 3010 2438 efficacia,
3042 2369 3161 2425 imo
3192 2368 3408 2441 potius,
3446 2368 3590 2423 dum
3622 2367 3814 2423 eisne-

2169 2479 2299 2518 core
2330 2462 2587 2527 student,
2622 2460 2707 2516 eis
2738 2464 3007 2532 prosunt,
3040 2463 3097 2514 et
3126 2458 3238 2515 sibi
3272 2461 3502 2525 nocent,
3528 2458 3705 2528 juxta
3750 2454 3810 2511 il-

2166 2551 2270 2607 lud
2302 2568 2315 2606 :
2354 2575 2375 2599 «ι
2412 2551 2594 2606 Draco
2618 2548 2713 2604 ille
2744 2566 2918 2621 quem
2951 2547 3216 2604 formasti
3248 2547 3321 2603 ad
3349 2545 3719 2602 illudendum
3733 2544 3813 2599 eis

2166 2642 2337 2709 (Psal.
2391 2640 2528 2712 CIII).
2564 2661 2591 2690 ››
2626 2638 2771 2703 Quia
2801 2637 3000 2705 etiam,
3032 2635 3244 2709 inquit,
3277 2636 3387 2692 hoc
3418 2634 3723 2708 singulare
3759 2637 3812 2689 et

2168 2728 2512 2785 admirabile
2539 2728 2887 2784 beneficium
2920 2726 3089 2782 nobis
3120 2724 3389 2793 contulit,
3420 2724 3561 2797 quod
3588 2725 3809 2796 proprio

2166 2820 2313 2875 Filio
2340 2835 2438 2874 suo
2468 2834 2576 2873 non
2600 2819 2858 2889 pepercit,
2893 2817 2983 2872 sed
3008 2833 3108 2889 pro
3152 2814 3404 2871 omnibus
3453 2812 3629 2868 etiam
3681 2828 3809 2884 pec-

2168 2907 2463 2965 catoribus
2488 2906 2740 2962 hostiam
2773 2903 3161 2962 sufﬁciean
3193 2902 3423 2960 tradidit
3452 2903 3634 2957 illum.
3672 2902 3809 2968 Quo-

2166 2996 2321 3053 modo
2347 3014 2457 3052 non
2485 2998 2653 3052 etiam
2682 3012 2805 3051 cum
2834 2996 2931 3050 illo
2960 2996 3143 3050 omnia
3172 2994 3327 3049 nobis
3355 2990 3813 3063 donavit?Argu-

2170 3090 2434 3143 mentum
2466 3090 2553 3141 est
2574 3103 2607 3141 a
2637 3083 2866 3157 majori.
2902 3082 3010 3147 Qui
3041 3083 3196 3139 enim
3225 3081 3385 3137 dedit
3415 3080 3585 3136 nobis
3618 3079 3811 3151 ipsum

2173 3176 2507 3242 Dominum,
2524 3174 2864 3230 deditnobis
2878 3189 2970 3229 res
2986 3171 3173 3245 ipsius
3199 3170 3453 3226 Domini.
3479 3167 3811 3225 Undeidem

2173 3264 2388 3320 Paulus
2418 3280 2431 3319 :
2458 3288 2485 3313 «
2522 3263 2750 3329 Omnia,
2778 3262 2987 3335 inquit,
3023 3265 3223 3317 nostra
3253 3263 3409 3329 sunt,
3424 3258 3543 3315 sive
3574 3256 3812 3325 Paulus,

2171 3354 2291 3410 sive
2302 3352 2522 3425 Apollo,
2539 3351 2657 3408 sive
2668 3351 2760 3407 hic
2774 3350 3053 3419 mundus,
3070 3348 3294 3405 sivehic
3308 3348 3586 3415 mundus,
3607 3345 3729 3402 sive
3739 3344 3816 3399 vi-

2170 3448 2250 3509 ta,
2266 3444 2385 3499 sive
2417 3460 2596 3507 mors,
2612 3440 2731 3496 sive
2756 3438 3085 3513 praesentia,
3102 3439 3220 3494 sive
3247 3437 3448 3492 futura
3463 3440 3514 3505 (Ι
3528 3436 3653 3492 Cor.
3679 3437 3766 3502 ιιι)
3784 3455 3809 3484 ι»

2172 3533 2315 3588 Boni
2347 3531 2562 3603 quippe
2592 3530 2710 3585 sive
2734 3527 3158 3596 homines,sive
3189 3524 3401 3600 angeli,
3435 3525 3616 3581 nostri
3654 3528 3810 3587 sunt,

2174 3622 2313 3694 quia
2341 3638 2447 3675 nos
2469 3620 2698 3691 juvant.
2730 3616 2887 3687 Mali,
2920 3615 3038 3672 sive
3068 3614 3493 3681 homines,sive
3526 3614 3816 3669 daemones

2173 3708 2361 3767 nostri
2392 3713 2550 3779 sunt,
2575 3707 2852 3779 quoniam
2885 3723 2991 3761 nos
3023 3703 3820 3771 exercent.Mundus,noster

2175 3804 2282 3868 est,
2317 3804 2381 3854 ut
2412 3797 2645 3853 servitio
2674 3797 2802 3868 ejus
2832 3796 2979 3851 bene
3006 3797 3262 3861 utamur,
3275 3792 3393 3847 vita
3421 3808 3816 3865 prtesens,no-

2177 3892 2506 3959 straest,ut,
2523 3903 2625 3958 per
2635 3902 2763 3941 eam
2777 3884 2925 3940 bene
2939 3899 3288 3938 mereamur.
3304 3881 3481 3949 Mors,
3498 3882 3817 3944 nostraest,

2177 3982 2241 4034 ut
2263 3995 2363 4050 per
2382 3993 2509 4031 eam
2535 3975 2605 4029 ad
2630 3971 2889 4045 requiem
2904 3976 3298 4027 transeamus.
3317 3969 3633 4025 Praesentia
3648 3970 3818 4034 bona,

2179 4070 2378 4122 nostra
2421 4067 2581 4130 sunt,
2632 4066 2696 4117 ut
2736 4078 2841 4134 per
2888 4077 2956 4116 ea
2999 4059 3232 4116 servitio
3273 4059 3373 4115 Dei
3428 4057 3819 4115 consolemur.

2180 4156 2636 4221 Futura,nostra
2667 4154 2909 4217 sunt,ut
2939 4166 3139 4204 eorum
3172 4147 3446 4204 felicitate
3462 4147 3520 4202 in
3540 4150 3820 4202 aeternum

2182 4243 2574 4317 perfruamur.
2625 4241 2775 4308 Quis,
2806 4238 3021 4311 inquit,
3044 4239 3322 4293 accusabit
3345 4237 3608 4292 admersus
3636 4236 3824 4291 electos

2177 4335 2320 4389 Dei?
2342 4332 2421 4388 ita
2452 4329 2675 4387 scilicet
2704 4328 2860 4401 quod
2894 4326 3192 4383 accusatio
3222 4344 3422 4382 eorum
3457 4329 3663 4381 noceat
3686 4323 3827 4379 elec-

2179 4422 2256 4477 tis
2287 4420 2425 4477 Dei?
2454 4418 2681 4475 Nullus.
2714 4418 2853 4473 Deus
2870 4420 2953 4472 est
2980 4418 3079 4489 qui
3095 4413 3372 4487 justiﬁcat
3402 4431 3414 4469 :
3448 4416 3580 4484 Quis
3621 4422 3703 4469 est
3730 4415 3825 4486 qui

2181 4511 2536 4567 condemnet?
2564 4508 2616 4562 ie
2646 4510 2735 4563 est
2763 4522 2866 4578 pro
2897 4508 3133 4577 peccato
3162 4503 3373 4559 inferat
3393 4519 3624 4575 pcenam
3646 4502 3673 4557 εἰ
3692 4500 3823 4557 Nul-

2180 4599 2294 4655 lus.
2327 4597 2473 4662 Quia
2501 4596 2655 4651 Deus
2682 4611 2797 4650 non
2818 4592 2967 4661 vult,
2997 4592 3150 4648 alius
3179 4608 3294 4648 non
3326 4590 3823 4663 potest.Christus,

2185 4685 2398 4759 inquit,
2413 4687 2585 4751 Iesus,
2600 4686 2698 4756 qui
2725 4699 2830 4755 pro
2862 4681 2980 4736 illis
3010 4679 3304 4736 salvaudis
3332 4688 3580 4736 mortuus
3598 4678 3829 4743 est,imo

2184 4776 2338 4849 quod
2373 4775 2586 4846 majus,
2621 4774 2717 4845 qui
2745 4780 2795 4828 et
2824 4771 3145 4835 resurrexit,
3177 4768 3308 4843 quid
3337 4776 3416 4825 est
3442 4767 3512 4823 ad
3550 4768 3834 4824 dexteram

2180 4867 2386 4933 Patris,
2410 4863 2462 4919 ei
2494 4861 2735 4935 aequalis
2766 4860 2824 4916 in
2856 4861 3075 4916 honore
3100 4877 3114 4928 ;
3148 4860 3245 4931 qui
3264 4861 3449 4924 etiam,
3465 4858 3617 4913 inter
3648 4874 3755 4913 nos
3774 4860 3831 4913 et

2182 4955 2363 5010 Deum
2400 4948 3053 5018 medius,humanitatis
3085 4964 3203 5003 suae
3233 4944 3729 5019 representatione
3745 4946 3827 5001 in-

2180 5042 2428 5114 terpellat
2444 5057 2544 5113 pro
2566 5039 2918 5111 nobis,cujus
2936 5036 3249 5111 postulatio
3267 5035 3532 5092 inefﬁcax
3556 5038 3686 5090 esse
3710 5050 3827 5089 non

2185 5134 2394 5204 potest.
2427 5130 2569 5185 Ecce
2601 5127 2670 5184 si.
2705 5127 2934 5194 fratres,
2968 5124 3167 5183 ﬁdeles
3197 5142 3429 5193 sumus,
3461 5127 3519 5180 et
3557 5121 3829 5179 Christus

2186 5218 2514 5292 interpellat
2546 5234 2649 5291 pro
2680 5216 2868 5286 nobis,
2891 5219 2949 5272 et
2978 5215 3129 5272 Deus
3160 5216 3332 5271 Pater
3360 5218 3449 5271 est
3481 5230 3585 5286 pro
3631 5211 3827 5278 nobis,

2185 5313 2243 5365 et
2272 5307 2472 5365 omnia
2501 5310 2640 5363 sunt
2669 5311 2889 5372 nostra,
2929 5308 2987 5360 et
3030 5303 3185 5360 omia
3237 5303 3405 5361 nobis
3446 5305 3833 5375 cooperantur

2184 5398 2243 5453 in
2276 5396 2518 5452 bonum.
2540 5394 2679 5458 Quis
2708 5409 2845 5466 ergo
2869 5392 3082 5466 poterit
3103 5392 3271 5448 nobis
3315 5391 3563 5449 nocere?
3595 5387 3828 5446 Nullus.

2254 5529 2531 5601 Sequitur
2558 5543 2696 5600 pars
2713 5530 2941 5599 quarta,
2956 5525 3014 5581 in
3029 5543 3144 5600 qua
3155 5526 3486 5583 ostenditur
3495 5524 3651 5597 quod
3665 5521 3831 5578 nulla

2181 5634 2274 5674 res
2307 5620 2500 5690 potest
2528 5632 2797 5689 separare
2826 5616 3060 5674 electos.
3078 5616 3159 5673 De
3178 5632 3213 5673 a
3240 5614 3524 5673 cbaritate
3543 5628 3678 5670 cum
3697 5611 3835 5668 Iub-
