4008 6072
269 376 422 475 i501

1409 411 1788 478 HOMILI/E.
1822 445 1901 458 —-
1927 411 2006 476 II.
2053 413 2156 475 DE
2199 412 2550 478 SANCTIS.

3528 410 3684 476 1502

269 545 406 602 dat:
434 544 566 615 Quis
593 561 698 602 nos
725 546 1003 619 separabit
1029 563 1064 602 a
1090 545 1358 604 eharitatc
1381 549 1525 604 Dei?
1552 549 1630 604 Ac
1651 547 1698 603 si
1723 552 1920 621 aperte
1949 547 2004 614 Α
2030 549 2198 604 Pater
2223 565 2374 604 meus
2403 546 2643 617 agricola
2691 555 2770 604 est
2815 547 2993 618 (Joan.
3026 545 3140 620 xv),
3175 547 3282 604 etc.
3333 546 3462 603 Haec
3513 545 3684 604 lectio

267 634 424 691 dicat
453 651 468 691 :
503 635 758 691 Tantum
783 653 889 691 nos
915 635 1121 708 diligit,
1156 641 1213 692 et
1243 641 1405 692 tanta
1438 638 1718 693 beneficia
1747 637 1916 694 nobis

270 723 499 780 confert
532 724 702 780 Deus.
757 725 888 794 Quis
935 741 1069 800 ergo
1113 742 1211 781 nos
1260 729 1538 799 separabit
1582 745 1616 782 a
1661 727 1927 784 charitate

269 815 390 880 Dei,
423 813 646 870 scilicet
673 814 968 886 separabit
1015 832 1140 882 nos,
1174 816 1464 872 tribulatio
1507 817 1812 888 corporis?
1852 835 1922 872 an

267 905 528 974 angustia
559 902 812 958 mentis?
831 921 906 958 an
934 905 1208 975 fames,an
1237 905 1542 976 nuditas,id
1565 909 1652 962 est
1685 906 1927 978 penuria

267 991 457 1048 victus
487 994 544 1047 et
571 991 856 1048 vestitus?
883 1009 956 1048 an
981 996 1287 1064 persecutio
1317 993 1388 1048 de
1419 993 1542 1050 loco
1585 995 1656 1049 ad
1691 994 1928 1051 locum?

266 1100 343 1138 an
367 1082 680 1154 periculum
709 1081 962 1138 mortis?
991 1100 1065 1138 an
1091 1083 1329 1155 gladius,
1363 1083 1420 1138 id
1452 1088 1542 1139 est
1569 1084 1697 1156 ipsa
1728 1084 1926 1140 mors?

265 1169 392 1227 Non
424 1171 645 1244 utique.
678 1171 748 1226 Et
777 1170 945 1239 fiunt,
980 1188 1052 1226 ne
1083 1172 1196 1228 ista
1227 1171 1524 1246 aliquibus
1555 1178 1620 1228 ut
1652 1191 1924 1246 separen-

267 1263 367 1315 tur
395 1277 430 1314 a
459 1259 743 1316 charitate
770 1260 908 1317 Dei?
939 1260 1089 1317 fiunt
1122 1261 1504 1334 utique,siout
1527 1265 1788 1336 scriptum
1808 1271 1888 1320 cst
1906 1283 1924 1318 :

269 1349 412 1419 Quia
438 1357 661 1421 propter
689 1357 739 1405 te
766 1351 1164 1421 mortiﬁcamur
1195 1359 1302 1408 tota
1334 1352 1721 1421 die,a’stimati
1737 1369 1926 1408 sumus

267 1440 408 1496 sicut
435 1454 557 1494 oves
588 1455 717 1510 qua:
748 1439 894 1494 nihil
923 1439 1118 1496 valent
1150 1441 1260 1496 nisi
1293 1442 1366 1496 ad
1399 1442 1802 1497 occidendum.
1822 1441 1926 1497 Sed

271 1529 333 1584 in
362 1529 470 1594 his,
503 1527 716 1600 inquit,
738 1529 993 1584 omnibus
1021 1547 1497 1602 superamus,non
1530 1535 1766 1604 propter
1796 1549 1923 1600 nos,

273 1616 376 1672 sed
402 1624 626 1689 propter
653 1633 779 1672 eum
800 1619 897 1690 qui
915 1617 1112 1674 dilexit
1143 1635 1258 1674 nos.
1282 1619 1360 1674 Ac
1382 1619 1427 1674 si
1454 1619 1926 1686 dicat:Quamvis

272 1717 343 1760 ea
373 1721 500 1777 quas
532 1705 868 1760 enumeravi
901 1707 1091 1780 magis
1120 1707 1178 1762 in
1209 1707 1317 1763 hoc
1345 1707 1556 1764 saculo
1585 1708 1923 1776 timeantur,

272 1796 470 1849 tamen
505 1811 612 1850 nos
641 1798 878 1868 propter
906 1795 1114 1865 Deum,
1149 1815 1322 1870 quem
1355 1798 1635 1855 timemus
1657 1801 1710 1853 et
1743 1798 1929 1872 diligi-

273 1899 409 1938 mus
440 1899 619 1956 super
647 1883 864 1950 omnia,
883 1883 984 1939 illa
1014 1889 1586 1958 superamus.Certus
1615 1891 1764 1942 enim
1781 1905 1922 1956 sum,
1957 1923 2006 1987 Β

273 1971 486 2044 inquit,
518 1989 586 2028 ex
617 1973 1004 2045 promissione
1036 1973 1256 2030 scilicet
1285 1975 1384 2031 Dei
1413 1976 1660 2031 dicentis
1694 1993 1707 2030 :
1742 1999 1768 2026 (ι
1803 1977 1928 2032 Non

273 2063 332 2115 te
363 2061 788 2130 deseram,non
820 2064 876 2117 te
909 2060 1313 2135 derelinquam
1333 2087 1360 2114 »
1395 2065 1549 2136 quod
1570 2081 1746 2138 neque
1763 2081 1930 2134 mors,

277 2165 458 2222 quam
489 2148 711 2205 scilicet
757 2151 1079 2220 minantur,
1113 2169 1285 2225 neque
1331 2157 1442 2210 vita
1475 2173 1652 2227 quam
1711 2154 1935 2211 scilicet

277 2239 652 2313 promittunt,
685 2257 858 2314 neque
887 2243 1138 2312 angelus,
1166 2260 1340 2316 neque
1367 2247 1729 2317 principatus,
1762 2261 1936 2318 neque

279 2330 528 2397 virtutes,
563 2328 619 2384 id
653 2333 742 2386 est
785 2329 971 2403 gloria
1019 2333 1284 2404 minoris,
1328 2334 1416 2389 vel
1467 2335 1795 2403 mediocris,
1845 2335 1932 2390 vel

285 2417 528 2488 majoris
557 2417 778 2474 ordinis
808 2421 1118 2492 promissa,
1152 2421 1239 2476 vel
1275 2423 1694 2489 minorum,vel
1749 2425 1934 2495 majo-

285 2522 440 2572 rum,
473 2505 560 2562 vel
613 2507 1001 2565 maximorum
1061 2511 1480 2568 daemoniorum
1535 2513 1728 2579 minae,
1761 2531 1936 2587 neque

288 2596 572 2663 instantia,
605 2596 662 2652 id
712 2602 801 2653 est
829 2601 1158 2671 praesentia,
1191 2618 1364 2674 neque
1407 2604 1600 2674 futura
1657 2603 1815 2670 bona,
1843 2603 1933 2658 vel

290 2683 466 2750 mala,
481 2702 654 2758 neque
675 2689 956 2758 fortitudo,
975 2689 1032 2744 id
1065 2694 1154 2746 est
1177 2689 1426 2763 alicujus
1456 2691 1750 2759 violentia,
1763 2709 1936 2765 neque

287 2773 538 2842 altitudo,
571 2773 843 2831 humanae
902 2777 1122 2832 scilicet
1178 2780 1504 2851 potestatis,
1548 2780 1635 2836 vel
1693 2781 1934 2837 elevatio

288 2860 537 2931 Satanae,
571 2881 742 2937 neque
763 2866 1120 2938 profundum,
1137 2867 1191 2922 id
1221 2871 1310 2923 est
1353 2867 1616 2924 infernus
1662 2873 1934 2926 ostensus

285 2967 320 3006 a
351 2949 580 3008 diabolo
611 2953 868 3009 minente
901 2955 1284 3028 prmcipitium
1319 2956 1428 3028 (vel
1458 2956 1828 3013 altitudinem
1879 2962 1936 3013 et

284 3041 640 3112 profundum
663 3047 828 3099 vocat
872 3045 1320 3117 prosperitatem
1373 3049 1430 3101 et
1477 3047 1931 3119 adversitatem),

285 3145 457 3202 neque
482 3139 753 3198 creatura,
777 3133 987 3205 inquit,
1011 3133 1128 3189 alia
1159 3133 1451 3206 quaelibet,
1471 3134 1558 3189 vel
1590 3135 1704 3190 alia
1733 3139 1935 3191 contra

286 3221 556 3274 naturam
588 3220 841 3286 facta,ut
861 3235 1050 3294 equus
1079 3223 1400 3296 biceps,vel
1432 3223 1630 3295 qualia
1648 3225 1930 3289 fecerunt,

2036 636 2221 692 sancti
2256 637 2568 710 Evangelii,
2605 638 2812 693 fratres
2844 636 3195 706 charissimi,
3239 636 3530 708 tripertita
3575 639 3682 692 est.

2036 726 2226 782 Primo
2258 727 2415 782 enim
2446 727 2619 782 Jesus
2652 739 2712 783 se
2740 728 2936 797 vitem,
2961 731 3193 783 Patrem
3226 725 3562 799 agricolam,
3582 725 3686 781 ho-

2037 815 2225 871 mines
2257 815 2528 887 palmites
2561 817 2954 888 metaphorice
2985 816 3454 872 vocat.Secundo
3484 818 3550 869 ut
3571 815 3690 888 pal-

2036 905 2208 959 mites
2241 905 2495 960 habeant
2525 906 2930 978 purgationem
2965 911 3021 961 et
3051 907 3556 962 fructiﬁcationem
3588 905 3688 960 de-

2036 997 2344 1049 monstrat.
2375 995 2570 1050 Tertio
2603 995 2742 1066 quid
2777 994 2916 1050 mali
2949 999 3208 1067 expectet
3257 994 3442 1050 malos
3475 993 3688 1067 palmi-

2037 1086 2143 1151 tes,
2165 1087 2222 1138 et
2252 1083 2389 1156 quid
2429 1083 2563 1138 boni
2596 1083 2950 1139 manifestat.
2982 1083 3178 1138 Primo
3210 1083 3389 1156 igitur
3419 1100 3481 1138 se
3511 1084 3687 1139 vitem

2033 1176 2220 1238 vocat,
2253 1189 2386 1228 cum
2422 1173 2562 1228 dicit
2597 1191 2608 1229 :
2641 1175 2748 1244 Ego
2777 1191 2899 1228 sum
2927 1175 3055 1228 vitis
3101 1189 3250 1239 vera,
3285 1172 3689 1228 similitudinis

2037 1259 2276 1330 scilicet,
2306 1279 2420 1317 non
2449 1263 2678 1335 generis
2707 1263 2965 1317 veritate.
3002 1262 3153 1318 Sane
3202 1261 3358 1316 enim
3403 1261 3691 1318 Dominus

2033 1349 2208 1406 Jesus
2240 1351 2315 1406 sit
2347 1351 2499 1406 Deus
2530 1355 2587 1406 et
2616 1351 2812 1416 homo,
2845 1351 3168 1406 secundum
3201 1351 3356 1424 quod
3391 1354 3479 1406 est
3510 1350 3685 1420 Deus,

2035 1442 2124 1493 est
2145 1457 2299 1495 unus
2327 1443 2528 1495 auctor
2545 1444 2602 1494 et
2622 1458 2776 1496 unus
2799 1439 3051 1513 agricola
3067 1457 3198 1496 cum
3221 1441 3533 1507 Patre,non
3558 1438 3691 1495 talis

2035 1529 2136 1600 qui
2186 1527 2377 1584 solum
2429 1529 2706 1585 adhibeat
2755 1530 3176 1594 ministerium,
3209 1529 3311 1584 sed
3363 1529 3463 1600 qui
3513 1529 3689 1585 etiam

2037 1617 2291 1689 praebeat
2321 1617 2768 1690 incrementum.
2813 1619 2959 1674 Nam
2995 1640 3022 1668 «
3054 1635 3244 1690 neque
3294 1618 3392 1690 qui
3442 1616 3688 1690 plantat,

2036 1721 2226 1777 neque
2259 1706 2357 1778 qui
2391 1707 2540 1779 rigat
2569 1711 2658 1762 est
2702 1706 2946 1780 aliquid,
2982 1707 3082 1763 sed
3117 1707 3217 1780 qui
3263 1707 3690 1762 incrementum

2036 1793 2138 1848 dat
2184 1795 2337 1850 Deus
2371 1797 2418 1866 (I
2449 1796 2569 1852 Cor.
2604 1798 2710 1867 ιιι).
2752 1819 2778 1844 n
2810 1796 3146 1852 Secundum
3206 1813 3341 1852 vero
3401 1797 3555 1867 quod
3604 1798 3694 1852 est

2035 1882 2234 1955 homo,
2254 1901 2316 1940 se
2345 1885 2520 1940 vitem
2552 1891 2738 1952 vocat,
2757 1886 3035 1958 quoniam
3068 1886 3391 1941 secundum
3426 1885 3580 1957 quod
3603 1888 3694 1940 est

2043 1971 2239 2041 homo,
2269 1977 2358 2029 est
2399 1975 2707 2030 nobiscum
2760 1975 2938 2031 unius
2986 1978 3226 2040 naturae,
3262 1975 3414 2029 sicut
3459 1974 3593 2030 vitis
3637 1977 3694 2029 et

2043 2061 2268 2134 palmes
2299 2066 2437 2118 sunt
2467 2063 2644 2119 unius
2674 2067 2917 2120 natura}.
2953 2065 3116 2120 Sicut
3145 2067 3342 2118 autem
3372 2062 3526 2129 vitis,
3559 2079 3692 2118 cum

2042 2150 2152 2205 vile
2174 2150 2554 2207 arbusculum
2581 2152 2868 2219 videatur,
2899 2157 3095 2207 tamen
3119 2168 3466 2224 generosum
3491 2150 3692 2206 vinum

2043 2245 2302 2312 generat,
2335 2241 2415 2296 ita
2453 2241 2736 2296 Dominus
2784 2241 2958 2297 Jcsus
3011 2241 3300 2306 Christus,
3329 2257 3463 2296 cum
3495 2241 3553 2296 in
3585 2240 3694 2296 hoc

2044 2330 2265 2384 mundo
2299 2329 2670 2402 despicabilis
2698 2330 2859 2386 visus
2891 2331 2984 2396 sit,
3019 2331 3344 2386 secundum
3383 2328 3528 2384 illud
3560 2346 3694 2402 pro-

2043 2417 2228 2490 phetas
2255 2437 2266 2472 :
2292 2418 2590 2474 «Vidimus
2613 2437 2746 2474 eum
2765 2436 2881 2474 non
2903 2419 3214 2475 habentem
3239 2419 3491 2491 speciem
3504 2433 3695 2490 neque

2043 2507 2333 2576 decorem,
2367 2509 2522 2563 unde
2546 2526 2650 2563 nec
2682 2509 3082 2580 reputavimus
3114 2526 3248 2564 eum
3299 2509 3450 2580 (lsai.
3488 2507 3626 2578 Lm),
3661 2529 3690 2557 »

2044 2600 2239 2652 tamen
2271 2613 2619 2670 generosum
2652 2598 2927 2652 doctrina:
2983 2598 3240 2652 fructum
3291 2597 3500 2652 reddit.
3534 2595 3699 2652 Sicut

2042 2687 2199 2741 enim
2231 2686 2430 2740 vinum
2465 2687 2522 2741 in
2556 2686 2646 2741 sui
2679 2690 2891 2741 natura
2921 2690 3010 2742 est
3039 2686 3284 2752 siccum,
3307 2683 3695 2753 calidum,lte-

2043 2774 2274 2830 tiﬁcans
2305 2779 2362 2829 et
2382 2775 2706 2843 inebrians;
2739 2775 2823 2831 sic
2854 2775 3118 2831 doctrina
3149 2773 3438 2848 Evangelii
3479 2773 3694 2830 Christi

2043 2863 2299 2920 desiccat
2329 2863 2468 2918 vitia
2496 2863 2554 2918 in
2588 2863 2756 2919 nobis
2800 2879 2902 2936 per
2951 2863 3488 2928 comminationem,
3521 2862 3697 2918 corda

2044 2951 2308 3008 calefacit
2338 2969 2441 3024 per
2480 2951 2783 3007 charitatis
2829 2954 3132 3018 fervorem,
3167 2956 3394 3007 mentes
3440 2950 3698 3007 laetificat

2043 3059 2148 3114 per
2175 3040 2500 3096 ccelestium
2535 3042 2907 3114 praemiorum
2941 3041 3412 3114 promissionem,
3447 3040 3698 3097 inebriat

2043 3132 2100 3183 et
2129 3129 2345 3185 alienat
2375 3131 2446 3186 ab
2478 3147 2675 3186 amore
2707 3131 2910 3186 mundi
2943 3132 3016 3186 ad
3065 3147 3325 3186 amorem
3368 3129 3693 3184 cmlestium

2043 3235 2146 3289 per
2175 3219 2749 3292 contemplationem.
2777 3220 2839 3275 In
2862 3219 2969 3274 hoc
3001 3224 3194 3274 musto
3226 3222 3393 3274 erant
3425 3217 3693 3274 inebriati

285 3305 676 3364 incantatores
707 3291 1046 3375 Pharaonis,
1077 3291 1277 3383 poterit
1306 3329 1404 3368 nos
1431 3291 1687 3384 separare
1737 3331 1771 3368 a
1801 3315 1931 3369 cha-
1964 3291 2008 3357 (ἶ
2046 3305 2316 3380 discipuli
2345 3308 2579 3372 Christi,
2613 3326 2746 3364 cum
2781 3309 2838 3364 in
2890 3309 2982 3363 die
3031 3309 3403 3363 Pentecostes
3430 3307 3588 3361 omni
3623 3307 3692 3361 ti-

285 3397 448 3452 ritate
481 3399 603 3464 Dei,
631 3414 808 3469 quam
833 3397 984 3453 Deus
1016 3398 1193 3454 habet
1214 3400 1286 3454 ad
1319 3417 1427 3456 nos
1457 3404 1514 3455 et
1545 3418 1650 3456 nos
1672 3402 1742 3456 ad
1773 3419 1930 3468 eum,

285 3499 412 3556 quae
439 3492 538 3550 est,
565 3485 622 3539 id
655 3489 744 3542 est
775 3490 1034 3558 apparet,
1061 3490 1117 3542 in
1151 3489 1362 3544 Christo
1389 3491 1532 3546 Jesu.
1559 3491 1934 3546 Enumeravit

283 3571 596 3644 Apostolus
612 3577 730 3628 tam
751 3591 818 3629 ea
849 3591 976 3646 quae
1000 3576 1188 3648 magis
1211 3577 1492 3632 timentur
1513 3597 1689 3650 quam
1717 3597 1784 3634 ea
1805 3598 1932 3651 qua:

287 3659 476 3733 magis
507 3665 781 3717 amantur
812 3662 870 3717 in
903 3662 1010 3718 hoc
1041 3663 1274 3732 saeculo,
1306 3670 1371 3720 ut
1399 3667 1668 3722 ostendat
1695 3669 1931 3739 electos,

286 3752 343 3804 et
371 3766 440 3805 ea
469 3767 596 3822 quae
629 3751 818 3825 magis
849 3752 1133 3808 timentur
1163 3752 1220 3806 in
1270 3752 1378 3808 hoc
1433 3754 1666 3824 smeulo,
1699 3761 1936 3828 propter

282 3837 464 3894 Deum
498 3839 695 3911 (quem
719 3857 832 3913 prae
863 3842 1086 3897 ceteris
1119 3841 1346 3913 timent)
1382 3859 1497 3898 non
1516 3844 1815 3912 timere,et
1835 3863 1935 3902 eas

283 3944 412 4000 qua
445 3928 632 4002 magis
659 3928 752 3986 hic
783 3935 1058 3986 amantur
1087 3936 1326 4005 propter
1356 3931 1562 3999 Deum,
1597 3950 1770 4005 quem
1817 3951 1932 4006 prae

283 4016 507 4074 caeteris
535 4017 808 4092 diligunt,
837 4024 1228 4078 contemnere.
1265 4021 1370 4088 Qui
1400 4039 1536 4095 ergo
1585 4021 1720 4094 plus
1768 4023 1936 4079 timet

283 4104 506 4179 aliquid
535 4106 624 4163 vel
655 4107 847 4185 diligit
876 4126 1054 4181 quam
1086 4110 1292 4177 Deum,
1325 4111 1383 4166 in
1416 4110 1526 4168 hoc
1577 4112 1834 4168 ostendit
1873 4129 1934 4168 se

282 4211 400 4251 non
427 4212 555 4252 esse
587 4197 658 4252 de
684 4214 928 4253 numero
959 4196 1298 4254 electorum.
1333 4200 1507 4256 Porro
1545 4200 1797 4267 divitias,
1831 4201 1934 4257 ho-

282 4300 456 4340 nores
486 4288 544 4340 et
571 4284 898 4357 voluptates
940 4291 1052 4341 Deo
1102 4287 1236 4359 plus
1283 4286 1475 4361 diligit
1521 4289 1620 4361 qui
1671 4306 1770 4345 eas
1818 4291 1934 4346 Deo

282 4373 585 4446 praponit,
621 4374 719 4447 qui
750 4378 988 4447 propter
1034 4391 1132 4430 eas
1183 4380 1387 4432 contra
1437 4377 1620 4432 Deum
1663 4379 1819 4434 facit.
1855 4379 1935 4436 De

281 4462 613 4534 cujusmodi
647 4462 772 4536 ipse
803 4463 1086 4519 Dominus
1118 4463 1294 4520 dicit:
1335 4488 1355 4514 α
1382 4465 1489 4532 Qui
1519 4470 1680 4521 amat
1708 4472 1934 4540 patrem

281 4552 386 4606 aut
417 4555 794 4617 matrem,aut
815 4552 1167 4619 uxorem,vel
1197 4552 1417 4626 aliquid
1439 4553 1596 4609 aliud
1619 4553 1935 4627 plusquam

2043 3413 2204 3450 more
2251 3401 2307 3452 et
2355 3415 2553 3453 amore
2605 3402 2834 3452 terreno
2867 3397 3208 3470 postposito,
3243 3419 3270 3446 «
3304 3395 3696 3468 loquebantur

2041 3485 2217 3540 variis
2259 3484 2477 3559 linguis
2527 3485 2822 3560 magnalia
2851 3485 2949 3540 Dei
2985 3485 3114 3557 (Act.
3147 3486 3230 3557 ιι).
3265 3507 3293 3534 ››
3350 3485 3504 3541 Deus
3559 3501 3694 3541 vero

2043 3574 2212 3628 Pater
2241 3575 2495 3646 agricola
2526 3577 2742 3631 dicitur
2791 3575 3046 3646 quadam
3094 3574 3498 3630 similitudine.
3533 3575 3698 3631 Sicut

2042 3663 2197 3718 enim
2231 3665 2485 3736 agricola
2505 3665 2678 3719 vitem
2703 3663 2948 3736 eligit,in
2971 3669 3181 3718 terrain
3207 3663 3528 3735 ﬁgit,rigat,
3550 3663 3696 3719 fodit

2043 3756 2100 3808 et
2128 3757 2314 3824 putat,
2336 3752 2606 3826 palmites
2636 3753 3030 3808 infructuosos
3060 3751 3440 3824 amputando,
3467 3756 3523 3806 et
3542 3752 3692 3808 fruc-

2044 3845 2244 3896 tuosos
2256 3842 2583 3914 purgando;
2600 3842 2678 3895 ita
2690 3842 2843 3897 Deus
2856 3841 3026 3896 Pater
3039 3840 3275 3896 unicum
3293 3839 3501 3895 Filium
3517 3857 3691 3896 suum

2043 3929 2355 4002 praeelegit,
2391 3947 2494 4002 per
2521 3930 2984 3985 incarnationem
3014 3928 3072 3983 in
3104 3931 3320 3983 terram
3353 3928 3532 3998 misit,
3565 3944 3692 3983 rore

2044 4017 2296 4090 Spiritus
2350 4019 2575 4092 rigavit,
2608 4019 2800 4091 ligone
2850 4017 3296 4073 tribulationum
3340 4016 3501 4082 fodit,
3536 4015 3694 4088 sirpa

2044 4107 2410 4163 discretionis
2441 4108 2682 4180 putavit,
2707 4109 3101 4162 infructuosos
3134 4110 3450 4178 amputans
3501 4104 3572 4159 ab
3602 4121 3690 4169 eo,

2043 4201 2109 4251 ut
2136 4197 2373 4262 Judam,
2408 4198 2738 4252 fructuosos
2785 4214 2920 4252 vero
2969 4199 3034 4250 ut
3082 4193 3216 4268 plus
3268 4193 3692 4250 fructificarent

2043 4302 2323 4358 pUrgans,
2340 4291 2404 4340 ut
2431 4287 2665 4341 Petrum
2697 4288 2752 4339 et
2768 4286 3080 4340 Andream.
3103 4284 3263 4340 Unde
3281 4288 3338 4340 et
3369 4284 3492 4355 ipse
3509 4281 3692 4337 Filius

2045 4374 2138 4430 hic
2161 4375 2360 4430 subdit
2384 4393 2396 4430 :
2423 4374 2645 4431 Omnem
2673 4375 2961 4446 palmitem
2989 4375 3050 4428 in
3069 4389 3275 4428 menon
3294 4373 3559 4444 ferentem
3575 4372 3694 4443 fru-

2046 4473 2209 4529 ctum,
2231 4465 2379 4520 tollet
2407 4481 2548 4520 eum.
2573 4465 2635 4519 Et
2662 4465 2759 4535 qui
2779 4465 2886 4534 fert
2913 4465 3173 4534 fructum,
3192 4461 3452 4532 purgabit
3484 4467 3696 4526 eum,ut

2045 4557 2291 4627 fructum
2312 4555 2437 4626 plus
2467 4553 2677 4625 afferat.
2710 4552 2984 4607 llcmines
3024 4565 3255 4622 quoque
3298 4547 3570 4620 palmites
3600 4548 3692 4603 di-

285 4653 400 4704 me,
435 4655 551 4695 non
583 4645 673 4696 est
703 4657 796 4696 me
827 4641 1040 4714 dignus
1072 4643 1266 4714 (Matth
1287 4644 1362 4708 x).
1402 4666 1429 4693 ››
1459 4643 1681 4715 Itaque,
1707 4643 1934 4710 fratres,
1971 4663 2014 4726 υ
2045 4647 2276 4710 cuntur,
2312 4641 2546 4714 quando
2580 4641 2650 4696 ad
2684 4641 2872 4695 instar
2902 4637 3211 4711 palmitum
3243 4637 3460 4726 debent
3489 4653 3593 4726 per
3625 4637 3690 4690 ﬁ-

281 4727 608 4784 sentiamus
639 4729 708 4785 de
738 4729 1099 4804 nobis,quod
1125 4731 1342 4788 Paulus
1372 4733 1659 4788 sentiebat
1688 4733 1760 4788 de
1790 4737 1936 4799 se,et

281 4814 576 4873 similibus
597 4817 740 4874 suis.
759 4818 823 4874 In
853 4835 1051 4875 amore
1071 4820 1170 4876 Dei
1202 4821 1663 4886 inardescamus,
1687 4821 1930 4878 nimiam

281 4904 649 4973 cbaritatem,
673 4925 852 4980 quam
884 4909 1009 4980 ipse
1037 4909 1264 4976 habuit,
1288 4927 1427 4984 erga
1457 4928 1564 4969 nos
1595 4929 1828 4986 semper
1850 4929 1932 4968 re-

281 4993 564 5063 colamus,
598 4997 876 5054 mandata
905 4999 1034 5070 ejus
1064 5000 1229 5072 sequi
1259 5002 1704 5068 contendamus,
1728 5001 1930 5058 multis

281 5083 1122 5161 amaritudinibus,multisque
1152 5088 1548 5162 voluptatibus
1570 5107 1604 5145 a
1620 5091 1734 5146 Deo
1757 5087 1930 5145 divel-

282 5171 498 5240 lamur,
530 5190 634 5247 pro
663 5191 730 5232 eo
759 5176 988 5233 animas
1020 5181 1219 5234 nostra
1239 5195 1452 5251 ponere
1473 5196 1706 5252 semper
1742 5178 1926 5250 parati

283 5260 492 5330 simus,
526 5267 818 5336 quatenus
848 5265 972 5338 ipse
1003 5265 1178 5323 faciat
1207 5267 1407 5322 omnia
1435 5267 1605 5322 nobis
1633 5267 1930 5338 cooperari

283 5350 341 5406 in
374 5350 618 5424 bonum,
649 5356 707 5410 et
755 5370 862 5412 nos
908 5355 1163 5412 ascribat
1210 5355 1268 5410 in
1320 5372 1563 5411 numero
1612 5354 1928 5412 electorum

280 5457 544 5499 suorum.

1061 5533 1153 5588 ιν.

583 5634 654 5674 οε
689 5636 1012 5678 Αροετοιιε.
1053 5638 1243 5678 SERMO
1281 5639 1352 5678 DE
1387 5637 1624 5678 JOANNE.

349 5709 510 5766 Dixit
533 5709 684 5765 Iesus
719 5709 1004 5784 discipulis
1031 5714 1146 5768 suis
1175 5732 1194 5768 :
1224 5713 1333 5782 Ego
1362 5728 1486 5770 sum
1524 5714 1650 5770 vitis
1698 5729 1842 5781 vera,
1875 5721 1927 5770 et

2043 4733 2176 4788 dem
2207 4731 2436 4786 Christo
2473 4730 2786 4794 adhaerere,
2819 4731 2877 4782 et
2905 4727 3118 4782 bonam
3150 4725 3546 4798 operationem
3571 4724 3690 4779 fru-

2040 4821 2315 4876 ctiticare.
2350 4819 2564 4873 Verum
2593 4817 2905 4890 palmitum
2937 4819 3055 4870 tres
3083 4818 3221 4870 sunt
3251 4811 3475 4886 species
3502 4829 3514 4866 :
3540 4812 3691 4870 alius

2039 4909 2194 4965 enim
2227 4907 2484 4964 adhaeret
2511 4905 2740 4962 Christo
2770 4922 2873 4978 per
2906 4905 3080 4958 fidem
3131 4906 3188 4957 et
3235 4901 3600 4969 charitatem,
3635 4905 3694 4956 et

2038 4999 2296 5054 fructum
2328 4996 2484 5062 facit,
2519 4999 2583 5050 ut
2613 4996 2801 5050 bonus
2832 4991 3220 5058 Christianus,
3257 4989 3378 5062 qui,
3405 4993 3470 5044 ut
3500 4989 3690 5062 magis

2038 5087 2370 5152 fructiﬁcet,
2403 5086 2474 5141 ab
2527 5084 2802 5140 omnibus
2859 5080 3018 5136 vitiis
3068 5083 3126 5134 et
3185 5077 3690 5152 superfluitatibus

2037 5180 2128 5233 est
2158 5175 2345 5248 magis
2377 5174 2710 5246 margisque
2760 5171 3125 5245 purgandus.
3179 5169 3338 5224 Alius
3387 5184 3520 5223 vero
3565 5165 3692 5222 sola

2043 5266 2154 5321 fide
2228 5268 2286 5320 et
2363 5264 2864 5317 sacramentorum
2943 5257 3386 5331 participatione
3462 5255 3688 5310 Christo

2041 5355 2315 5418 adhaeret,
2348 5355 2405 5406 et
2434 5350 2688 5404 fructum
2720 5366 2838 5404 non
2885 5347 3040 5414 facit,
3074 5350 3138 5401 ut
3180 5345 3364 5402 falsus
3409 5343 3688 5399 Christia-

2041 5459 2173 5510 nus,
2233 5439 2337 5512 qui
2388 5455 2548 5494 more
2605 5436 2950 5493 infructuosi
3009 5434 3290 5509 palmitis,
3350 5449 3420 5488 ne
3485 5430 3687 5487 fructi-

2041 5529 2351 5587 ficantibus
2399 5530 2605 5582 noceat
2634 5543 2736 5598 per
2782 5525 3154 5591 sententiam,
3189 5521 3278 5578 vel
3309 5521 3404 5576 hic
3451 5535 3686 5576 excom-

2040 5617 2475 5682 municationis,
2506 5615 2593 5672 vel
2625 5616 2681 5671 in
2713 5615 2908 5671 futuro
2940 5609 3355 5674 damnationis,
3389 5626 3422 5664 a
3457 5607 3686 5664 Christo

2037 5715 2125 5769 est
2154 5708 2534 5782 separandus.
2553 5705 2716 5762 Alius
2748 5710 2945 5761 autem
2976 5719 3081 5760 nec
3111 5701 3287 5757 etiam
3313 5701 3424 5755 fide
3453 5697 3684 5754 Christo
