4002 6078
328 298 489 377 ηερε

1611 299 2009 389 RADULPHI
2040 298 2471 393 ARDENTIS.

3582 298 3745 397 iiii”

330 434 604 503 adhmret,
629 434 730 493 sed
759 434 857 492 viti
889 434 1184 505 alienaz,ut
1211 437 1444 511 gentilis
1466 439 1521 493 et
1540 436 1775 493 Iudaeus
1800 438 1966 493 czete-
1994 434 2051 501 Α
2081 433 2212 491 me?
2241 435 2315 491 Ut
2339 436 2609 494 videlicet
2637 435 3005 493 demonstret
3026 432 3196 492 nobis
3219 450 3327 492 nos
3356 432 3572 491 habere
3593 434 3749 499 arbi-

330 525 496 598 rique
524 524 808 581 infideles.
842 526 972 593 Qui,
1020 530 1085 582 ut
1114 527 1195 582 ait
1236 527 1540 591 Dominus,
1566 526 1694 597 jam
1728 524 1977 596 judicati

330 617 469 680 sunt
516 614 691 685 (Joan.
753 614 859 687 In).
894 616 1068 671 Porro
1127 616 1261 671 vitis
1319 614 1513 672 aliena
1551 620 1641 671 est
1687 614 1975 671 diabolus.

329 702 494 761 Unde
525 704 606 759 ait
636 704 920 761 Dominus
952 706 1024 761 ad
1057 706 1292 762 Judaaos
1327 723 1339 760 :
1377 728 1404 756 ‹‹
1435 706 1619 762 Vinea
1650 723 1800 769 mea,
1835 721 1979 779 quo-

331 792 505 857 modo
536 808 811 847 conversa
861 810 922 849 es
973 794 1031 848 iu
1063 795 1515 851 amaritudinem
1562 796 1694 851 vitis
1745 792 1983 850 alienae?

333 880 483 950 (Isai.
507 880 586 952 v.)
612 902 639 929 ››
662 881 731 935 Et
762 881 987 955 Moyses
1020 900 1033 937 :
1071 904 1098 933 «
1130 883 1209 939 De
1237 884 1425 953 vinea,
1457 885 1670 956 inquit,
1702 885 1980 941 SodomO'

332 986 465 1025 rum
494 969 663 1024 vinea
690 975 977 1037 eorum,et
1008 972 1077 1026 de
1109 972 1466 1029 suburbanis
1495 974 1984 1031 Gemorrhte.Uva

333 1073 535 1113 eorum
568 1074 676 1112 uva
710 1057 879 1125 fellis,
914 1064 971 1115 et
1001 1060 1203 1115 botrus
1235 1061 1757 1128 amarissimus,fel
1780 1062 1984 1118 draco-

332 1162 469 1201 nam
500 1145 701 1202 vinum
734 1152 1022 1216 eorum,et
1050 1166 1337 1205 venenum
1357 1151 1629 1223 aspidum
1660 1151 1986 1208 insanabile

336 1234 510 1307 (Deut.
538 1236 734 1308 xxxu).
774 1259 802 1286 »

405 1324 1063 1392 Secundo,domonstrat
1084 1326 1368 1385 Dominus
1392 1330 1546 1385 unde
1578 1329 1849 1402 palmites
1880 1330 1986 1386 ha-

334 1413 511 1469 beant
531 1415 937 1487 purgationem
967 1420 1023 1471 et
1050 1415 1723 1484 fructificationcm,cum
1755 1419 1983 1475 subdit:

333 1505 465 1559 Jam
500 1518 592 1557 vos
622 1503 819 1558 mundi
860 1506 987 1560 estis
1031 1514 1252 1577 propter
1294 1506 1533 1562 verbum
1586 1508 1741 1579 quod
1783 1509 1990 1565 locutus

335 1606 461 1647 sum
490 1592 657 1646 vobis.
692 1592 771 1651 Ac
803 1591 851 1648 si
880 1591 1098 1649 diceret
1130 1610 1142 1648 :
1177 1594 1303 1649 Non
1335 1594 1477 1650 estis
1504 1596 1708 1651 mundi
1754 1600 1991 1669 propter

335 1679 571 1745 vos,sed
602 1683 839 1753 propter
865 1680 1108 1736 verbum
1142 1699 1359 1739 meum.
1385 1687 1451 1738 In
1476 1702 1591 1757 quo
1623 1686 1993 1742 demonstrat
2020 1730 2023 1733 .

2087 522 2183 579 trii
2214 523 2563 591 libertatem,
2598 530 2655 582 et
2682 523 2933 599 gratiam
2965 540 3132 580 suam
3179 540 3307 580 esse
3355 516 3619 597 paratam
3672 523 3745 579 ad
3816 528 3827 535 '

2088 614 2449 669 manendum
2484 612 2539 669 in
2574 631 2655 681 se,
2688 631 2795 671 nec
2827 630 2889 671 se
2916 629 3179 686 unquam
3221 604 3565 668 relicturum
3616 629 3744 681 nos,

2090 701 2203 758 nisi
2237 719 2343 758 nos
2373 719 2506 759 eum
2540 704 2704 776 prius
2731 703 3161 777 relinquamus.
3192 696 3462 775 Est'ergo
3493 718 3561 758 ac
3594 696 3750 758 sidi-

2091 797 2183 847 cat
2216 809 2228 848 :
2259 792 2622 849 Perseverate
2654 809 2891 849 manere
2921 792 2981 848 in
3027 809 3141 859 me,
3173 786 3315 863 quia
3362 807 3467 865 ego
3513 808 3750 864 semper

2091 886 2333 953 paratus
2365 899 2497 938 sum
2529 886 2965 955 perseveranter
2995 897 3231 936 manere
3260 878 3323 935 in
3349 880 3539 936 vobis.
3580 880 3743 947 Ecce,

2092 971 2300 1026 fratres
2331 971 2637 1045 mei,rogat
2657 969 2892 1043 nos,qui
2918 987 3120 1047 rogare
3152 966 3374 1025 debuit.
3401 958 3592 1043 Rogat
3614 986 3743 1036 nos,

2094 1065 2157 1115 ut
2188 1077 2531 1116 maneamus
2565 1061 2625 1115 in
2644 1076 2915 1133 eo,quem
2945 1076 3178 1132 semper
3204 1058 3490 1115 debemus
3520 1052 3747 1130 rogare,

2096 1152 2161 1205 ut
2191 1154 2424 1205 maneat
2455 1149 2513 1204 in
2545 1149 2733 1206 nobis.
2769 1146 3229 1204 Contubernales
3257 1150 3314 1203 et
3343 1145 3748 1219 praecordiales

2095 1255 2203 1295 nos
2232 1237 2445 1295 habere
2476 1237 2769 1313 desiderat
2796 1237 3033 1295 Greater
3060 1241 3117 1293 et
3146 1236 3500 1308 Redemptor
3528 1239 3745 1303 noster,

2097 1344 2277 1399 quare
2307 1328 2436 1398 ejus
2468 1326 2789 1384 amicitiam
2811 1330 2870 1382 et
2916 1322 3373 1397 familiaritatem
3422 1322 3751 1380 contemni-

2099 1414 2276 1471 mus?
2306 1417 2493 1480 Quare
2542 1432 2676 1472 cum
2730 1415 2868 1472 totis
2917 1410 3224 1471 desideriis
3277 1429 3394 1469 non
3443 1409 3753 1487 amplecti-

2100 1505 2275 1561 mur?
2304 1507 2490 1572 Quare
2523 1505 2581 1560 in
2609 1505 2737 1577 ejus
2767 1521 2965 1561 amore
2993 1520 3109 1559 non
3132 1498 3538 1559 ardescimus?
3564 1494 3630 1557 Si
3650 1499 3759 1556 ali-

2100 1594 2234 1667 quis
2267 1612 2384 1659 rex,
2410 1593 2499 1651 vel
2548 1593 2819 1666 princeps
2865 1589 3181 1659 saecularis,
3216 1608 3386 1646 suam
3429 1588 3753 1665 amicitiam

2101 1682 2272 1739 nobis
2303 1683 2525 1751 offerat,
2557 1699 2691 1737 cum
2742 1698 2954 1755 magno
3008 1679 3227 1755 gaudio
3259 1695 3388 1734 eam
3445 1676 3753 1750 amplecti-

338 1783 401 1822 se
455 1784 567 1822 non
617 1784 746 1824 esse
795 1766 983 1825 solum
1022 1770 1220 1837 vitem,
1252 1771 1352 1827 sed
1415 1773 1594 1830 etiam
1644 1774 1982 1847 agricolam.
2018 1805 2065 1869 Β
2103 1788 2255 1839 mur,
2288 1788 2470 1845 quare
2519 1787 2714 1845 regem
2761 1768 3039 1827 caelorum
3088 1785 3150 1824 se
3198 1766 3368 1823 nobis
3416 1765 3757 1823 offerentem

324 1855 622 1912 .Mundare
649 1856 866 1930 quippe
894 1858 1090 1926 vitem,
1124 1876 1241 1915 non
1265 1860 1421 1928 vitis,
1455 1864 1554 1919 sed
1588 1863 1850 1937 agricolae
1900 1868 1990 1921 est
2019 1855 2064 1869 ”
2096 1860 2520 1933 aspernamur?
2549 1860 2785 1926 Palmes,
2820 1857 3032 1930 inquit,
3057 1873 3169 1913 non
3212 1863 3387 1928 potest
3434 1856 3584 1928 ferre
3610 1855 3760 1926 fruc-

340 1944 619 2001 ofﬁcium.
655 1946 857 2002 Mundi
899 1946 1079 2021 igitur
1098 1953 1265 2005 erant
1319 1951 1610 2024 discipuli,
1644 1955 1745 2010 sed
1790 1959 1986 2010 tamen

343 2032 536 2089 adhuc
584 2035 931 2091 mundandi.
965 2037 1105 2104 Quis
1160 2038 1315 2095 enim
1370 2040 1429 2095 in
1475 2041 1585 2097 hac
1632 2044 1751 2098 vita
1801 2048 1992 2117 potest

318 2138 471 2187 .esse
502 2121 586 2177 sic
617 2123 875 2178 mundus
907 2127 973 2179 ut
1000 2141 1113 2181 non
1148 2126 1223 2181 sit
1251 2128 1440 2201 magis
1470 2129 1777 2203 magisque
1818 2150 1991 2189 mun-

316 2210 757 2283 _dandus?Nisi
806 2211 1081 2286 discipuli
1133 2217 1336 2272 mundi
1384 2222 1601 2285 essent,
1634 2220 1783 2293 ferre
1832 2222 1991 2277 fruc—

344 2304 470 2355 tum
516 2315 633 2355 nen
684 2304 955 2372 possent;
987 2304 1044 2357 et
1090 2303 1203 2358 nisi
1252 2307 1579 2363 mundandi
1626 2313 1844 2382 essent,
1876 2327 1992 2367 non

320 2386 650 2469 dicerent:
690 2410 710 2437 ι
749 2386 807 2444 Si
846 2388 1167 2448 dixerimus
1199 2393 1338 2465 quia
1366 2400 1671 2467 peccatum
1718 2416 1830 2455 nor
1882 2400 1992 2456 ha-

320 2478 577 2543 .bemus,
606 2493 713 2534 nos
744 2474 905 2551 ipsos
959 2480 1317 2551 seducimus,
1350 2487 1407 2539 et
1451 2485 1666 2543 veritas
1715 2487 1776 2543 in
1826 2488 1995 2546 nobis

347 2581 463 2621 non
495 2556 583 2620 est
614 2565 662 2636 (I
685 2565 841 2622 Joan.
875 2566 935 2639 ι).
970 2588 999 2618 ››
1033 2567 1234 2625 Mundi
1265 2570 1445 2645 igitur
1491 2591 1526 2630 a
1568 2575 1992 2645 criminalibus,

348 2654 672 2710 mundandi
704 2653 894 2711 adhuc
940 2661 1109 2713 erant
1150 2676 1184 2715 a
1237 2661 1594 2733 quibusdam
1642 2664 1991 2723 venialibus.

349 2742 513 2800 Unde
538 2740 623 2800 eis
652 2742 935 2802 Dominus
966 2744 1111 2802 dixit
1142 2764 1155 2804 :
1190 2771 1219 2799 «
1245 2750 1351 2816 Qui
1380 2750 1534 2809 lotus
1563 2758 1670 2823 est,
1692 2772 1808 2811 non
1839 2755 1997 2812 indi-

346 2836 466 2908 get,
501 2832 611 2889 nisi
646 2837 712 2889 ut
740 2835 917 2907 pedes
946 2833 1099 2892 lavet
1128 2838 1303 2909 (Joan.
1332 2840 1475 2912 x111).
1512 2864 1540 2891 »
1589 2843 1721 2900 Jam
1751 2862 1873 2913 vos,
1908 2846 1995 2901 in-

352 2921 501 2995 quit,
531 2923 729 2979 mundi
755 2918 1007 2991 estis,ex
1036 2943 1253 3001 magna
1298 2929 1518 2986 scilicet
1546 2936 1730 3005 parte,
1762 2939 2000 3008 propter

349 3010 591 3068 verbum
625 3012 780 3085 quod
812 3014 1020 3071 locutus
1047 3032 1171 3072 sum
1200 3017 1374 3087 vobis,
1405 3037 1521 3075 non
1554 3023 1783 3079 tantum
1827 3025 1999 3081 audi—

353 3103 500 3167 tum,
525 3100 625 3157 sed
655 3101 830 3158 etiam
862 3103 1148 3161 creditum
1182 3110 1239 3162 et
1268 3113 1813 3168 exsecutum.Audit
1841 3114 1997 3170 enim

353 3186 628 3257 infidelis,
661 3207 765 3247 nec
796 3194 991 3248 tamen
1020 3195 1278 3251 mundus
1331 3201 1447 3266 est;
1500 3198 1663 3255 audit
1712 3204 1769 3256 et
1816 3203 2000 3259 credit
2030 3172 2072 3240 Ο

280 3322 285 3327 .
353 3276 642 3365 diabolus,
664 3295 770 3335 nec
802 3283 1000 3337 tamen
1026 3283 1285 3340 mundus
1316 3289 1432 3353 est;
1465 3287 1629 3343 audit
1659 3292 1716 3344 et
1743 3290 1925 3346 credit
1945 3296 2004 3348 et

354 3366 695 3450 exsequitur
724 3366 998 3437 ﬁdelis,et
1020 3372 1278 3428 mundus
1296 3377 1404 3429 est.
1425 3376 1536 3431 Sed
1559 3394 1738 3450 quare
1762 3396 1877 3435 non
1899 3380 1999 3436 ait:

354 3448 554 3515 Mundi
588 3456 732 3511 estis
760 3461 997 3530 propter
1026 3459 1407 3532 baptismum,
1433 3467 1491 3519 et
1518 3448 2008 3538 pcenitentiam,ct

316 3600 323 3617 1
356 3543 865 3603 emendationem?
894 3547 1173 3618 quoniam
1197 3550 1442 3607 verbum
1472 3552 1572 3609 Dei
1604 3555 1675 3610 ad
1708 3554 1829 3611 haec
1877 3574 2003 3613 om-

357 3631 455 3718 nia
484 3648 589 3687 nos
622 3630 942 3701 trahit,nos
974 3636 1048 3692 ad
1076 3638 1477 3709 paenitentiam
1509 3644 1872 3718 compungit,
1896 3663 2005 3703 nos

353 3716 495 3775 vitia
524 3721 789 3778 deserere
819 3727 877 3779 et
906 3725 1149 3782 virtutes
1179 3727 1346 3801 sequi
1374 3729 1533 3799 facit,
1554 3731 1680 3803 ipso
1699 3716 1801 3790 Dei
1830 3734 2004 3791 verbo

358 3826 470 3866 non
505 3807 696 3865 solum
726 3812 980 3869 exterius
1011 3820 1276 3883 sonante,
1296 3818 1397 3874 sed
1429 3818 1605 3875 etiam
1638 3821 1884 3878 interius
1915 3823 2003 3878 in-

357 3887 615 3984 spirante
646 3898 1093 3984 e_t_invisibiliter
1118 3908 1535 3976 operante.Hic
1581 3913 1671 3965 est
1716 3911 1871 3966 enim
1903 3911 2005 3984 qui

358 3975 523 4033 solus
552 3977 829 4051 baptizat,
869 3981 969 4053 qui
1000 3975 1171 4039 solus,
1193 3984 1458 4051 absolvit,
1484 3988 1583 4060 qui
1627 3989 1789 4046 solus
1833 3975 2006 4048 mun-

359 4066 460 4120 dat
488 4070 547 4121 et
566 4064 880 4125 illuminat.
897 4069 1062 4128 Unde
1082 4089 1215 4129 vero
1232 4073 1505 4146 palmites
1526 4075 1783 4136 habeant
1799 4078 2006 4136 fructi-

360 4152 1145 4227 ficatienem,ostendit,cum
1179 4162 1378 4219 subdit
1412 4181 1425 4219 :
1458 4165 1776 4223 Sicutenim
1798 4169 2008 4240 palmes

358 4259 469 4299 non
496 4251 667 4315 potest
690 4250 837 4318 ferre
876 4250 1121 4321 fructum
1165 4269 1201 4306 α
1241 4255 1541 4326 semetipso,
1591 4257 1708 4312 nisi
1746 4261 2011 4315 manserit

360 4333 421 4387 in
450 4333 576 4398 vite,
601 4335 683 4389 sic
700 4351 800 4391 nec
820 4339 1049 4405 vos,nisi
1070 4340 1131 4394 in
1158 4356 1245 4395 me
1274 4344 1696 4400 manseritis.Ac
1728 4346 1775 4400 si
1811 4350 2009 4419 aperte

360 4419 516 4477 dicat
549 4439 562 4477 :
594 4422 719 4478 Non
748 4440 816 4480 ex
845 4426 1029 4493 vobis,
1065 4427 1165 4483 sed
1198 4445 1267 4483 ex
1297 4447 1391 4486 me
1420 4430 1662 4503 potestis
1693 4433 2006 4492 fructifica-

2098 1956 2215 2005 tum
2243 1966 2277 2003 a
2305 1949 2608 2021 semetipso.
2642 1946 2756 2004 Nec
2798 1946 2974 2004 homo
3004 1948 3196 2019 potest
3238 1944 3424 2000 facere
3470 1944 3692 1999 bonum
3724 1959 3762 1998 a

2099 2030 2433 2108 semetipso.
2471 2035 2632 2092 Sicut
2689 2034 2846 2091 enim
2902 2051 2972 2090 ex
3028 2032 3164 2089 vitis
3208 2032 3454 2088 humore
3496 2029 3763 2086 ascendit

2099 2124 2280 2198 vigor,
2316 2124 2534 2181 faciens
2562 2123 2865 2197 palmitem
2892 2120 3208 2196 pullulare,
3244 2119 3513 2177 frondere
3540 2123 3601 2176 et
3632 2119 3761 2175 fru-

2102 2213 2385 2283 ctiﬁcare;
2416 2212 2500 2269 ita
2529 2218 2588 2270 et
2616 2229 2686 2269 ex
2714 2211 2942 2269 Christo
2962 2209 3230 2285 provenit
3248 2207 3439 2284 gratia
3467 2200 3526 2263 in
3558 2210 3764 2293 ηοεμῇ

2103 2305 2249 2361 bene
2278 2302 2444 2371 velle,
2479 2303 2627 2359 bene
2657 2301 2839 2374 loqui,
2892 2300 3039 2357 bene
3085 2316 3255 2374 agere
3302 2297 3624 2354 valeamus.
3655 2294 3764 2353 Nec

2103 2411 2214 2462 vos,
2250 2392 2459 2466 inquit,
2494 2391 2747 2448 subaudi
2778 2389 3020 2464 potestis
3063 2389 3211 2445 bene
3261 2385 3510 2463 operari,
3536 2387 3653 2442 nisi
3702 2384 3767 2441 in

2103 2499 2190 2540 me
2219 2482 2553 2538 manseritis.
2576 2481 2727 2554 Ergo
2758 2478 2948 2536 Judaei
2977 2482 3035 2536 et
3063 2475 3398 2551 gentiles,et
3421 2472 3768 2548 quicunque

2105 2568 2209 2648 per
2237 2571 2414 2627 ﬁdem
2467 2570 2526 2626 in
2576 2570 2804 2627 Christo
2836 2586 2952 2626 non
2999 2569 3260 2636 manent,
3293 2565 3516 2637 bonum
3576 2564 3768 2620 facere

2107 2679 2223 2718 non
2254 2664 2521 2735 possunt.
2564 2684 2592 2713 «
2628 2656 2996 2733 Impessibile
3025 2660 3115 2714 est
3152 2655 3310 2713 enim
3358 2652 3626 2723 sineﬁde
3650 2652 3766 2731 ali-

2108 2750 2247 2824 quid
2270 2750 2384 2806 Deo
2416 2749 2645 2823 placere
2676 2748 2859 2821 (Hebr,
2886 2748 3036 2819 x0.»
3065 2746 3177 2818 Ego
3203 2761 3329 2800 sum
3354 2744 3504 2810 vitis,
3537 2758 3629 2799 vos
3645 2743 3773 2814 pal-

2104 2841 2282 2897 mites.
2316 2839 2391 2897 Ac
2421 2837 2471 2896 si
2504 2837 2661 2894 dicat
2693 2854 2706 2892 :
2743 2836 2914 2894 Facio
2944 2852 3050 2911 ego
3095 2839 3368 2891 naturam
3398 2830 3555 2899 vitis,
3589 2830 3770 2887 facite

2107 2933 2165 2985 et
2192 2946 2294 2985 vos
2323 2930 2594 2983 naturam
2624 2924 2908 2999 palmitis.
2943 2924 3089 2981 Sum
3132 2921 3267 2979 vitis
3314 2919 3480 2978 vobis
3510 2912 3768 2994 gratiam

2074 3013 2081 3019 ’
2108 3016 2635 3085 subministrando,
2669 3018 2853 3071 estote
2882 3018 2940 3071 et
2966 3030 3068 3070 vos
3101 3010 3375 3086 palmites
3404 3009 3463 3065 in
3496 3025 3592 3064 me
3641 3022 3768 3064 ma-

2110 3107 2301 3164 nendo
2358 3110 2416 3162 et
2476 3104 2900 3161 fructificando.
2948 3101 3096 3158 Nam
3153 3100 3225 3170 si,
3257 3099 3379 3173 tam
3426 3115 3528 3154 vos
3577 3114 3764 3181 quam

2111 3213 2239 3269 ego,
2274 3193 2559 3250 faciamus
2589 3193 2745 3279 quod
2776 3193 2848 3248 ad
2880 3184 2988 3248 nos
3017 3190 3290 3279 pertinet,
3342 3185 3568 3279 multus
3603 3184 3765 3279 tunc

2112 3283 2336 3340 fructus
2368 3274 2684 3356 proveniet.
2718 3282 2788 3339 Et
2834 3280 2945 3337 hoc
2976 3282 3067 3336 est
3095 3277 3253 3352 quod
3304 3274 3574 3357 sequitur
3606 3291 3621 3329 :
3658 3275 3766 3343 Qui

2109 3382 2292 3429 manet
2320 3374 2381 3429 in
2427 3389 2531 3439 me,
2574 3380 2627 3428 et
2670 3388 2766 3442 ego
2811 3373 2872 3427 in
2915 3386 2996 3437 eo,
3048 3368 3137 3424 hic
3179 3369 3290 3439 fert
3330 3368 3577 3440 fructum
3626 3365 3767 3420 mul-

2112 3470 2246 3518 tum.
2281 3460 2468 3535 Magis
2496 3478 2633 3517 vera
2661 3464 2719 3516 et
2750 3456 2939 3533 magis
2970 3458 3188 3515 usitata
3218 3448 3433 3512 locutio
3463 3456 3573 3519 est,
3610 3452 3767 3527 quod

2110 3550 2245 3606 vitis
2302 3548 2449 3606 ferat
2495 3550 2750 3605 fructum
2812 3563 2991 3621 quam
3050 3544 3205 3618 quod
3262 3542 3511 3618 palmes.
3541 3540 3767 3613 Quippe

2113 3657 2247 3695 cum
2279 3639 2503 3713 palmes
2535 3636 2730 3694 ethoc
2760 3634 2915 3709 quod
2962 3634 3141 3701 habet
3185 3637 3246 3690 et
3292 3631 3402 3688 hoc
3450 3630 3613 3713 quod
3659 3630 3771 3684 fru-

2113 3732 2274 3785 ctum
2306 3725 2462 3795 facit,
2492 3730 2681 3782 totum
2706 3723 2920 3780 habeat
2945 3740 3015 3780 ex
3052 3720 3187 3778 vite.
3215 3721 3311 3777 Sic
3336 3735 3496 3794 ergo,
3527 3720 3589 3774 et
3639 3732 3769 3773 cum

2113 3821 2325 3883 totum,
2357 3820 2414 3873 et
2449 3815 2603 3889 quod
2635 3830 2859 3881 sumus,
2893 3814 2949 3868 et
2999 3811 3154 3884 quod
3200 3807 3339 3883 boni
3369 3800 3594 3881 aliquid
3640 3813 3769 3880 pes-

2113 3923 2342 3973 sumus,
2376 3908 2565 3960 totum
2613 3902 2936 3959 habeamus
2966 3918 3001 3956 a
3028 3898 3275 3966 Christo,
3324 3896 3522 3953 verius
3574 3897 3771 3971 posset

2115 3994 2344 4051 dicere:
2379 3993 2484 4062 Qui
2537 3998 2722 4048 manet
2772 3992 2834 4046 in
2881 4007 2988 4059 me,
3022 3997 3074 4046 et
3120 4004 3217 4060 ego
3245 3988 3328 4061 ¹ίη
3375 4003 3457 4043 eo.
3491 3985 3615 4059 Ego
3672 3999 3769 4057 per

2112 4082 2272 4141 hunc
2303 4083 2420 4139 fere
2453 4081 2710 4136 fructum
2744 4077 3019 4134 multum.
3054 4074 3167 4134 Sed
3194 4093 3299 4153 per
3342 4071 3769 4158 Imagnam‘mi-

2116 4170 2493 4232 sericordiam
2524 4186 2716 4237 suam,
2750 4167 2906 4240 quod
2939 4183 3115 4223 suum
3148 4169 3237 4221 est
3268 4162 3539 4221 attribuit
3578 4158 3766 4226 nobis,

2116 4262 2317 4319 dicens
2347 4276 2454 4315 nos
2476 4258 2662 4315 facere
2693 4256 2849 4331 quod
2882 4254 3005 4330 ipse
3034 4272 3140 4329 per
3167 4249 3469 4337 nosrfacit.
3495 4249 3643 4319 Quia
3660 4246 3771 4335 sine

2114 4367 2219 4422 me,
2253 4346 2464 4421 inquit,
2494 4346 2641 4403 nihil
2667 4346 2889 4418 potestis
2916 4347 3119 4417 facere.
3152 4336 3435 4415 Ego'sum
3464 4336 3638 4397 vobis
3656 4352 3770 4419 em—

2116 4439 2234 4507 nia,
2267 4455 2368 4494 vos
2399 4436 2526 4493 sine
2580 4450 2693 4501 me,
2727 4431 2909 4489 nulla.
2943 4430 3090 4489 Nam
3140 4428 3384 4509 abscisis
3426 4424 3770 4502 palmitibus

360 4526 440 4564 re.
474 4508 705 4609 Palmes
735 4529 867 4569 vero
895 4518 1093 4570 manet
1120 4513 1180 4570 in
1212 4514 1327 4572 vite
1358 4520 1415 4573 et
1456 4518 1590 4575 vitis
1635 4521 1695 4576 in
1744 4521 2006 4599 palmite,
2038 4543 2085 4609 D
2116 4523 2517 4592 infructuosis,
2552 4538 2793 4596 pessum
2823 4537 2892 4577 ex
2920 4537 3014 4576 me
3044 4516 3312 4601 meliores
3342 4515 3687 4592 producere,
3702 4514 3771 4603 "et

361 4599 461 4654 sed
493 4598 607 4656 alio
638 4600 868 4675 alioque
899 4604 1090 4660 modo.
1151 4604 1381 4663 Palmes
1430 4608 1646 4682 quippe
1696 4615 1893 4668 manet
1948 4598 2007 4667 in

359 4687 491 4758 vite,
508 4688 651 4745 nihil
674 4689 775 4746 viti
806 4692 1283 4763 conferendo,sed
1314 4694 1510 4768 potius
1529 4714 1598 4753 ex
1620 4699 1735 4756 vite
1750 4699 2008 4775 vigorem

362 4777 727 4851 accipiendo;
760 4780 897 4838 vitis
942 4798 1076 4839 vero
1134 4786 1333 4839 manet
1378 4782 1439 4839 in
1488 4784 1747 4857 palmite,
1782 4789 1927 4845 nihil
1976 4808 2011 4847 a

365 4864 602 4940 palmite
633 4870 988 4943 accipiendo,
1020 4872 1123 4927 sed
1154 4872 1348 4945 potius
1377 4873 1428 4928 ei
1459 4872 1733 4933 virtutem
1779 4878 2009 4935 submi-

366 4955 690 5013 nistrando.
726 4957 1052 5033 Utrumque
1101 4978 1205 5034 ego
1255 4960 1400 5017 nihil
1455 4963 1679 5020 confert
1723 4966 1848 5035 viti,
1908 4970 2010 5025 sed

370 5048 599 5099 tantum
632 5044 880 5118 palmiti.
916 5048 1010 5104 Sic
1041 5052 1098 5103 et
1127 5065 1405 5121 nos,cum
1437 5067 1746 5110 manemus
1766 5053 1827 5110 in
1847 5055 2010 5112 Chri-

370 5131 643 5198 ste,nihil
675 5134 946 5192 utilitatis
975 5137 1027 5193 ei
1056 5138 1434 5195 conferimus.
1457 5139 1570 5212 Sic,
1592 5158 1727 5199 cum
1749 5143 2014 5202 Christus

370 5220 429 5275 in
476 5220 643 5276 nobis
682 5239 785 5294 per
831 5224 1081 5296 gratiam
1128 5226 1551 5285 inhabitantcm
1597 5236 1813 5299 manet,
1871 5233 2018 5291 nihil

369 5308 504 5365 inde
537 5308 647 5365 sibi
681 5310 952 5370 utilitatis
1002 5316 1285 5388 provenit,
1318 5317 1422 5372 sed
1481 5318 1671 5377 nobis.
1721 5320 1831 5377 Sed
1881 5339 2016 5379 cum

374 5398 603 5455 mansio
636 5399 847 5457 Christi
881 5402 938 5458 in
970 5404 1140 5459 nobis
1170 5404 1247 5459 sit
1274 5405 1444 5462 nobis
1475 5423 1654 5465 causa
1683 5426 1863 5482 quare
1894 5429 2019 5468 ma-

366 5503 617 5546 neamus
647 5488 705 5545 in
737 5491 983 5563 Christo,
1019 5509 1198 5567 quare
1229 5510 1345 5550 non
1394 5496 1710 5568 praeposuit
1761 5496 2018 5558 mansio-

368 5591 508 5636 nem
539 5591 729 5649 suam,
764 5584 830 5636 ut
857 5580 1076 5640 diceret
1108 5598 1121 5637 :
1155 5580 1360 5639 Maneo
1390 5583 1452 5640 in
1480 5583 1662 5655 vobis,
1698 5591 1929 5647 manete
1958 5589 2020 5647 in

2119 4634 2222 4690 per
2249 4632 2349 4673 eos
2381 4610 2750 4670 fructiﬁcare.
2786 4609 3000 4666 Locum
3022 4624 3169 4689 ergo
3218 4610 3273 4664 et
3316 4604 3575 4681 gratiam.
3597 4617 3768 4677 quam

2117 4704 2406 4762 habemus
2464 4700 2521 4757 in
2574 4698 2827 4767 Christe,
2866 4699 3078 4754 fratres
3126 4694 3262 4765 mei,
3314 4712 3432 4751 non
3488 4690 3770 4779 inutiliter

2118 4798 2174 4851 et
2232 4792 2417 4849 otiose
2468 4793 2797 4854 teneamus,
2846 4787 2949 4843 sed
3007 4782 3428 4861 fructiﬁce'mus
3488 4780 3766 4856 studioSe,

2120 4901 2192 4940 ne
2242 4882 2389 4938 forte
2439 4897 2546 4937 nos
2594 4894 2867 4936 summus
2891 4873 3178 4951 Agricola,
3209 4877 3493 4949 tanquam
3534 4866 3767 4926 inutiles

2118 4970 2410 5046 palmites,
2445 4966 2772 5036 abscindat,
2819 4970 2876 5022 et
2931 4960 3087 5023 aiios’
3134 4962 3194 5019 in
3254 4965 3523 5041 nostrum
3562 4954 3766 5045 locum

2121 5060 2422 5135 producat.
3144 5106 3149 5109 _

2198 5146 2416 5216 Tertio,
2442 5145 2807 5202 demonstrat
2832 5143 3121 5201 Dominus
3151 5140 3291 5216 quid
3315 5137 3465 5225 mali)
3485 5132 3765 5225 eugepae-mi

2127 5236 2315 5294 malos
2342 5234 2637 5311 palmites,
2672 5237 2728 5290 et
2758 5231 2899 5309 quid
2932 5230 3070 5288 boni
3099 5232 3305 5299 bonos,
3338 5216 3486 5311 Quid
3506 5216 3766 5311 emite:-

2128 5293 2364 5400 spectet‘
2379 5323 2588 5390 malos,
2623 5293 2881 5381 ostendit
2910 5337 3045 5378 cum
3078 5320 3280 5379 subdit
3298 5293 3323 5375 ἐ
3355 5293 3419 5374 Si
3446 5293 3763 5401 quisi»!

2125 5385 2238 5472 rion
2261 5385 3211 5481 manserit,subaudi,ﬁne,Judaeus
3230 5411 3289 5465 et
3309 5385 3762 5481 ρειεαῆἳιεξὸὲῗθο

2129 5505 2295 5577 rique
2325 5501 2592 5559 inﬁdeles
2622 5516 2727 5556 nec
2749 5498 3054 5573 charitate,
3078 5502 3143 5554 ut
3164 5497 3352 5554 falsus
3389 5491 3761 5577 Christianus»

2129 5575 2394 5660 mittetur,
2424 5592 2568 5649 sicut
2604 5589 2831 5665 palmes,
2858 5580 3147 5675 foras.._Etf
3164 5584 3261 5644 hic
3286 5585 3359 5643 ab
3388 5575 3761 5685 unione‘fide-
