4008 6072
196 327 227 386 ’1
241 327 355 386 M3

1336 325 1710 388 HOMILLE.
1743 359 1821 368 -
1850 326 1927 386 ιι.
1974 325 2088 420 nu
2121 324 2466 386 SANGTIS.

3447 329 3602 390 15M

203 477 302 532 pro
332 457 502 516 nobis
534 458 1052 525 intercedentibus,
1077 458 1218 514 socii
1239 475 1441 516 eorum
1473 458 1530 514 in
1554 458 1696 514 ccelo
1719 474 1846 514 esse
1873 458 1932 527 Α
1961 457 2158 514 orbem
2182 458 2316 526 (Job.
2342 457 2476 530 xx).»
2496 459 2767 524 Quaedam
2790 475 2923 514 vero
2945 458 3163 530 pariter
3181 464 3238 515 et
3258 460 3328 516 ad
3351 460 3604 518 litteram

205 564 551 614 mereamur,
585 546 868 621 largiente
915 547 1031 604 Deo
1068 552 1126 603 et
1169 547 1414 603 Domino
1463 553 1660 604 nostro
1707 547 1846 603 Jesu

202 636 446 703 Christo,
472 636 570 708 qui
602 653 735 692 cum
769 636 938 692 Patre
989 641 1044 693 et
1091 636 1312 708 Spiritu
1359 641 1560 692 sancto
1609 637 1746 692 vivit
1792 641 1850 692 et

203 729 403 799 regnat
433 726 586 782 Deus
618 742 721 798 per
748 726 946 782 omnia
971 725 1184 782 saecula
1211 726 1578 784 saeculorum.

965 832 1086 888 VII.

435 920 506 960 DE
542 920 864 972 APOSTOLIS,
907 919 1097 961 SEBMO
1139 923 1209 960 DE
1244 921 1609 960 APOCALYPSI.

269 997 378 1064 Ego
405 998 652 1052 Joannes
678 993 794 1049 vidi
816 995 874 1050 in
893 993 1115 1052 dextera
1143 994 1377 1052 sedentis
1404 1012 1574 1067 supra
1595 995 1851 1050 thronum

206 1082 412 1142 librum
439 1085 706 1155 scriptum
735 1084 884 1139 intus
921 1091 972 1139 et
1015 1085 1173 1153 foris,
1193 1085 1474 1155 signatum
1498 1083 1703 1152 sigillis
1733 1099 1850 1156 sep-

202 1181 302 1230 tem
348 1174 526 1245 (Apoc.
561 1175 638 1240 v).
674 1171 805 1228 Haec
856 1171 1140 1244 loquitur,
1170 1173 1378 1228 fratres
1428 1172 1564 1239 mei,
1597 1172 1852 1228 Joannes

203 1261 502 1335 apostolus
523 1266 581 1316 et
599 1259 1077 1332 evangelista,cui
1101 1266 1263 1318 tanto
1285 1261 1474 1334 magis
1497 1261 1851 1317 credendum

201 1355 543 1424 est,quanto
575 1367 689 1406 non
723 1349 982 1418 aliunde,
1025 1351 1124 1406 sed
1159 1351 1230 1406 ab
1264 1351 1391 1423 ipso
1425 1350 1643 1424 potavit
1674 1350 1850 1420 fonte.

203 1441 350 1500 Dicit
373 1440 574 1512 itaque
601 1439 770 1495 nobis
793 1445 1076 1512 quatuor:
1095 1439 1378 1505 videlicet,
1399 1441 1456 1494 in
1482 1440 1650 1511 cujus
1674 1456 1852 1495 manu

204 1531 279 1587 sit
305 1533 509 1588 sancta
557 1528 876 1601 Scriptura,
908 1532 966 1584 et
995 1532 1280 1600 quantum
1313 1528 1697 1601 intelligentia
1725 1530 1852 1600 ejus

203 1620 276 1676 sit
317 1618 722 1684 desideranda,
757 1635 790 1673 a
833 1635 946 1689 quo
995 1618 1307 1690 aperiatur,
1342 1621 1399 1674 et
1448 1622 1670 1690 quanta
1725 1617 1852 1674 laus

201 1725 333 1766 eum
356 1708 490 1764 inde
511 1710 812 1778 sequatur.
839 1707 898 1762 In
924 1708 1096 1778 cujus
1117 1706 1297 1780 igitur
1318 1723 1530 1762 manus
1553 1706 1630 1763 sit
1651 1713 1855 1763 sancta

197 1799 520 1870 Scriptura,
545 1795 800 1852 ostendit
822 1797 1010 1868 primo
1035 1813 1169 1853 cum
1194 1796 1336 1852 dicit
1364 1813 1375 1850 :
1410 1796 1529 1854 γίάὶ
1551 1799 1612 1852 in
1633 1797 1853 1874 dextera

1966 551 2023 602 et
2060 547 2129 602 ad
2165 547 2479 619 mysticum
2508 546 2754 620 intelligi
2784 548 3015 615 debent,
3044 553 3106 603 ut
3132 550 3287 620 quod
3319 549 3606 606 Dominus

1959 634 2290 691 masculum
2324 637 2381 690 in
2414 641 2617 692 octava
2658 636 2995 693 circumcidi
3021 638 3191 708 jubet
3221 638 3426 707 (Cenes.
3449 643 3604 707 xvn),

1957 728 2014 780 et
2043 741 2260 797 agnum
2294 725 2352 779 in
2394 725 2620 780 Pascha
2658 725 2949 781 immolari
2996 726 3184 798 (Exod.
3215 731 3337 796 xu),
3368 731 3607 782 caetera-

1959 830 2071 885 que
2117 815 2395 870 mandata
2443 815 2769 887 ﬁgurativa.
2797 815 2858 870 In
2917 815 3027 870 hoc
3082 832 3214 872 vero
3247 817 3400 887 quod
3460 815 3607 872 liber

1959 903 2312 959 describitur
2332 920 2460 959 esse
2480 904 2748 976 signatus
2769 903 2979 976 sigillis
3001 909 3246 976 septem,
3265 905 3608 978 designatur

1961 993 2236 1064 quoniam
2271 998 2472 1048 sancta
2493 993 2795 1065 Scriptura
2825 993 3026 1049 clausa
3055 999 3162 1061 est,
3187 996 3243 1050 et
3272 1000 3515 1066 septem,
3545 995 3604 1050 id

1959 1086 2048 1137 est
2073 1082 2447 1138 universitate
2469 1082 2942 1138 omnimodarum
2975 1082 3400 1139 obscuritatum
3429 1099 3606 1155 gene-

1960 1169 2160 1225 raliter
2189 1170 2478 1226 obvoluta.
2501 1172 2612 1227 Sed
2643 1175 2699 1226 et
2723 1171 3054 1243 specialiter
3073 1175 3296 1244 septem
3327 1171 3387 1226 in
3421 1189 3480 1227 se
3512 1189 3606 1234 oe-

1961 1259 2144 1314 cultat
2165 1259 2461 1333 mysteria,
2487 1277 2612 1332 quae
2635 1260 2788 1316 idem
2809 1260 3064 1317 Joannes
3087 1261 3509 1332 subsequenter
3529 1260 3610 1322 ita

1961 1349 2218 1420 exponit,
2238 1349 2393 1421 quod
2440 1348 2824 1405 nihilominus
2871 1366 2940 1406 ea
2990 1349 3281 1421 relinquat
3329 1349 3606 1423 sigillata.

1965 1438 2106 1493 llinc
2128 1442 2183 1493 et
2211 1438 2434 1494 Danieli
2458 1457 2559 1511 per
2581 1437 2854 1512 angelum
2878 1439 3092 1495 dicitur
3115 1457 3164 1495 :«
3189 1441 3257 1495 Et
3277 1444 3360 1507 tu,
3384 1439 3608 1506 Daniel,

1962 1525 2167 1581 claude
2199 1544 2519 1596 sermones,
2549 1532 2606 1583 et
2635 1528 2802 1600 signa
2832 1528 3048 1584 librum
3099 1545 3288 1600 usque
3317 1529 3388 1584 ad
3421 1531 3609 1585 statu-

1963 1617 2091 1670 tum
2122 1618 2354 1688 tempus
2381 1618 2540 1688 (Dan.
2564 1621 2718 1684 x10.»
2746 1616 2892 1673 Hinc
2912 1620 2968 1672 et
2989 1615 3171 1672 Isaias
3189 1617 3406 1673 Judaais
3429 1617 3605 1673 dicit:

1962 1726 1988 1752 ‹‹
2023 1703 2092 1758 Et
2121 1705 2230 1759 erit
2274 1705 2438 1762 vobis
2484 1705 2630 1761 visio
2681 1707 2944 1762 omnium
2993 1706 3410 1778 prophetarum
3457 1706 3610 1762 sicut

1959 1792 2134 1848 verba
2163 1793 2296 1849 libri
2329 1795 2564 1867 signati,
2589 1813 2763 1867 quem
2808 1813 2940 1851 cum
2982 1796 3247 1851 dederint
3275 1795 3481 1852 scienti
3512 1795 3609 1860 lit-

197 1886 429 1945 sedentis
457 1903 628 1958 supra
674 1885 951 1950 thronum,
985 1885 1211 1940 librum.
1253 1885 1397 1940 Cum
1438 1886 1611 1950 Deus,
1647 1886 1855 1942 fratres
1885 1883 1931 1900 ”
1964 1885 2138 1948 terna,
2163 1883 2356 1938 dicent
2386 1901 2399 1938 :
2437 1885 2612 1958 Lege;
2643 1889 2699 1940 et
2730 1884 3105 1958 respondebit
3139 1901 3150 1940 :
3183 1885 3309 1941 Non
3341 1901 3605 1957 possum,

201 1977 336 2044 mei,
370 1974 900 2046 incircumscriptis
928 1974 1003 2029 sit
1033 1980 1090 2031 et
1120 1975 1364 2046 spiritus
1411 1974 1701 2045 inﬁnitus,
1738 1992 1852 2032 non

200 2067 361 2123 sedet
392 2058 581 2136 neque
633 2064 900 2120 membra
951 2063 1146 2118 habet.
1184 2064 1294 2119 Sed
1327 2063 1397 2120 de
1456 2081 1516 2119 re
1574 2063 1852 2132 invisibili

199 2155 410 2213 melius
442 2171 544 2226 per
572 2151 1016 2210 similitudinem
1051 2151 1371 2208 visibilium
1412 2170 1729 2225 possumus
1760 2155 1851 2210 in-

197 2245 365 2303 strui.
400 2243 673 2300 Thronus
717 2241 934 2314 quippe
992 2241 1161 2298 sedes
1219 2257 1423 2314 regum
1481 2247 1587 2298 est.
1639 2243 1851 2299 Sedere

196 2336 374 2408 igitur
399 2333 456 2387 in
491 2331 702 2388 throno
727 2329 919 2409 quiete
941 2330 1242 2403 regnantis
1265 2334 1373 2386 est.
1398 2331 1465 2385 Et
1483 2331 1616 2403 quis
1640 2331 1849 2388 melius

195 2425 402 2496 regnat
431 2437 609 2493 quam
651 2419 748 2474 ille
777 2421 876 2491 qui
921 2425 1131 2475 cuncta
1161 2419 1378 2476 creavit
1420 2425 1477 2476 et
1519 2421 1850 2493 gubernat?

196 2514 266 2570 Et
297 2510 429 2584 quis
460 2509 715 2584 quietius
744 2507 944 2564 omnia
988 2507 1137 2581 regit
1167 2525 1344 2580 quam
1378 2508 1476 2565 ille
1507 2511 1676 2581 cujus
1704 2508 1848 2565 velle

194 2605 284 2660 est
311 2600 586 2666 facere,et
616 2597 785 2668 cujus
809 2619 834 2646 ι(
865 2596 1154 2668 sapientia
1183 2597 1422 2670 attingit
1453 2618 1486 2653 a
1512 2599 1626 2653 fine
1659 2615 1846 2670 usque

193 2690 265 2750 ad
316 2690 492 2745 ﬁnem
541 2685 783 2752 fortiter,
831 2689 887 2741 et
937 2685 1199 2758 disponit
1243 2687 1442 2742 omnia
1491 2687 1842 2744 suaviter?»

193 2779 343 2850 (Sap.
366 2781 512 2843 vm.)
539 2776 668 2848 Ipse
700 2773 882 2848 igitur
910 2791 1044 2830 cum
1079 2775 1296 2846 ubique
1327 2775 1403 2830 sit
1431 2776 1840 2846 essentialiter,

193 2875 389 2926 tamen
423 2867 482 2920 in
515 2863 789 2921 cordibus
830 2862 1092 2918 ﬁdelium
1138 2863 1366 2920 habitat
1395 2865 1744 2937 specialiter.
1777 2867 1841 2922 In

193 2957 408 3031 quibus
435 2954 590 3010 enim
623 2952 867 3020 habitat,
895 2952 1007 3007 nisi
1037 2951 1096 3007 in
1129 2952 1211 3008 eis
1243 2970 1390 3024 quos
1412 2953 1536 3025 ipse
1558 2954 1767 3028 diligit,
1788 2961 1844 3012 et

193 3045 291 3120 qui
323 3061 458 3101 eum
489 3042 760 3115 diligunt,
785 3045 844 3096 et
865 3040 963 3112 qui
987 3042 1114 3112 ejus
1140 3040 1364 3098 similes
1388 3044 1562 3098 sunt?
1586 3044 1840 3100 Mundus

189 3135 370 3210 igitur
400 3133 624 3188 habitat
655 3131 713 3184 in
748 3131 1006 3196 mundis,
1033 3131 1234 3199 justus
1276 3130 1334 3185 in
1372 3131 1575 3201 justis,
1601 3138 1839 3189 sanctus

1963 1970 2230 2043 signatus
2251 1977 2340 2028 est
2359 1974 2514 2028 enim
2542 1974 2687 2030 liber
2708 1977 2835 2043 (Isa.
2855 1974 3028 2042 xxxx).
3049 1996 3078 2024 »
3102 1974 3263 2039 Quod
3296 1979 3491 2046 aperte
3521 1977 3610 2031 est

1962 2065 2164 2116 contra
2195 2062 2482 2133 quosdam
2515 2063 2818 2119 saeculares
2851 2062 3248 2136 philosophos,
3269 2064 3369 2136 qui
3403 2067 3612 2135 putant

1960 2167 2188 2205 sacram
2208 2151 2568 2223 Scripturam
2587 2151 2823 2224 planam
2847 2168 2973 2209 esse
2996 2156 3052 2208 et
3072 2157 3352 2224 apertam,
3369 2170 3434 2209 eo
3457 2153 3612 2226 quod

1959 2239 2210 2295 exterius
2245 2239 2536 2312 simplicia
2560 2241 2773 2298 habeat
2797 2244 2972 2299 verba
2991 2246 3047 2298 et
3067 2241 3264 2314 plana,
3287 2259 3400 2299 non
3428 2247 3612 2300 atten-

1959 2329 2162 2386 dentes
2185 2329 2461 2401 quoniam
2490 2331 2550 2386 in
2577 2348 2744 2387 sacra
2768 2331 3086 2404 Scriptura,
3103 2332 3213 2388 sub
3236 2331 3610 2404 simplicitate

1955 2419 2286 2488 verborum,
2310 2437 2524 2493 magna
2545 2419 2821 2492 utilisque
2843 2420 3019 2476 lateat
3041 2421 3430 2492 profunditas.
3446 2419 3609 2478 Sicut

1956 2508 2279 2564 econtrario
2309 2508 2369 2564 in
2410 2509 2664 2566 scientia:
2711 2510 3006 2566 saecularis
3037 2509 3202 2566 libris
3250 2510 3359 2566 sub
3410 2509 3606 2567 multi-

1955 2595 2213 2668 plicitate
2243 2604 2300 2654 et
2337 2599 2690 2656 obscuritate
2718 2599 3049 2667 verborum,
3076 2598 3238 2655 nulla
3267 2598 3406 2656 latet
3437 2599 3601 2655 utili-

1954 2691 2063 2742 tas.
2081 2692 2228 2742 Sane
2251 2688 2439 2744 tribus
2461 2689 2532 2744 de
2553 2689 2747 2744 causis
2770 2688 3054 2744 Dominus
3075 2687 3135 2742 in
3155 2688 3473 2760 Scripturis
3493 2705 3602 2748 sua.

1954 2776 2231 2848 mysteria
2252 2777 2544 2850 sigillavit.
2566 2777 2758 2833 Prima
2778 2783 2884 2847 est,
2901 2777 3181 2850 quoniam
3203 2795 3270 2833 ea
3287 2777 3470 2834 voluit
3493 2777 3602 2834 ini-

1953 2865 2121 2920 micis
2152 2866 2276 2921 suis
2308 2867 2608 2935 abscondi,
2632 2871 2688 2922 et
2709 2865 2850 2922 solis
2873 2867 3078 2922 amicis
3099 2871 3156 2922 et
3174 2867 3246 2922 iis
3267 2867 3602 2923 familiario-

1951 2953 2113 3009 ribus
2137 2955 2571 3011 reserari.Unde
2588 2962 2643 3011 et
2660 2956 3065 3011 convenienter
3081 2955 3222 3012 dicit
3240 2956 3454 3013 librum
3472 2973 3600 3012 esse

1951 3041 2247 3115 signatum
2298 3043 2509 3116 sigillis
2548 3049 2794 3117 septem.
2829 3043 2978 3100 lllud
3009 3046 3225 3117 quippe
3270 3044 3600 3118 sigillamus

1951 3133 2106 3203 quod
2143 3133 2284 3188 solis
2315 3134 2522 3190 amicis
2543 3135 2814 3191 volumus
2846 3133 3106 3190 revelari.
3136 3134 3298 3190 Unde
3327 3135 3386 3190 in
3417 3135 3600 3190 Evan-

189 3208 251 3280 in
283 3221 524 3289 sanctis,
549 3220 777 3276 amicus
809 3218 866 3273 in
900 3219 1128 3274 amicis.
1165 3219 1227 3274 In
1259 3219 1437 3289 hujus
1467 3220 1646 3292 igitur
1675 3239 1840 3278 sum-
1874 3208 1914 3274 C
1954 3220 2105 3292 gelio
2129 3237 2178 3276 ;‹‹
2204 3221 2393 3279 Nolite
2420 3229 2690 3280 sanctum
2722 3224 2860 3282 dare
2889 3225 3133 3280 canibus
3165 3223 3369 3297 (Matth.
3393 3227 3513 3293 vn).
3533 3245 3562 3274 »

193 3313 279 3370 mi
313 3311 487 3384 Regis
519 3311 772 3375 dextera,
796 3308 854 3364 id
882 3311 973 3364 est
999 3313 1313 3380 potestate,
1337 3326 1512 3364 sacrae
1537 3311 1846 3383 Scriptura:

185 3402 336 3460 liber
359 3399 708 3466 continetur,
738 3401 938 3470 utpote
969 3398 1140 3468 cujus
1172 3397 1554 3470 inspiratione
1576 3405 1631 3455 et
1654 3412 1848 3457 aucto-

182 3489 354 3546 ritate
381 3489 594 3553 editur,
627 3486 928 3552 scribitur,
958 3486 1237 3558 impletur
1264 3492 1320 3542 et
1351 3488 1654 3544 reveletur.
1681 3491 1844 3556 Quod

184 3583 384 3650 aperte
415 3580 618 3632 contra
646 3575 780 3631 illos
812 3579 922 3645 est,
947 3575 1050 3647 qui
1081 3592 1307 3632 sacram
1336 3577 1695 3649 Scripturam
1727 3597 1844 3636 non

184 3669 398 3740 putant
447 3663 604 3719 aliud
637 3681 765 3720 esse
814 3663 926 3720 nisi
977 3663 1281 3720 hominum
1342 3664 1736 3724 inventionem
1787 3673 1844 3725 et

185 3753 766 3824 commentationem,
809 3770 924 3808 non
972 3755 1338 3810 attendentes
1371 3757 1523 3826 quod
1561 3759 1843 3816 Dominus

185 3845 271 3902 ait
299 3842 359 3899 in
391 3841 700 3914 Evangelia
726 3858 776 3896 τι(
812 3843 995 3897 Amen
1027 3841 1156 3898 dico
1186 3843 1371 3911 vobis,
1403 3845 1586 3902 donec
1631 3847 1841 3904 cmlum

185 3940 247 3992 et
277 3938 431 3989 terra
457 3935 738 4000 transeat,
765 3931 884 3987 iota
915 3948 1097 3986 unum
1132 3938 1233 3987 aut
1263 3950 1416 3989 unus
1447 3952 1592 4006 apex
1618 3938 1688 3992 de
1719 3937 1844 4011 lege

180 4041 300 4080 non
360 4021 694 4094 praeteribit,
752 4021 936 4077 donec
995 4021 1196 4076 omnia
1252 4022 1397 4078 ﬁant
1434 4023 1640 4092 (Matth.
1675 4044 1808 4083 XXIV

176 4112 346 4168 Marc.
393 4115 538 4178 xm).
573 4133 601 4158 ››
650 4110 721 4164 Et
779 4109 988 4164 Petrus
1047 4110 1106 4164 in
1166 4110 1426 4182 Epistola
1482 4114 1765 4171 canonica

173 4224 205 4252 ‹‹
239 4201 369 4257 Non
401 4199 584 4266 enim,
621 4197 836 4270 inquit,
871 4198 1172 4254 voluntate
1230 4199 1491 4255 humana
1547 4201 1726 4258 allata
1755 4199 1846 4285 esi

170 4287 508 4362 prophetia,
532 4287 633 4342 sed
679 4285 899 4356 Spiritu
933 4291 1136 4342 sancto
1167 4287 1458 4359 inspirati,
1490 4288 1669 4346 locuti
1703 4306 1847 4356 sunt,

167 4376 366 4434 sancti
397 4375 498 4434 Dei
529 4374 800 4431 homines
834 4375 904 4446 (II
931 4377 1079 4432 Petr.
1107 4381 1170 4446 1).
1198 4398 1224 4426 »
1255 4377 1430 4433 Porro
1462 4379 1521 4432 in
1557 4379 1665 4435 hoc
1687 4385 1843 4454 quod

166 4466 324 4522 liber
356 4481 532 4523 sacrae
568 4464 899 4554 Scriptum
956 4465 1116 4521 intus
1146 4469 1204 4554 et
1235 4465 1375 4522 foris
1425 4472 1514 4522 est
1565 4470 1842 4554 scriptus,

2028 3310 2294 3367 Secunda
2322 3317 2430 3381 est,
2452 3313 2608 3384 quod
2643 3313 2700 3368 in
2732 3313 3165 3385 Scripturarum
3205 3313 3602 3386 profunditatis

1955 3398 2136 3455 voluit
2167 3418 2271 3458 nos
2315 3403 2564 3460 exerceri
2613 3408 2670 3458 et
2719 3403 2948 3459 mereri.
2981 3403 3145 3459 Unde
3176 3420 3310 3459 cum
3358 3401 3602 3476 angelus

1955 3489 2200 3545 dixisset
2255 3491 2474 3546 Danieli
2508 3509 2555 3547 :«
2581 3491 2796 3547 Claude
2849 3508 3202 3560 sermonem,
3228 3497 3286 3548 et
3333 3492 3504 3566 signa
3530 3489 3601 3548 li-

1954 3577 2146 3645 brum,
2173 3599 2201 3627 »
2234 3580 2501 3651 adjunxit
2534 3597 2546 3635 :
2574 3603 2601 3631 «
2632 3581 3080 3636 Pertransibunt
3127 3579 3316 3650 multi,
3348 3585 3406 3637 et
3446 3579 3600 3637 mul-

1954 3666 2132 3738 tiplex
2187 3668 2298 3724 erit
2357 3669 2599 3725 scientia
2647 3670 2801 3742 (Dan.
2857 3671 3034 3742 χω.»
3088 3671 3230 3727 llinc
3277 3669 3596 3726 Salomon:

1954 3780 1981 3807 «
2015 3756 2228 3824 Gloria,
2264 3757 2476 3830 inquit,
2502 3758 2598 3813 Dei
2632 3758 2817 3815 celare
2856 3760 3120 3828 verbum,
3144 3763 3200 3816 et
3231 3758 3418 3832 gloria
3447 3759 3601 3833 regis

1954 3846 2300 3919 investigare
2327 3863 2656 3903 sermonem
2679 3853 2860 3916 (Prov.
2885 3851 3070 3917 xxv).»
3089 3849 3286 3906 Tertia
3305 3853 3414 3916 est,
3441 3854 3505 3904 ut
3527 3849 3602 3906 si-

1953 3941 2052 3990 cut
2079 3935 2412 4005 editionem,
2437 3935 2518 3991 ita
2538 3953 2771 4008 quoque
2800 3938 3206 3994 revelationem
3236 3955 3414 3994 sacras
3444 3937 3600 3993 Scri-

1955 4029 2136 4096 ptura:
2169 4042 2274 4081 suo
2307 4025 2529 4081 nomini
2579 4031 2916 4096 reservaret,
2939 4044 3010 4081 ne
3038 4026 3170 4098 quis
3220 4028 3290 4082 de
3338 4026 3598 4082 humano

1954 4113 2186 4186 ingenio
2215 4114 2272 4168 in
2305 4130 2372 4170 ea
2401 4131 2528 4170 sese
2549 4115 2823 4184 jactaret,
2846 4116 2947 4171 sed
2988 4116 3061 4170 ad
3105 4132 3233 4171 eam
3263 4114 3600 4187 intelligen-

1956 4205 2097 4259 dum
2119 4203 2374 4258 divinam
2398 4220 2566 4274 opem
2591 4204 2892 4276 flagitaret.
2915 4207 3206 4271 Quantum
3229 4221 3362 4260 vero
3384 4204 3600 4261 intelli-

1955 4292 2151 4364 gentia
2181 4309 2356 4347 sacrae
2380 4293 2688 4364 Scriptura:
2716 4293 2790 4349 sit
2821 4294 3208 4350 desideranda
3234 4295 3598 4352 demonstra-

1955 4387 2069 4450 tur,
2095 4397 2227 4436 cum
2261 4381 2639 4453 subjungitur
2662 4399 2673 4436 :
2697 4383 2762 4438 Et
2792 4383 2923 4452 vidi,
2957 4383 3168 4455 inquit,
3201 4386 3456 4455 angelum
3482 4385 3599 4454 for-

1953 4480 2063 4526 tem
2089 4470 2481 4542 praedicantem
2505 4486 2629 4526 voce
2655 4487 2856 4543 magna
2882 4491 2900 4528 :
2925 4472 3054 4540 Quis
3073 4481 3151 4528 est
3167 4472 3368 4541 dignus
3387 4472 3601 4543 aperire

163 4554 342 4614 lectio
401 4553 652 4610 exterior
709 4553 986 4622 histories,
1027 4560 1085 4609 et
1139 4553 1310 4611 lectio
1365 4557 1605 4612 interior
1659 4553 1834 4630 spiri-r
1862 4577 1906 4640 ι)
1939 4561 2152 4629 librum
2181 4567 2233 4614 et
2259 4560 2466 4614 solvere
2491 4561 2780 4630 signacula
2819 4563 2983 4633 ejus?
3028 4559 3284 4634 Angelus
3315 4560 3446 4628 iste,
3482 4561 3596 4615 fra-

162 4643 350 4700 tualis
420 4641 823 4716 intelligentiae
895 4643 1223 4700 denotatur.
1284 4647 1347 4698 In
1427 4663 1540 4717 quo
1615 4648 1835 4719 pariter

164 4731 621 4788 confunduntur
677 4731 784 4798 illi,
823 4731 923 4802 qui
979 4731 1038 4786 in
1098 4749 1262 4788 sacra
1319 4733 1620 4804 Scriptura
1651 4736 1832 4793 solam

183 4821 560 4893 superﬁciem
614 4819 819 4875 litterae
866 4820 1196 4891 requirunt,
1224 4825 1289 4875 ut
1317 4822 1502 4877 Judaei
1551 4826 1842 4882 secuban-

181 4915 300 4976 tes,
333 4914 389 4964 et
417 4908 501 4963 illi
533 4908 633 4980 qui
667 4907 811 4963 nihil
859 4909 929 4964 ad
976 4909 1251 4976 litteram,
1278 4911 1378 4965 sed
1411 4914 1597 4968 totum
1648 4921 1834 4972 retor-

167 4997 444 5070 quentad
460 4997 772 5070 mysticum
787 4998 1368 5069 sensum,utquidam
1385 5005 1835 5075 praesumptuosi

171 5084 317 5158 plus
357 5102 536 5158 quam
586 5090 814 5158 oportet
864 5087 1178 5158 sapientes.
1208 5087 1268 5142 In
1321 5106 1487 5145 sacra
1537 5092 1840 5165 Scriptura

167 5175 447 5248 quaedam
480 5175 552 5229 ad
582 5172 837 5230 litteram
868 5179 1097 5231 tantum
1131 5175 1511 5249 intelligenda
1537 5187 1694 5248 sunt,
1729 5187 1829 5238 ut:

166 5288 197 5314 ‹‹
231 5261 456 5336 Diliges
487 5263 802 5320 Dominum
855 5264 1039 5320 Deum
1069 5269 1238 5321 tuum
1282 5265 1472 5337 (Exod.
1506 5269 1622 5341 xx).
1650 5292 1676 5318 ››
1719 5271 1784 5325 Et
1817 5287 1829 5326 :

169 5352 412 5408 Honora
459 5356 686 5424 patrem
719 5356 888 5409 tuum
921 5360 978 5409 et
1009 5358 1253 5410 matrem
1296 5359 1458 5410 tuam
1491 5357 1695 5429 (ibid),
1724 5381 1751 5408 »
1781 5363 1838 5415 et

166 5444 389 5498 caetera
434 5445 723 5513 praecepta
759 5441 1025 5498 moralia.
1052 5444 1323 5511 Quaedam
1356 5461 1488 5500 vero
1521 5446 1591 5500 ad
1627 5447 1833 5519 mysti-

164 5545 313 5588 cum
344 5546 586 5587 sensum
637 5535 873 5586 tantum
922 5533 1223 5589 referenda
1253 5539 1412 5602 sunt,
1443 5539 1505 5589 ut
1537 5533 1645 5590 hoc
1674 5538 1833 5608 quod

1951 4653 2068 4704 tres
2103 4649 2414 4718 mei,tenet
2433 4665 2744 4721 personam
2767 4649 3081 4720 cujuslibet
3101 4648 3312 4721 prioris
3339 4648 3596 4718 Patrum,

1953 4737 2354 4810 qui,quamvis
2381 4737 2547 4794 fortis
2568 4741 2722 4794 esset
2742 4737 2952 4794 virtute
2973 4743 3030 4794 et
3049 4738 3356 4811 sapientia,
3381 4742 3600 4809 tamen,

1953 4845 2068 4899 prae
2093 4843 2304 4899 magno
2331 4826 2618 4882 desiderio
2640 4831 2694 4882 et
2715 4826 2991 4883 dilatione
3019 4827 3395 4883 reserationis
3425 4841 3601 4882 sacra

1950 4916 2285 4988 Scriptum,
2305 4915 2686 4987 conqueritur
2716 4919 2774 4971 et
2814 4915 3058 4986 inquirit
3090 4917 3222 4988 quis
3251 4917 3329 4970 sit
3358 4915 3453 4971 ille
3481 4919 3602 4970 tam

1949 5004 2187 5077 dignus,
2207 5009 2322 5059 tam
2358 5004 2590 5076 sapiens
2622 5009 2679 5059 et
2708 5009 2828 5059 tam
2861 5010 3064 5075 potens
3097 5004 3195 5076 qui
3224 5021 3352 5060 eam
3379 5003 3603 5076 aperire

1949 5095 2153 5166 possit.
2190 5095 2305 5149 Nos
2353 5110 2485 5148 vero
2518 5091 2650 5164 quis
2691 5094 2767 5148 sit
2798 5092 2894 5148 ille
2933 5094 3061 5163 jam
3092 5094 3334 5164 scimus,
3368 5098 3425 5149 et
3472 5092 3600 5148 ideo

1948 5183 2138 5255 magis
2167 5188 2288 5239 toto
2321 5182 2610 5239 desiderio
2661 5182 2916 5254 totisque
2948 5183 3167 5239 viribus
3212 5200 3347 5239 eum
3379 5181 3600 5255 ﬂagite-

1947 5289 2101 5341 mus,
2137 5278 2430 5344 quatenus
2475 5270 2669 5343 sigilla
2702 5289 2820 5327 suae
2869 5289 3044 5327 sacra:
3092 5273 3401 5345 Seripturae
3432 5269 3603 5327 nobis

1946 5360 2218 5432 dignetur
2248 5359 2492 5432 aperire.
2521 5359 2581 5414 Et
2632 5375 2810 5426 nemo,
2841 5359 3052 5432 inquit,
3081 5369 3294 5433 poterat
3337 5376 3511 5432 neque
3541 5361 3603 5414 in

1943 5448 2095 5514 εωιο,
2127 5464 2298 5518 neque
2352 5448 2411 5502 in
2454 5454 2620 5513 terra,
2651 5464 2828 5518 neque
2882 5448 2983 5503 sub
3035 5456 3239 5505 terram
3285 5450 3503 5522 aperire
3531 5448 3603 5503 ti-

1945 5538 2122 5603 brum,
2155 5551 2326 5605 neque
2349 5537 2612 5606 respicere
2645 5537 3120 5610 illum,quoniam
3152 5555 3257 5595 nec
3300 5538 3452 5594 inter
3492 5553 3598 5594 an-

166 5617 397 5696 legitur
424 5618 485 5678 in
515 5619 626 5677 Job
650 5634 701 5674 :«
738 5620 858 5677 Sub
889 5636 1003 5694 quo
1051 5629 1367 5683 curvantur
1393 5623 1434 5680 ii
1465 5623 1564 5701 qui
1596 5629 1832 5701 portant
1941 5623 2123 5703 gelos,
2157 5640 2261 5682 nec
2293 5623 2446 5683 inter
2483 5623 2773 5697 homines,
2809 5644 2914 5685 nec
2945 5629 3100 5685 inter
3129 5629 3359 5686 animas
3391 5643 3604 5702 corpeus

505 5746 773 5811 Panos.
819 5747 991 5812 CLV.

3207 5754 3287 5820 48

3573 5830 3608 5844 ὀ
