4002 6078
455 275 612 339 1515

1727 272 2129 337 RADULPHI
2172 271 2588 336 ARDENTIS.

3701 271 3873 335 1516

452 409 618 466 ribus
647 410 870 475 exutas,
893 421 1000 462 nec
1025 403 1201 461 etiam
1244 406 1397 461 inter
1424 405 1719 462 daemones
1759 404 1975 478 aliquis
2007 406 2095 461 in-
2123 408 2180 475 Α
2208 403 2303 461 hic
2334 421 2398 461 se
2424 403 2643 462 vidisse
2689 420 2825 460 eum
2874 407 3128 459 stantem
3158 401 3301 458 dicit
3333 419 3347 458 :
3380 403 3612 475 Agnum,
3642 401 3877 476 inquit,

450 501 662 555 ventus
682 499 770 553 est
790 493 889 569 qui
916 512 1092 575 sacrae
1115 493 1423 568 Scripturas
1455 498 1819 551 sacramenta
1849 495 2105 568 potuerit

452 587 704 661 perfecte
749 583 1090 658 intelligere.
1126 583 1290 640 Unde
1321 588 1549 641 constat
1579 585 1733 657 quod
1785 601 1891 641 nec
1928 584 2103 640 etiam

453 675 747 749 propheta:
777 678 835 731 et
865 674 1179 746 scriptores
1209 690 1385 730 sacris
1414 673 1744 747 Scripturas,
1770 691 1875 731 nec
1926 674 2104 731 etiam

453 763 570 837 ipsi
599 762 791 837 angeli
822 767 1192 820 sacramenta
1223 778 1350 834 quae
1396 762 1509 836 ipsi
1542 763 2001 836 pronuntiabant
2030 763 2102 819 ad

456 852 697 927 plenum
719 850 1147 908 intellexerunt.
1170 851 1234 908 In
1264 868 1379 925 quo
1400 852 1642 925 quidam
1664 852 1827 909 stulti
1871 856 1928 910 et
1959 869 2105 924 prae-

456 939 791 1014 sumptuosi
827 941 1430 1013 condemnantur,qui
1461 941 1905 1015 intelligentiam
1929 958 2105 998 sacrae

457 1029 771 1103 Scriptura
789 1045 918 1086 sese
938 1029 1266 1103 percepisse
1284 1029 1630 1103 gloriantur,
1646 1030 1705 1086 in
1723 1047 1840 1103 quo
1862 1030 2103 1096 faciunt,

456 1122 525 1176 ut
551 1117 944 1192 intelligentes
974 1136 1089 1174 non
1137 1118 1488 1192 intelligant.
1524 1122 1588 1175 Et
1614 1135 1730 1189 ego,
1765 1118 1976 1191 inquit,
2007 1120 2105 1189 ﬂe-

458 1208 583 1265 bam
606 1208 862 1277 multum,
895 1210 1157 1281 quoniam
1183 1225 1339 1265 nemo
1367 1210 1571 1278 dignus
1601 1211 1852 1265 inventus
1879 1216 1959 1264 est
1986 1225 2109 1281 ape-

454 1299 571 1356 rire
600 1297 831 1366 librum,
858 1314 957 1355 nec
984 1298 1166 1356 videre
1185 1316 1329 1355 eum.
1349 1298 1499 1356 Sane
1521 1299 1615 1355 hic
1634 1299 1829 1355 innuit
1849 1299 2105 1356 Joannes

456 1403 520 1444 se
550 1390 748 1444 tenere
803 1387 1064 1460 priorum
1118 1388 1353 1444 Patrum
1410 1404 1743 1460 personam,
1771 1387 1869 1461 qui
1929 1404 2106 1444 sacra

454 1474 766 1549 Scriptura;
813 1476 1224 1533 recreationem
1258 1494 1361 1549 per
1399 1477 1721 1546 Christum,
1747 1477 1836 1533 vel
1867 1494 1983 1533 non
2017 1477 2106 1532 in-

453 1564 815 1639 telligehant,
838 1565 925 1621 vel
959 1564 1203 1622 dilatam
1252 1567 1546 1623 dolebant.
1573 1567 1735 1623 Unde
1776 1567 2057 1623 Dominus
2089 1584 2102 1623 :

527 1654 692 1711 Multi
718 1670 884 1728 reges
907 1658 965 1711 et
993 1655 1286 1728 propheta:
1312 1656 1623 1712 voluerunt
1645 1656 1839 1713 videre
1856 1674 1984 1730 quae
2006 1672 2107 1712 vos

453 1743 683 1812 videtis,
707 1747 764 1799 et
809 1761 922 1799 non
966 1743 1235 1800 viderunt
1267 1746 1417 1815 (Luc.
1448 1748 1528 1814 χ).
1553 1768 1580 1794 ‹‹
1616 1743 1814 1810 Qualis
1843 1748 1967 1799 erat
1996 1744 2106 1799 Da-

454 1832 591 1903 niel,
615 1832 713 1906 qui
745 1832 888 1888 dicit
930 1851 990 1888 se
1023 1832 1302 1906 plorasse,
1329 1834 1409 1905 jej
1423 1850 1633 1889 unasse
1663 1838 1720 1888 et
1750 1848 1948 1888 orasse
1979 1833 2104 1905 diu,

456 1927 746 1994 quatenus
772 1922 1050 1992 mysteria
1073 1921 1314 1978 visionis
1347 1927 1671 1978 mereretur
1701 1921 1813 1977 sibi
1844 1920 2103 1977 revelari.

457 2010 519 2068 In
552 2027 669 2083 quo
697 2010 1049 2083 negligentia
1079 2016 1279 2067 nostra
1321 2011 1721 2077 confunditur,
1750 2011 1978 2078 fratres,
2003 2010 2104 2082 qui

454 2116 685 2159 sacram
714 2100 1078 2172 Scripturam
1126 2116 1253 2167 nec,
1298 2104 1363 2155 ut
1410 2104 1656 2172 Oportet,
1697 2098 2103 2171 intelligimus,

454 2205 563 2246 nec
599 2191 728 2260 ejus
776 2188 1220 2261 intelligentiam
1254 2190 1414 2258 fletu,
1439 2189 1669 2261 jejunio
1718 2192 1776 2245 et
1823 2188 2103 2257 oratione,

454 2276 609 2335 sicut
635 2275 862 2349 antiqui
896 2276 1092 2333 Patres
1119 2277 1322 2335 fecisse
1352 2277 1652 2350 leguntur,
1671 2294 1705 2332 a
1737 2277 1980 2333 Domino
2004 2294 2103 2350 po-

453 2364 768 2433 stulamus,
792 2365 969 2421 rebus
998 2365 1164 2421 vanis
1207 2365 1577 2422 intendentes
1624 2370 1683 2422 et
1728 2365 2027 2439 perituris.
2058 2368 2105 2422 A

453 2471 570 2527 quo
593 2458 788 2511 autem
810 2454 1116 2526 Scriptura:
1140 2453 1286 2511 liber
1301 2455 1619 2528 aperiatur,
1635 2454 2103 2528 exponitur,cum

453 2543 761 2601 subditur:
799 2544 864 2599 Et
890 2560 1037 2599 unus
1064 2542 1129 2599 de
1166 2545 1473 2600 senioribus
1505 2544 1652 2600 dixit
1678 2544 1821 2600 mihi
1849 2563 1867 2599 :
1896 2545 1976 2600 Ne
2001 2546 2104 2615 ﬂe-

451 2634 611 2690 veris.
636 2633 951 2690 Personam
981 2635 1137 2689 tenet
1178 2633 1289 2689 iste
1327 2633 1642 2706 cujuslibet
1674 2632 1934 2707 priorum
1968 2651 2103 2705 pro-

450 2722 897 2796 phetarum,qui
920 2721 1135 2778 Christi
1169 2723 1482 2779 adventum
1524 2722 1927 2780 annuntiando
1957 2722 2103 2780 alios

451 2809 807 2869 consolatur.
828 2813 961 2867 Ecce
998 2812 1128 2867 vicit
1159 2812 1240 2867 leo
1268 2811 1331 2867 de
1361 2813 1509 2867 tribu
1535 2812 1698 2879 Juda,
1729 2812 1897 2869 rudia:
1928 2814 2104 2869 David

451 2902 667 2974 aperire
724 2901 947 2969 librum,
1004 2907 1054 2956 et
1108 2901 1311 2957 solvere
1365 2908 1564 2972 septem
1617 2902 1906 2971 signacula
1961 2904 2099 2975 ejus.

452 2989 624 3048 Porro
654 2989 882 3047 leonem
913 2989 985 3045 de
1014 2988 1169 3045 tribu
1199 2989 1354 3046 Juda
1381 2990 1675 3046 Christum
1707 2994 1890 3059 vocat,
1917 2995 1982 3047 ut
2011 2992 2100 3047 in-

452 3083 599 3135 nuat
626 3095 762 3135 eum
789 3095 918 3135 esse
942 3076 1111 3134 illum
1134 3078 1204 3135 de
1226 3095 1342 3150 quo
1363 3078 1544 3135 Jacob
1570 3079 1833 3150 praedixit
1855 3096 1908 3135 :«
1929 3080 2101 3136 Catu-

2212 503 2475 568 tanquam
2502 497 2754 552 occisum.
2779 494 3187 568 Agnum,quia
3216 492 3582 550 innocentem
3607 500 3669 550 et
3697 509 3874 549 man-

2214 588 2535 653 suetum,et
2551 584 2609 639 in
2629 599 2779 657 agno
2796 584 3322 657 praefiguratum,et
3340 587 3620 656 tanquam
3643 598 3871 657 agnum

2213 673 2608 741 immolatum,
2639 678 2924 746 tanquam
2954 673 3216 730 occisum
3245 671 3307 728 in
3346 671 3735 739 humanitate,
3766 672 3869 729 sed

2215 779 2448 836 semper
2474 762 2669 819 vivum
2700 761 2761 818 in
2792 761 3112 819 divinitate.
3135 763 3443 834 Tanquam
3471 761 3737 818 occisum
3764 762 3870 818 Ju-

2213 852 2485 919 daeis,sed
2514 868 2748 925 semper
2764 850 2959 907 vivum
2992 850 3494 930 nobis.Tanqpam
3518 849 3786 907 occisum
3810 850 3867 907 in

2214 940 2554 1016 quotidiano
2587 940 3089 1010 sacramento,sed
3120 956 3352 1014 semper
3377 940 3577 995 vivum
3604 939 3667 996 in
3700 939 3864 998 caelo.

2214 1031 2526 1099 (labentem,
2556 1031 2767 1104 inquit,
2785 1046 2995 1087 cornua
3015 1037 3216 1102 septem
3233 1037 3285 1086 et
3309 1030 3491 1087 oculos
3517 1016 3741 1102 septem.
3765 1030 3868 1086 Per

2216 1124 2437 1193 septem
2456 1137 2591 1176 corn
2600 1136 2676 1176 ua
2688 1123 2746 1176 et
2760 1136 2863 1192 per
2878 1123 3100 1192 septem
3118 1117 3338 1186 oculos,
3352 1119 3555 1175 eadem
3574 1119 3863 1175 donorum

2213 1209 2466 1283 Spiritus
2493 1209 2682 1265 sancti
2708 1209 3059 1266 unive'sitas
3080 1208 3442 1281 designatur.
3471 1213 3631 1265 Dona
3652 1208 3865 1283 quippe

2215 1298 2405 1356 sancti
2425 1297 2682 1371 Spiritus
2703 1301 2845 1354 sunt
2864 1315 3102 1367 cornua,
3122 1298 3179 1354 id
3200 1301 3291 1354 est
3308 1297 3573 1363 virtutes,
3596 1314 3705 1371 per
3722 1314 3865 1370 quas

2216 1387 2585 1444 adversarius
2633 1390 3020 1460 expugnatur.
3066 1386 3285 1443 Eadem
3318 1390 3456 1443 sunt
3485 1385 3664 1452 oculi,
3692 1386 3751 1443 id
3781 1392 3869 1443 est

2216 1474 2698 1545 illuminationes,
2715 1474 2930 1549 quibus
2960 1474 3195 1531 animus
3227 1473 3581 1531 illustratur.
3607 1475 3739 1532 Hoc
3770 1475 3869 1533 RL‘

2217 1566 2346 1622 dem
2354 1569 2484 1638 ptor
2513 1570 2712 1622 noster
2730 1581 2846 1621 non
2868 1564 2940 1620 ad
2965 1580 3325 1634 mensuram,
3341 1563 3442 1621 sed
3464 1562 3869 1621 univcrsaliter

2216 1653 2411 1723 habet,
2436 1657 2494 1710 et
2522 1671 2626 1727 per
2666 1653 3005 1710 universum
3052 1652 3364 1721 mundum,
3387 1652 3606 1725 quibus
3634 1652 3783 1726 vult,
3814 1658 3871 1711 et

2219 1744 2454 1816 quando
2500 1743 2643 1812 vult,
2675 1748 2733 1799 et
2770 1747 3058 1815 quantum
3104 1741 3230 1798 vult
3278 1741 3514 1815 praebet.
3546 1742 3613 1799 Et
3641 1744 3867 1816 accepit,

2218 1832 2426 1905 inquit,
2449 1832 2516 1888 de
2536 1832 2766 1889 dextera
2787 1831 3022 1888 sedentis
3043 1833 3271 1888 librum.
3298 1831 3360 1887 In
3381 1834 3672 1904 quantum
3694 1831 3870 1889 homo

2215 1923 2460 1994 accepit,
2486 1922 2640 1995 quod
2672 1923 2731 1978 in
2773 1925 3062 1993 quantum
3106 1921 3261 1977 Deus
3290 1937 3521 1993 semper
3549 1919 3779 1977 habuit.
3810 1922 3874 1978 Et

2212 2026 2339 2066 cum
2363 2012 2667 2083 aperuisset
2697 2010 2923 2066 librum.
2944 2008 3292 2083 Tripliciter,
3318 2010 3529 2065 fratres
3548 2009 3686 2075 mei,
3708 2009 3870 2066 Chri-

2215 2104 2344 2157 stus
2375 2099 2591 2156 librum
2625 2115 2801 2156 sacrae
2832 2097 3142 2171 Scriptura:
3173 2097 3390 2154 dicitur
3416 2098 3721 2171 aperuisse
3744 2116 3760 2155 :
3783 2098 3869 2155 vel

2214 2189 2435 2262 ﬁguras
2464 2188 2610 2262 legis
2640 2188 2699 2244 in
2721 2205 2783 2245 se
2814 2187 3126 2261 implendo.
3155 2186 3320 2244 Unde
3341 2190 3398 2243 et
3420 2187 3481 2242 in
3512 2191 3760 2255 morte,«
3782 2205 3869 2246 ve-

2212 2278 2337 2333 lum
2370 2277 2572 2351 templi
2622 2276 2876 2334 scissum
2926 2281 3015 2333 est
3044 2275 3250 2347 (Matth.
3276 2292 3462 2345 xxvu;
3493 2275 3660 2333 ﬂare.
3691 2281 3813 2347 xv).
3840 2299 3866 2327 ιο

2212 2366 2312 2423 Vel
2337 2366 2669 2440 Scripturas
2688 2366 3047 2439 exponendo.
3067 2364 3234 2422 Unde
3253 2365 3487 2423 duobus
3504 2365 3790 2423 euntibus
3810 2366 3865 2422 in

2213 2457 2514 2524 Emmaus,
2531 2479 2558 2506 ‹‹
2584 2455 2872 2528 incipiens
2895 2472 2929 2511 a
2949 2456 3143 2528 Moyse
3166 2459 3225 2510 et
3243 2454 3522 2511 omnibus
3542 2455 3866 2528 prophetis,

2211 2544 2706 2618 interpretabatur
2725 2545 2811 2601 eis
2837 2543 3169 2617 Scripturas
3191 2545 3341 2612 (Luc.
3363 2548 3538 2614 XXIV).
3562 2566 3591 2595 ι»
3618 2543 3723 2601 Vel
3745 2562 3869 2602 sen-

2213 2652 2347 2691 sum
2380 2634 2740 2708 intelligendi
2768 2633 3100 2706 Scripturas
3148 2632 3456 2705 discipulis
3497 2632 3623 2690 suis
3652 2634 3865 2691 dando.

2212 2724 2375 2791 Quod
2405 2728 2538 2796 post
2578 2723 3062 2779 resurrectionem
3095 2722 3251 2789 fecit,
3276 2727 3334 2778 et
3363 2721 3556 2779 adhuc
3605 2723 3867 2796 quotidie

2211 2813 2383 2870 nobis
2414 2812 2568 2882 facit,
2595 2812 2643 2868 si
2687 2812 2966 2885 petimus,
2999 2811 3048 2867 si
3079 2810 3421 2885 quaerimus,
3454 2811 3503 2867 si
3534 2811 3866 2885 pulsamus,

2211 2902 2261 2959 si
2293 2919 2428 2959 cum
2477 2901 2716 2958 Daniele
2741 2900 2850 2957 viri
2890 2901 3317 2958 desideriorum
3366 2917 3599 2970 sumus,
3632 2901 3685 2958 si
3732 2919 3867 2959 cum

2212 2993 2349 3049 ﬂetu
2380 2996 2437 3048 et
2455 2990 2685 3064 jejunio
2713 2995 2772 3047 et
2799 2990 3061 3048 oratione
3082 2990 3153 3046 ad
3181 2989 3513 3063 exemplum
3533 2990 3785 3048 Joannis
3812 2998 3869 3050 et

2212 3079 2469 3137 Danielis
2518 3080 2830 3137 instamus.
2854 3079 3295 3154 Negligentibus
3338 3096 3494 3147 vero,
3524 3085 3583 3135 et
3609 3081 3871 3139 carnalia

453 3165 550 3224 lus
580 3167 766 3225 leonis
795 3167 950 3225 Juda
979 3166 1187 3240 (Cenes.
1214 3168 1385 3239 κως).
1410 3189 1438 3218 ››
1463 3168 1749 3235 Quoniam
1782 3172 1848 3224 ut
1885 3167 1974 3225 leo
2004 3186 2103 3225 rex
2133 3154 2176 3222 C
2213 3186 2329 3226 non
2361 3169 2692 3242 spiritualia
2720 3169 3140 3243 quaerentibus,
3166 3169 3360 3226 adhuc
3388 3172 3480 3226 est
3512 3167 3666 3225 liber
3689 3186 3865 3228 sacra

454 3255 621 3314 fortis
650 3256 838 3313 cauda
874 3255 1283 3325 humanitatis,
1306 3255 1574 3329 operiens
1619 3256 1863 3331 vestigia
1891 3256 2102 3314 divini-

452 3345 611 3415 tatis,
653 3351 710 3403 et
762 3344 980 3418 apertis
1037 3343 1223 3401 oculis
1280 3345 1606 3402 dormitans
1662 3345 1983 3403 divinitatis
2038 3346 2099 3403 in

450 3437 656 3490 morte.
682 3432 958 3489 Radicem
988 3431 1164 3489 David
1196 3436 1363 3489 vocat
1385 3450 1542 3502 eum,
1569 3438 1635 3489 ut
1665 3436 1936 3492 ostendat
1964 3451 2099 3491 eum

449 3538 579 3579 esse
605 3520 775 3578 illum
798 3521 921 3593 qui,
936 3522 1108 3593 juxta
1133 3521 1365 3589 Isaiam,
1389 3521 1616 3578 «habet
1643 3521 1862 3580 clavem
1894 3523 2096 3593 David,

446 3608 668 3667 claudit
696 3614 754 3666 et
787 3626 957 3665 nemo
988 3610 1192 3683 aperit,
1216 3609 1402 3684 aperit
1436 3614 1494 3667 et
1524 3628 1694 3668 nemo
1726 3611 1947 3668 claudit
1968 3614 2096 3686 (Isa.

444 3701 646 3769 παθη.»
671 3700 773 3755 Est
801 3715 937 3772 ergo
968 3715 1034 3754 ac
1068 3699 1115 3755 si
1147 3698 1303 3755 dicat
1332 3717 1349 3754 :
1386 3700 1447 3754 In
1481 3698 1590 3756 hoc
1640 3703 1797 3772 quod
1831 3701 2099 3759 Christus

445 3786 665 3845 diaboli
687 3792 745 3849 et
770 3787 975 3843 mortis
997 3787 1135 3844 vicit
1156 3787 1553 3855 difﬁcultates,
1580 3806 1758 3845 sacras
1783 3790 2097 3864 Scripturas

445 3876 633 3950 aperit
677 3875 1080 3933 obscuritates.
1104 3877 1169 3933 Et
1207 3878 1345 3945 vidi,
1377 3876 1589 3951 inquit,
1612 3887 1663 3935 et
1691 3896 1808 3936 ecce
1838 3882 1898 3935 in
1920 3881 2097 3938 medio

443 3965 631 4023 throni
656 3973 708 4022 et
735 3974 969 4039 quatuor
1013 3967 1366 4035 animalium,
1399 3976 1450 4024 et
1482 3969 1542 4023 in
1570 3968 1747 4025 medio
1793 3972 2093 4040 seniorum,

440 4053 659 4124 Agnum
685 4062 915 4112 stantem
961 4064 1223 4129 tanquam
1271 4059 1527 4125 occisum,
1566 4058 1852 4115 habentem
1891 4075 2098 4117 cornua

440 4151 665 4216 septem,
694 4152 745 4200 et
775 4145 953 4201 oculos
971 4153 1191 4217 septem,
1218 4147 1315 4219 qui
1339 4154 1470 4202 sunt
1493 4155 1693 4219 septem
1720 4150 1953 4220 spiritus
1974 4151 2091 4219 Dei,

439 4233 599 4289 missi
644 4234 704 4289 in
752 4249 965 4290 omnem
1020 4242 1243 4290 terram.
1279 4235 1429 4291 Sane
1488 4252 1593 4309 per
1648 4235 1927 4293 thronum
1988 4238 2094 4295 Ec-

440 4319 618 4378 clesia
662 4322 1045 4396 signiﬁcatur,
1070 4323 1350 4396 quoniam
1390 4341 1492 4396 per
1521 4324 1863 4382 charitatem
1914 4326 1973 4382 in
2024 4344 2092 4384 ea

442 4411 593 4467 Deus
622 4411 802 4468 sedet.
830 4411 936 4468 Per
963 4416 1215 4484 quatuor
1266 4410 1565 4478 animalia,
1587 4429 1792 4470 omnes
1838 4420 2093 4487 quatuor

2209 3259 2522 3332 Scriptura:
2554 3258 2880 3332 sigillatus;
2925 3262 2983 3315 et
3012 3258 3248 3331 quando
3278 3257 3423 3315 illud
3466 3256 3675 3315 volunt
3700 3263 3763 3316 et
3788 3259 3862 3317 le-

2208 3352 2375 3421 gunt,
2407 3348 2599 3405 adhuc
2629 3348 2782 3404 sicut
2810 3351 2867 3404 et
2903 3345 3122 3404 Judeis
3150 3346 3416 3404 velamen
3466 3351 3560 3404 est
3605 3346 3856 3419 positum

2209 3442 2343 3494 ante
2373 3437 2573 3495 oculos
2604 3454 2834 3493 eorum.
2858 3438 3085 3504 Quanta
3108 3453 3242 3493 vero
3273 3435 3405 3493 laus
3434 3435 3739 3493 Christum
3768 3453 3855 3493 se-

2209 3531 2425 3600 quatur
2451 3527 2523 3583 de
2561 3526 2695 3583 libri
2727 3525 3026 3599 apertione
3074 3525 3535 3591 demonstratur,
3558 3541 3697 3581 cum
3741 3530 3854 3582 tam

2209 3620 2545 3673 sanctorum
2575 3614 2883 3676 hominum
2916 3631 3093 3688 quam
3127 3612 3469 3688 angelorum
3502 3612 3667 3670 chori
3701 3614 3855 3670 indu-

2209 3709 2421 3761 cuntur
2440 3708 2676 3778 propter
2705 3704 2857 3761 hanc
2886 3720 3022 3760 eum
3053 3703 3309 3760 laudare.
3334 3702 3500 3760 Unde
3531 3708 3590 3759 et
3621 3704 3855 3777 subjun-

2207 3794 2367 3868 gitur
2398 3810 2412 3849 :
2446 3798 2697 3867 Quatuor
2724 3794 2999 3850 animalia
3027 3801 3079 3850 et
3106 3793 3309 3863 viginti
3353 3800 3591 3866 quatuor
3622 3795 3854 3850 seniores

2206 3884 2534 3953 ceciderunt,
2590 3883 2647 3938 id
2707 3887 2796 3939 est
2850 3884 3259 3953 adoraverunt,
3305 3898 3493 3938 coram
3549 3887 3706 3954 Agna
3760 3898 3855 3956 per

2207 3973 2408 4039 ﬁdem,
2438 3973 2691 4029 habentes
2737 3973 2950 4045 singuli
2976 3971 3220 4028 citharas
3260 3988 3365 4044 per
3407 3971 3852 4037 confessionem,

2205 4070 2256 4117 et
2299 4060 2520 4133 phialas
2572 4061 2766 4134 plenas
2818 4060 3293 4117 odoramentorum
3346 4076 3450 4132 per
3508 4059 3852 4116 orationem.

2204 4150 2367 4207 Unde
2397 4167 2690 4224 exponens
2722 4149 2921 4206 subdit
2954 4167 2968 4206 :
3005 4155 3148 4224 Quae
3187 4157 3318 4205 sunt
3346 4150 3621 4205 orationes
3648 4156 3852 4206 sancto.

2202 4256 2349 4296 rum.
2391 4239 2498 4295 Per
2544 4239 2721 4295 ﬁdem
2772 4239 2989 4312 quippe
3042 4243 3223 4295 Deum
3274 4236 3692 4311 cognoscimus
3732 4254 3853 4295 esse

2199 4328 2530 4398 Christum;
2567 4344 2668 4401 per
2699 4327 3150 4395 confessionem,
3174 4332 3457 4399 tanquam
3488 4343 3593 4399 per
3620 4327 3851 4384 citharae

2200 4417 2665 4485 consonantiam,
2691 4433 2826 4472 eum
2848 4415 3191 4485 laudamus;
3216 4432 3319 4489 per
3337 4415 3675 4472 orationum
3696 4417 3853 4473 devo-

436 4500 693 4591 partium
717 4500 919 4556 mundi
943 4501 1369 4572 praedicatores,
1385 4501 1485 4573 qui
1508 4502 1721 4558 debent
1750 4519 1878 4559 esse
1909 4505 2086 4562 ratio-
2116 4525 2163 4591 Β
2195 4506 2438 4573 tionem,
2461 4510 2744 4578 tanquam
2766 4522 2871 4579 per
2888 4506 3289 4573 odoramenta,
3312 4521 3449 4561 eum
3469 4503 3847 4562 delectamus.

435 4587 599 4646 nales
635 4594 690 4645 et
734 4591 1023 4646 mansueti
1060 4594 1121 4645 ut
1153 4594 1349 4660 homo,
1374 4590 1499 4646 sine
1546 4594 1766 4648 terrore
1816 4592 2086 4651 ferientes
2116 4587 2152 4591 ”
2198 4596 2344 4661 Quia
2371 4594 2528 4652 enim
2579 4612 2638 4668 in
2692 4594 3018 4651 harmoniis
3052 4599 3112 4650 et
3158 4592 3556 4650 odoramentis
3603 4596 3850 4651 maxime

434 4677 676 4734 adversa
698 4683 763 4734 ut
782 4677 1033 4746 leo,sese
1051 4679 1469 4736 mortificantes
1492 4684 1556 4734 ut
1574 4678 1813 4749 vitulus,
1831 4680 2090 4739 ccslestia

432 4767 696 4835 petentes
743 4768 809 4820 ut
854 4763 1071 4837 aquila.
1108 4765 1215 4821 Per
1249 4765 1455 4839 viginti
1505 4772 1759 4839 quatuor
1805 4768 2086 4841 seniores,

433 4850 632 4908 Patres
663 4854 1032 4925 perfectiores
1083 4859 1203 4911 tam
1236 4855 1446 4912 veteris
1485 4873 1663 4928 quam
1708 4874 1867 4914 novae
1916 4858 2083 4933 legis,

433 4940 555 5011 qui,
582 4946 781 5012 utpote
810 4948 1130 5009 senatores,
1152 4943 1415 5000 moribus
1438 4949 1577 5000 sunt
1596 4946 1835 5015 maturi,
1861 4948 2088 5021 sapien-

429 5026 512 5083 tia
566 5027 743 5100 pleni,
787 5030 998 5101 judicii
1056 5037 1338 5104 potestate
1393 5033 1684 5090 honorati.
1722 5037 1880 5093 Inter
1937 5053 2086 5109 quos

431 5132 638 5173 omnes
664 5117 933 5175 Christus
962 5124 1049 5175 est
1080 5122 1311 5177 medius
1342 5122 1641 5191 beneficio,
1678 5123 1832 5181 sicut
1860 5126 1991 5184 fons
2021 5128 2082 5184 in

431 5206 624 5262 medio
654 5208 943 5278 paradisi;
977 5214 1033 5265 et
1063 5209 1364 5280 cbaritate,
1390 5211 1541 5268 sicut
1572 5213 1695 5285 ipse
1727 5214 1868 5271 dicit
1891 5233 1941 5272 ;‹‹
1974 5217 2083 5274 Ubi

433 5294 550 5351 duo
578 5293 667 5351 vel
700 5298 816 5350 tres
845 5299 1175 5371 congregati
1208 5300 1427 5358 fuerint
1467 5300 1527 5357 in
1574 5303 1809 5360 nomine
1838 5321 1989 5374 meo,
2019 5306 2079 5362 in

425 5382 620 5439 medio
652 5399 855 5441 eorum
894 5403 1026 5442 sum
1056 5387 1261 5457 (Matth.
1288 5392 1478 5462 xvm);
1505 5412 1531 5440 ι)
1558 5397 1613 5447 et
1656 5393 1891 5461 auxilio,
1928 5394 2082 5452 sicut

422 5470 580 5528 idem
611 5471 855 5530 dicit:«
901 5477 1044 5533 Ecce
1093 5494 1199 5549 ego
1248 5480 1552 5535 vobiscum
1603 5498 1734 5538 sum
1785 5500 1973 5556 usque
2005 5486 2077 5542 ad

416 5562 984 5628 consummationem
1030 5566 1226 5624 seculi
1259 5567 1466 5640 (Matth.
1516 5572 1738 5645 xxvm).
1764 5596 1791 5623 «
1829 5572 1991 5632 Unde
2020 5579 2077 5635 et

2196 4684 2465 4742 homines
2497 4683 2880 4753 delectantur,
2905 4683 3038 4740 ideo
3080 4682 3267 4740 sancti
3298 4681 3394 4738 hic
3422 4681 3643 4739 habere
3672 4683 3848 4740 citha-

2194 4791 2291 4830 ras
2334 4773 2748 4829 describuntur
2794 4777 2852 4829 et
2898 4772 3126 4845 phialas
3174 4771 3573 4828 odoramentis
3624 4772 3845 4845 plenas,

2195 4867 2485 4936 quatenus
2514 4866 2804 4934 quantum
2828 4866 2980 4919 Deus
3000 4861 3060 4917 in
3083 4859 3447 4918 confessione
3466 4865 3523 4916 et
3547 4860 3849 4918 devotione

2193 4968 2397 5009 eorum
2452 4952 2908 5007 demonstratur.
2936 4951 3088 5008 Bene
3145 4955 3345 5007 autem
3403 4949 3507 5017 ait,
3541 4950 3852 5008 ceciderunt

2190 5057 2377 5098 coram
2410 5048 2592 5109 .4gno.
2627 5039 2909 5106 Quoniam
2942 5040 3043 5113 qui
3077 5039 3375 5097 Christum
3411 5038 3621 5094 adorat
3651 5056 3761 5112 per
3786 5040 3845 5095 ti-

2191 5131 2347 5198 dem,
2372 5129 2743 5200 majcstatem
2767 5130 2895 5201 ejus
2918 5128 3248 5202 intelligens
3282 5126 3843 5201 incomprehensibi-

2191 5217 2328 5286 lem,
2352 5236 2415 5276 se
2445 5217 2593 5274 nihil
2624 5222 2875 5290 reputat,
2901 5217 3015 5274 nisi
3046 5222 3284 5275 terram.
3308 5217 3462 5274 Bene
3483 5233 3728 5290 quoque
3746 5217 3841 5283 ait,

2188 5308 2445 5364 habentes
2465 5306 2806 5363 citharaszin
2841 5306 3066 5362 cithara
3085 5307 3302 5380 quippe
3324 5305 3555 5379 lignum
3587 5310 3646 5361 et
3680 5305 3842 5362 chor-

2189 5396 2294 5452 dae.
2311 5396 2417 5451 Per
2431 5395 2829 5468 lignum,crux
2840 5395 2960 5453 sive
2974 5395 3345 5453 mortiﬁcatio
3357 5393 3727 5468 designatur.
3742 5399 3841 5452 Per

2187 5485 2457 5553 chordas,
2492 5488 2830 5541 sanctorum
2860 5484 3126 5542 membra
3153 5483 3346 5541 crucis
3391 5482 3837 5541 mortiﬁcatione

2185 5578 2344 5632 torsa
2364 5578 2421 5635 et
2444 5577 2890 5649 tensa,quorum
2920 5576 3315 5653 quodcunque
3343 5574 3693 5650 persecutor
3712 5589 3833 5652 per-
