4008 6072
144 366 307 448 4517'

1268 388 1639 452 HOMILUE.
1672 417 1748 435 —-
1779 388 1855 450 ΙΙ.
1902 389 2003 449 DE
2046 388 2401 452 SANCTIS.

3381 391 3537 453 1518

140 517 401 584 cusserit,
436 533 755 575 consonam
782 518 1207 576 confessionem
1241 521 1424 576 audit.
1457 522 1567 577 Sed
1590 525 1646 576 et
1666 538 1783 578 ccs-
1809 523 1861 589 Α
1893 516 2225 577 audivimus
2255 522 2561 594 subjungit
2594 539 2606 577 :
2637 524 2742 579 Hos
2763 522 3044 579 duodecim
3062 524 3216 579 misit
3231 523 3402 589 Iesus,
3425 527 3535 579 etc.

137 609 297 663 sante
326 612 694 680 persecutore
725 607 836 680 ipsi
865 607 1050 664 sancti
1081 608 1279 664 omnia
1311 610 1573 665 membra
1598 609 1777 664 virtu-

132 698 330 768 tesque
360 712 499 752 suas
529 697 587 752 in
625 696 722 752 Dei
751 695 923 753 laude
964 701 1181 770 cogunt
1229 714 1568 754 consonare.
1627 698 1778 755 Bene

129 788 319 841 autem
353 785 452 853 ait,
488 785 740 842 habentes
759 786 979 858 phialas
1009 803 1206 842 aureas
1236 787 1429 859 plenas
1458 786 1775 843 odoramen-

123 883 318 930 torum.
356 873 564 930 Phialze
597 874 774 940 enim,
808 892 937 947 quae
970 879 1109 931 sunt
1138 892 1270 931 vasa
1307 875 1523 948 ampla,
1557 875 1778 949 signiti-

122 966 256 1018 cant
287 962 505 1019 chorda
537 966 874 1019 sanctorum
907 980 1009 1036 per
1056 964 1420 1033 charitatem,
1456 982 1644 1037 usque
1701 966 1773 1020 ad

119 1049 492 1107 inimicorum
516 1050 779 1108 dilatata.
805 1052 934 1107 Haec
957 1057 1094 1109 sunt
1116 1070 1312 1119 aurea,
1337 1053 1395 1108 id
1419 1057 1507 1109 est
1528 1054 1771 1123 munda,

115 1142 172 1195 et
191 1140 588 1196 odoramentis
610 1140 979 1197 devotionum
1000 1141 1190 1213 plena.
1216 1141 1566 1198 Oratitiones
1590 1142 1768 1210 enim,

113 1244 238 1301 quae
275 1229 345 1284 de
379 1224 551 1285 carde
582 1228 945 1297 charitativo,
979 1231 1200 1286 mundo
1233 1234 1290 1287 et
1320 1231 1523 1287 devoto
1563 1248 1767 1303 proce-

113 1317 285 1383 dunt,
318 1322 601 1390 tanquam
635 1319 941 1375 incensum
975 1322 1032 1374 et
1073 1320 1453 1375 odoramenta
1479 1320 1551 1375 ad
1584 1320 1768 1376 Deum

110 1406 458 1462 ascendunt.
492 1410 644 1462 Bene
676 1411 874 1463 autem
907 1408 1177 1479 sequitur
1208 1412 1339 1481 post
1367 1408 1766 1464 adorationem

109 1495 417 1562 confessio,
477 1499 534 1551 et
589 1501 722 1568 post
789 1497 1214 1553 confessionem
1292 1496 1645 1553 charitatum
1711 1501 1769 1553 et

109 1585 313 1640 mundi
339 1585 531 1641 cordis
553 1586 757 1652 oratio,
782 1585 1061 1658 quoniam
1095 1603 1198 1642 nec
1223 1587 1366 1642 ﬁdes
1398 1586 1523 1642 sine
1544 1586 1765 1642 confes-

108 1674 293 1740 sione,
326 1674 579 1730 maxime
609 1674 709 1730 ubi
740 1674 1070 1731 necessaria
1090 1680 1197 1743 est,
1233 1692 1338 1731 nec
1369 1679 1617 1748 utraque
1639 1676 1766 1731 sine

109 1763 398 1820 charitate
427 1768 484 1820 et
513 1762 805 1820 munditia
827 1764 1019 1820 cordis
1049 1768 1296 1837 possunt
1343 1765 1457 1820 Deo
1515 1763 1761 1837 placere.

109 1855 177 1909 Et
203 1855 518 1924 cantabant,
548 1852 760 1927 inquit,
794 1855 1071 1910 canticum
1099 1871 1317 1922 novum,
1351 1853 1629 1925 quoniam
1660 1871 1762 1909 uo-

109 1960 253 1998 vum
284 1941 582 1998 hominem
614 1943 686 1999 de
716 1942 969 1998 novitate
1018 1942 1279 2016 mysterii
1338 1942 1447 2014 ipsi
1510 1942 1765 1998 innovati

112 2030 545 2087 collaudabant.
583 2032 797 2100 Dignus
827 2048 902 2101 es,
937 2030 1232 2104 inquiunt,
1267 2034 1521 2099 Domine,
1554 2032 1770 2103 aperire

111 2121 342 2186 librum,
371 2127 422 2176 et
447 2120 650 2177 solvere
696 2121 983 2192 signacula
1010 2122 1151 2192 ejus.
1204 2120 1444 2186 Quare?
1501 2120 1770 2188 Quoniam

108 2212 321 2266 occisus
352 2227 423 2278 es,
447 2217 499 2266 et
524 2209 806 2267 redemisti
833 2227 931 2266 nos
959 2211 1065 2266 Deo
1115 2212 1176 2265 in
1223 2212 1496 2279 sanguine
1546 2219 1656 2266 tuo.
1690 2212 1769 2266 Ac

109 2300 160 2356 si
195 2300 353 2355 dicat
387 2316 400 2354 :
437 2299 501 2355 In
532 2299 642 2355 hoc
674 2299 827 2371 quod
857 2299 1088 2356 occisus
1120 2317 1182 2356 es
1222 2303 1278 2355 et
1306 2316 1415 2356 nos
1446 2300 1768 2368 redemisti,

106 2387 398 2461 aperuisti
431 2404 658 2443 sacram
689 2387 1073 2459 Scripturam,
1107 2405 1177 2444 ex
1205 2390 1357 2443 omni
1385 2388 1533 2444 tribu
1576 2396 1626 2444 ct
1658 2389 1767 2443 lin-

101 2494 241 2549 gua,
273 2484 325 2532 et
348 2476 567 2548 populo,
600 2484 651 2531 et
670 2478 911 2542 natione,
937 2478 1211 2543 subaudi,
1244 2494 1350 2533 nos
1381 2476 1679 2550 colligens.
1705 2480 1769 2532 Et

99 2567 295 2639 fecisti
322 2581 419 2620 nos
448 2565 552 2620 Deo
596 2572 779 2621 nostro
825 2582 1055 2635 regnum
1094 2575 1146 2622 et
1183 2566 1498 2622 sacerdotes.
1554 2567 1769 2622 Omnes

105 2658 396 2727 quotquot
417 2670 648 2721 sumus,
668 2655 873 2709 fratres
885 2654 1521 2721 mei,siveriChristiani
1538 2673 1766 2725 sumus,

103 2741 503 2817 spiritualiter
532 2745 644 2800 Deo
672 2747 873 2799 nostro
904 2759 1069 2816 reges
1101 2748 1159 2799 et
1185 2745 1513 2800 sacerdotes
1540 2762 1768 2801 sumus.

102 2832 233 2890 Deo
248 2836 445 2888 nostro
469 2848 635 2905 reges
649 2849 877 2900 sumus,
893 2832 943 2887 si
958 2833 1027 2887 ad
1043 2832 1389 2904 obsequium
1407 2835 1554 2905 ejus,
1571 2850 1773 2889 omnes

103 2926 313 2978 motus
327 2920 521 2977 cordis
543 2925 599 2977 et
624 2921 885 2994 corporis
905 2921 1090 2978 nostri
1111 2922 1258 2978 bene
1280 2920 1774 2995 regimus,pravos

104 3010 475 3079 cohibentes,
509 3014 566 3066 et
596 3010 780 3067 bonos
803 3010 1150 3078 nutrientcs,
1170 3010 1463 3083 justitiam
1486 3016 1541 3066 et
1572 3028 1773 3083 pacem

101 3101 513 3158 observantes.
552 3100 661 3155 Deo
685 3104 884 3156 nostro
904 3101 1232 3156 sacerdotes
1256 3117 1484 3168 sumus,
1518 3099 1567 3155 si
1600 3101 1658 3154 in
1677 3116 1778 3155 ara

102 3189 313 3246 cordis
344 3189 527 3245 nostri
561 3189 823 3261 quotidie
855 3189 1209 3245 sacriﬁcium
1242 3188 1477 3244 contriti
1509 3188 1699 3244 cordis
1721 3192 1780 3244 et

1894 610 1955 664 In
1988 626 2123 682 quo,
2150 610 2358 666 fratres
2379 611 2514 680 mei,
2540 616 2792 684 quatuor
2811 610 3188 684 intelligenda
3210 611 3542 685 significan-

1886 702 2003 765 tur,
2046 698 2332 768 videlicet,
2384 701 2540 772 quod
2591 701 2839 774 apostoli
2892 700 3056 756 electi
3096 700 3232 768 sint,
3289 705 3346 756 et
3384 700 3541 756 unde

1886 786 2053 844 electi
2085 788 2226 855 sint,
2260 792 2313 844 et
2346 789 2501 861 quod
2528 788 2691 845 electi
2715 788 2853 857 sint,
2870 792 2927 845 et
2958 789 3031 844 ad
3054 789 3195 861 quid
3210 788 3373 844 electi
3397 787 3537 845 sint.

1886 876 2060 933 Porro
2086 877 2145 933 in
2177 877 2287 934 hoc
2318 879 2475 950 quod
2506 878 2749 951 apostoli
2785 878 2951 934 electi
2983 883 3139 943 sunt,
3155 878 3538 956 etaDomino_,

1884 965 2058 1021 datur
2087 966 2255 1023 nobis
2304 967 2655 1039 exemplum,
2698 968 2977 1040 quoniam
3037 968 3097 1022 in
3156 966 3411 1023 Ecclesia
3439 966 3537 1023 Dei

1882 1054 2098 1111 debent
2127 1060 2390 1127 pastores
2422 1055 2577 1129 eligi,
2612 1061 2668 1112 et
2698 1074 2731 1112 a
2763 1056 3006 1112 Domino
3029 1055 3273 1127 jejuniis
3317 1058 3373 1111 et
3403 1072 3536 1112 ora-

1880 1144 2141 1200 tionibus
2201 1144 2575 1216 interrogato.
2639 1146 2702 1201 In
2761 1162 2876 1218 quo
2928 1144 3148 1217 pariter
3204 1143 3536 1218 sigillantur

1880 1231 2048 1288 etilli
2086 1233 2184 1306 qui
2218 1250 2333 1290 non
2392 1234 2708 1306 eliguntur,
2772 1234 2872 1290 sed
2925 1233 3122 1306 potius
3160 1233 3528 1306 ingeruntur,

1878 1326 1935 1377 et
1991 1322 2075 1378 illi
2118 1323 2218 1396 qui
2276 1341 2391 1380 non
2451 1324 2749 1394 divinitus,
2812 1324 2914 1379 sed
2971 1308 3361 1379 mundanitus
3423 1321 3532 1378 eli-

1876 1415 2117 1483 guntur.
2154 1412 2216 1467 In
2249 1412 2356 1468 hoc
2389 1413 2543 1484 quod
2578 1413 2647 1468 de
2704 1410 2905 1468 schola
2964 1410 3267 1467 communi
3319 1409 3528 1467 electo-

1877 1516 2007 1555 rum
2061 1500 2486 1573 discipulorum
2550 1500 2988 1574 praeeliguntur,
3043 1502 3526 1556 demonstratur:

1876 1589 2153 1660 quoniam
2188 1607 2294 1646 nec
2322 1590 2618 1663 neophyti,
2644 1607 2749 1646 nec
2771 1591 2967 1656 rudes,
3001 1590 3101 1645 sed
3127 1576 3226 1661 qui
3248 1589 3307 1644 in
3329 1588 3531 1645 schola

1875 1682 2215 1733 sanctarum
2245 1678 2530 1734 virtutum
2564 1683 2621 1734 et
2651 1696 2882 1734 morum
2916 1696 3030 1750 prae
3064 1678 3285 1734 caeteris
3314 1676 3529 1734 eruditi

1875 1770 2034 1833 sunt,
2071 1766 2286 1822 debent
2316 1766 2450 1839 eligi
2483 1767 2542 1822 in
2577 1771 2861 1840 pastores,
2896 1772 2962 1822 ut
2991 1766 3257 1823 videlicet
3286 1783 3401 1822 non
3432 1783 3533 1823 so-

1875 1853 1999 1911 lum
2032 1856 2151 1910 sint
2181 1854 2367 1920 electi,
2394 1857 2493 1912 sed
2520 1856 2697 1912 etiam
2718 1856 2870 1912 inter
2884 1856 3097 1913 electos
3117 1858 3380 1928 pastores
3395 1872 3535 1928 prae-

1878 1943 2064 1999 electi.
2101 1945 2262 2010 Quod
2295 1949 2492 2018 aperte
2515 1945 2645 2002 illos
2669 1945 3022 2001 condemnat
3045 1944 3147 2018 qui
3168 1947 3535 2018 prasumunt

1877 2033 2002 2089 fieri
2034 2033 2301 2107 magistri
2334 2037 2652 2106 antequam
2684 2034 2979 2108 discipuli,
3013 2035 3288 2091 docentes
3317 2051 3385 2091 ea
3405 2050 3533 2108 quas

1879 2139 1995 2178 non
2027 2122 2376 2187 didicerunt,
2404 2128 2461 2178 et
2488 2141 2666 2196 super
2696 2140 2793 2180 eos
2824 2123 2926 2196 qui
2957 2123 3069 2180 sibi
3100 2127 3158 2181 et
3185 2123 3448 2180 moribus
3476 2127 3536 2180 et

1878 2210 2122 2267 scientia
2150 2216 2410 2284 przesunt
2439 2212 2849 2287 magisterium
2875 2212 3091 2269 habere
3142 2217 3433 2284 quaerunt.
3467 2212 3531 2269 In

1877 2298 1989 2355 hoc
2018 2316 2272 2372 quoque,
2305 2301 2461 2373 quod
2492 2301 2801 2357 duodecim
2828 2301 3143 2375 eliguntur,
3172 2302 3535 2357 demonstra-

1877 2392 1975 2443 tur
2003 2390 2172 2445 nobis
2204 2394 2466 2462 pastores
2495 2395 2710 2448 sanctae
2742 2389 3008 2447 Ecclesiae
3061 2408 3238 2464 quam
3296 2389 3534 2463 perfecti

1879 2494 2008 2534 esse
2039 2483 2366 2534 teneantur.
2398 2480 2806 2536 Duodenarius
2838 2479 3056 2552 quippe
3088 2495 3371 2535 numerus
3402 2495 3533 2552 per-

1880 2568 2066 2623 fectus
2088 2573 2195 2637 est,
2230 2569 2387 2623 unde
2418 2573 2475 2624 et
2500 2568 2703 2624 soldus
2733 2568 2853 2624 sive
2883 2569 3105 2624 solidus
3135 2571 3531 2641 nuncupatur.

1881 2657 2106 2711 Debent
2137 2673 2392 2728 namque
2413 2660 2677 2729 pastores
2709 2661 2922 2713 sanctae
2950 2655 3220 2713 Ecclesiae
3250 2656 3332 2713 sic
3353 2655 3535 2729 perfe-

1881 2743 1960 2800 cti
1991 2749 2047 2799 et
2078 2744 2249 2800 solidi
2280 2762 2428 2812 esse,
2465 2750 2755 2816 quatenus
2788 2762 2892 2801 nec
2918 2745 3234 2817 prosperis,
3288 2761 3393 2800 nec
3433 2745 3535 2800 ad-

1880 2833 2083 2901 versis,
2119 2850 2224 2888 nec
2254 2833 2507 2900 blandis,
2542 2850 2645 2889 nec
2678 2833 2922 2906 asperis,
2947 2849 3052 2890 nec
3082 2832 3398 2902 favoribus,
3431 2848 3537 2889 nec

1883 2920 2203 2978 terroribus
2234 2923 2479 2991 cedant;
2511 2918 2631 2977 imo
2661 2922 2821 2994 ipsos
2869 2922 3137 2978 inﬁrmos
3167 2926 3224 2978 et
3261 2922 3539 2978 cadentes

1884 3014 2212 3067 sustentare
2235 3015 2471 3084 queant.
2499 3011 2562 3066 In
2584 3027 2698 3083 quo
2726 3028 2863 3067 suos
2886 3010 3111 3083 indigni
3124 3014 3388 3083 pastores
3408 3026 3542 3065 con-

1886 3100 2211 3167 fundimur,
2248 3118 2394 3173 quos
2420 3101 2662 3156 adversa
2693 3100 3005 3167 deterrent,
3055 3098 3275 3155 blanda
3313 3098 3540 3155 demul-

1889 3192 2039 3257 cent,
2071 3190 2143 3244 ad
2178 3190 2369 3245 minas
2399 3193 2705 3261 potentum
2737 3188 3068 3260 dejicimus,
3119 3188 3415 3244 favoribus
3444 3204 3539 3244 ex-

99 3278 427 3335 incensum
442 3278 657 3333 devotae
671 3276 952 3334 orationis
966 3278 1015 3333 ei
1030 3278 1350 3345 oﬂerimus,
1366 3276 1414 3333 si
1427 3276 1476 3332 ei
1490 3294 1593 3349 per
1604 3295 1775 3333 mun—
1807 3265 1850 3331 C
1888 3276 2170 3345 tollimur,
2204 3279 2273 3333 ad
2308 3279 2497 3333 instar
2516 3277 2822 3335 arundinis
2843 3277 2957 3333 huc
2974 3280 3031 3333 et
3061 3276 3202 3333 illuc
3223 3276 3539 3351 agitamur,

98 3368 326 3425 ditiam
359 3366 678 3423 familiares
710 3384 937 3435 sumus,
972 3366 1021 3421 si
1053 3367 1204 3423 inter
1232 3384 1368 3422 eum
1409 3370 1465 3422 et
1506 3366 1775 3422 homines

99 3455 473 3515 mediatores
504 3471 633 3512 esse
662 3454 949 3511 valemus.
972 3458 1037 3512 Et
1055 3456 1428 3526 rcgnabimus,
1464 3454 1674 3527 inquit,
1692 3472 1776 3511 su-

88 3562 216 3622 per
243 3553 465 3611 terram.
480 3546 558 3600 Ac
572 3543 622 3600 si
637 3544 819 3600 dicat:
835 3543 1046 3600 Illisoli
1070 3545 1126 3601 in
1150 3548 1429 3601 aeternum
1451 3546 1779 3618 regnabunt

92 3636 173 3693 in
210 3638 367 3691 terra
385 3633 727 3703 viventium,
751 3632 848 3705 qui
873 3633 968 3688 hic
986 3650 1218 3690 omnem
1242 3634 1635 3691 terrenitatem
1653 3651 1776 3689 om-

97 3739 379 3795 nemque
408 3722 726 3778 vanitatem
760 3720 873 3777 sibi
928 3722 1337 3779 subdiderunt.
1381 3723 1688 3795 Propterea
1718 3722 1776 3778 in

98 3810 412 3885 regimine
436 3809 716 3866 domicilii
734 3810 918 3868 nostri
939 3811 1272 3884 vigilemus,
1288 3816 1482 3868 motus
1514 3812 1705 3868 cordis
1724 3815 1781 3868 et

98 3899 582 3973 corporisnostri
605 3899 851 3957 sollicite
876 3900 1637 3973 circumspiciamus,malos
1656 3919 1778 3957 mo-

97 3997 221 4049 tus
234 3993 543 4063 surgentes
556 3989 756 4045 statim
780 4007 1243 4063 compescamus,
1259 4007 1494 4046 carnem
1508 3995 1563 4046 et
1584 3990 1782 4047 omnia

101 4079 391 4138 membra
420 4078 653 4152 spiritui
674 4079 887 4135 servire
908 4096 1211 4152 cogamus,
1235 4080 1566 4135 mundanas
1590 4079 1782 4135 illece-

99 4171 284 4233 bras,
299 4185 426 4240 quze
448 4168 768 4224 mundanis
780 4167 1444 4240 hominibusimperant,
1463 4167 1630 4223 nobis
1650 4169 1784 4223 sub-

101 4260 661 4329 damus,quatenus
676 4273 924 4330 regnum
939 4262 1162 4312 aeternae
1188 4256 1568 4313 beatitudinis
1590 4274 1786 4313 conse-

107 4344 232 4419 qui
258 4361 610 4412 mereamur,
636 4348 948 4417 praestante
968 4345 1215 4401 Domino
1238 4349 1437 4402 nostro
1468 4347 1606 4403 Jesu
1629 4345 1787 4401 Chri-

100 4440 237 4503 sto,
274 4433 373 4507 qui
405 4451 540 4490 cum
573 4434 741 4490 Patre
771 4439 827 4489 et
857 4433 1079 4506 Spiritu
1110 4440 1309 4490 sancto
1338 4434 1478 4492 vivit
1498 4440 1553 4491 et
1582 4439 1787 4509 regnat

99 4541 229 4600 per
261 4522 463 4580 omnia
494 4522 710 4579 secula
739 4523 1104 4580 saeculorum.
1138 4525 1344 4580 Amen.

892 4630 1022 4687 VIII

415 4718 486 4757 DE
514 4717 837 4758 APOSTOLIS.
881 4718 1070 4759 SERMO
1100 4720 1172 4759 DE
1202 4719 1499 4759 ΜΑἸἼἮίΕΟ.

198 4791 348 4847 Misit
374 4792 528 4848 Iesus
558 4790 853 4864 discipulos
882 4808 1026 4863 suos,
1071 4794 1398 4864 praecipiens
1445 4794 1545 4858 eis,
1605 4799 1657 4848 et
1702 4791 1786 4847 di-

100 4896 256 4940 cens
289 4879 505 4949 (Maﬂh.
538 4883 622 4947 x,)
653 4885 764 4935 etc.
797 4879 1284 4953 Quinquepartita
1316 4884 1404 4936 est
1444 4880 1564 4936 haec
1594 4880 1786 4948 lectio,

101 4971 342 5027 fratres
376 4968 509 5024 mei.
546 4967 737 5025 Primo
770 4968 986 5042 quippe
1016 4968 1301 5026 Dominus
1328 4970 1637 5026 duodecim
1661 4969 1790 5026 mit-

102 5059 222 5118 tit.
260 5057 550 5126 Secundo,
585 5074 699 5131 quo
731 5058 980 5114 debeant
1006 5058 1089 5115 ire
1118 5058 1207 5115 vel
1248 5048 1363 5115 non
1415 5059 1516 5115 ire.
1572 5059 1789 5128 Tertio,

102 5145 276 5221 quid
311 5145 644 5218 praedicare.
679 5148 916 5215 Quarto,
951 5147 1092 5220 quid
1131 5164 1320 5221 agere.
1354 5147 1586 5215 Quinto,
1645 5165 1789 5221 quo-

102 5235 309 5295 modo
342 5234 674 5290 innotescit.
709 5234 901 5292 Primo
938 5236 1121 5309 igitur
1164 5237 1480 5314 Dominum
1535 5237 1789 5295 ostendit

102 5321 447 5382 duodecim
480 5323 735 5391 misisse,
762 5341 897 5380 cum
927 5325 1142 5381 dicitur
1173 5341 1185 5380 :
1222 5326 1383 5381 Misit
1407 5326 1559 5381 Jesus
1588 5326 1786 5381 duode-

99 5413 242 5472 cim
270 5410 566 5483 discipulos
614 5430 761 5470 suos.
799 5414 972 5470 Porro
1013 5413 1073 5469 in
1125 5413 1393 5483 lectione,
1454 5431 1581 5486 quae
1639 5413 1789 5470 hanc

99 5499 434 5579 praecedit,
469 5502 728 5557 ostendit
757 5502 1117 5576 evangelista
1145 5502 1460 5559 Dominum
1507 5504 1577 5558 de
1625 5520 1789 5560 com-

102 5589 305 5651 muni
337 5587 767 5660 discipulorum
826 5591 1115 5648 consortio
1162 5592 1470 5649 duodecim
1524 5592 1790 5666 elegisse,

101 5694 394 5759 quorum
423 5681 481 5737 et
507 5678 749 5738 nomina
775 5679 956 5756 ponit.
986 5681 1204 5740 Deinde
1264 5681 1372 5742 hoc
1425 5683 1580 5759 quod
1620 5684 1792 5743 modo

1883 3366 2025 3422 vitia
2052 3371 2357 3439 potentum
2391 3384 2505 3423 non
2539 3366 2908 3440 corripimus,
2944 3367 3044 3423 sed
3078 3366 3411 3440 palpamus,
3443 3366 3539 3438 ju-

1885 3455 2106 3511 stitiam
2131 3473 2394 3513 exercere
2424 3473 2538 3512 non
2560 3456 2866 3524 audemus,
2891 3473 2997 3511 nec
3018 3455 3283 3511 infirmos
3304 3458 3540 3512 susten-

1886 3548 2098 3613 tantes,
2121 3562 2226 3601 nec
2246 3546 2425 3602 etiam
2448 3545 2838 3618 nosmetipsos
2860 3549 3190 3601 sustentare
3202 3544 3330 3616 jam
3348 3543 3544 3601 valen-

1885 3637 1994 3690 tes.
2029 3634 2091 3689 In
2125 3633 2234 3691 hoc
2261 3652 2396 3692 vero
2428 3636 2582 3707 quod
2644 3634 2978 3702 mittuntur,
3031 3635 3101 3690 ad
3162 3633 3320 3707 quod
3371 3632 3541 3690 electi

1889 3722 2009 3779 sint
2037 3724 2475 3780 demonstratur
2502 3740 2515 3778 :
2538 3723 2851 3796 Apostolus
2883 3723 3099 3796 quippe
3128 3723 3547 3795 interpretatur

1887 3814 2107 3868 missus.
2141 3812 2477 3885 Intelligant
2509 3812 2687 3885 igitur
2717 3816 2981 3885 pastores
3012 3815 3227 3868 sanctae
3277 3810 3546 3868 Ecclesiae

1891 3917 1952 3956 se
1986 3917 2115 3958 esse
2146 3901 2379 3969 missos,
2415 3918 2531 3956 non
2562 3901 2855 3971 dominos,
2898 3901 3113 3957 missos
3170 3899 3550 3969 humilitatis,

1893 4007 2008 4045 non
2040 3989 2327 4060 elationis,
2363 3991 2577 4047 missos
2590 4009 2704 4047 non
2728 3990 3072 4057 ministrari,
3092 3991 3189 4045 sed
3215 3988 3552 4045 ministrare

1893 4079 2041 4151 (Luc.
2075 4083 2152 4148 Χ),
2185 4079 2399 4135 missos
2430 4097 2549 4134 non
2579 4079 2651 4134 ad
2674 4079 2953 4135 honorem
2985 4082 3042 4134 et
3059 4078 3130 4133 ad
3154 4076 3423 4151 gloriam,
3448 4076 3549 4132 sed

1846 4206 1849 4209 -
1893 4168 1964 4223 ad
1997 4166 2256 4223 laborem
2289 4172 2345 4223 et
2378 4169 2447 4222 ad
2482 4168 2838 4240 passionem.
2864 4167 3030 4223 Unde
3056 4166 3115 4221 in
3142 4164 3552 4238 subsequenti-

1893 4257 2004 4312 bus
2028 4256 2112 4312 eis
2142 4256 2320 4311 dicit:
2352 4259 2483 4312 Ecce
2511 4273 2607 4326 ego
2637 4258 2792 4312 mitto
2824 4272 2915 4311 vos
2944 4258 3084 4311 sicut
3106 4272 3277 4325 agnos
3308 4257 3453 4311 inter
3474 4254 3554 4310 lu-

1888 4362 2006 4419 pos.
2038 4347 2203 4401 Tunc
2228 4345 2410 4418 igitur
2439 4344 2697 4417 episcopi
2720 4361 2781 4400 se
2802 4361 2929 4401 esse
2949 4361 3080 4401 vere
3104 4344 3319 4401 missos
3339 4342 3551 4399 Christi

1893 4434 2241 4508 intelligant,
2258 4452 2391 4490 cum
2409 4433 2622 4489 Christi
2642 4433 2676 4488 h
2688 4433 3031 4489 umititatem
3042 4476 3054 4499 ,
3069 4450 3180 4505 pau
3189 4435 3471 4505 pertatem
3493 4434 3553 4487 et

1894 4523 2237 4597 patientiam
2269 4527 2624 4596 caeterasque
2655 4523 2902 4578 virtutes
2931 4521 3145 4578 Christi
3186 4521 3247 4576 in
3298 4536 3361 4577 se
3390 4518 3550 4576 exhi-

1814 4637 1862 4702 Β
1895 4613 2151 4683 bucrint,
2185 4631 2320 4670 cum
2352 4630 2467 4669 non
2501 4629 2628 4680 sua,
2654 4612 2753 4669 sed
2775 4610 2992 4667 Christi
3013 4610 3189 4666 verba
3211 4608 3553 4682 praedicave-

1897 4703 2033 4771 rint,
2057 4720 2192 4759 cum
2212 4721 2326 4759 non
2351 4720 2544 4772 suam,
2569 4703 2669 4759 sed
2694 4700 2907 4757 Christi
2930 4698 3180 4774 gloriam
3199 4698 3260 4753 in
3278 4696 3552 4754 omnibus

1899 4791 2255 4864 quaesierint,
2288 4810 2424 4848 cum
2457 4810 2574 4848 non
2605 4791 2795 4848 solum
2827 4807 2953 4858 sua,
2977 4790 3079 4846 sed
3110 4788 3288 4845 etiam
3330 4785 3555 4859 seipsos

1898 4898 2003 4953 pro
2037 4881 2317 4937 fratribus
2346 4879 2668 4953 posuerint.
2703 4879 2988 4947 Secundo,
3024 4894 3139 4950 quo
3179 4875 3263 4933 ire
3313 4873 3404 4931 vel
3435 4891 3555 4932 non

1898 4970 1981 5025 ire
2012 4970 2262 5025 debeant
2278 4969 2536 5025 ostendit
2556 4967 2839 5024 Dominus
2861 4985 2995 5022 cum
3018 4966 3161 5022 dicit
3179 4966 3292 5022 eis:
3317 4965 3378 5020 In
3407 4966 3557 5021 viam

1898 5062 2144 5129 gentium
2172 5075 2241 5115 ne
2268 5059 2541 5125 abieritis,
2572 5065 2621 5113 et
2670 5059 2731 5112 in
2777 5059 3024 5113 civitates
3075 5056 3558 5113 Samaritanorum

1897 5166 1966 5204 ne
1998 5148 2364 5214 intraveritis,
2397 5144 2487 5202 sed
2520 5147 2590 5200 ite
2613 5146 2796 5216 potius
2845 5143 2914 5199 ad
2942 5160 3066 5200 oves
3122 5158 3247 5215 quae
3272 5143 3558 5215 perierunt

1895 5238 2084 5294 domus
2115 5237 2303 5292 Israel.
2338 5235 2483 5290 Cum
2516 5238 2744 5290 constet
2774 5233 3085 5289 Dominum
3132 5236 3369 5306 propter
3398 5230 3557 5289 salu-

1896 5330 2014 5383 tem
2038 5324 2301 5397 gentium
2318 5322 2570 5387 venisse,
2592 5323 2746 5378 unde
2767 5327 2823 5378 et
2842 5323 2966 5395 ipse
2988 5322 3125 5379 alibi
3149 5322 3293 5379 dicit
3311 5339 3330 5376 :
3347 5344 3375 5373 «
3394 5320 3550 5376 Alias

1900 5431 2034 5471 oves
2065 5413 2272 5479 habeo,
2294 5429 2420 5484 qua:
2443 5429 2558 5467 non
2585 5415 2725 5466 sunt
2754 5427 2821 5467 ex
2848 5411 2958 5467 hoc
2984 5410 3137 5480 ovili,
3158 5416 3215 5468 et
3234 5410 3367 5467 illas
3391 5425 3557 5483 opor-

1899 5509 1983 5560 tet
2014 5520 2106 5559 me
2139 5502 2445 5569 adducere,
2480 5504 2536 5557 et
2559 5501 2659 5557 fiet
2688 5518 2871 5557 unum
2901 5500 3047 5557 ovile
3076 5505 3133 5557 et
3173 5516 3328 5557 unus
3358 5502 3561 5571 pastor

1902 5596 2081 5666 (Joan.
2116 5594 2198 5661 x,)
2229 5613 2258 5643 »
2294 5589 2434 5663 quid
2465 5593 2574 5657 est,
2609 5590 2835 5660 fratres,
2899 5590 3056 5663 quod
3114 5589 3210 5645 hic
3269 5586 3412 5644 dicit
3443 5604 3456 5643 :
3493 5587 3558 5643 In

1902 5685 2058 5746 viam
2088 5680 2353 5763 gentium
2383 5695 2455 5738 ne
2485 5678 2767 5756 abieritis,
2799 5684 2858 5739 et
2879 5679 2946 5759 in
2964 5677 3226 5739 civitates
3247 5672 3561 5757 Samaritae
