4002 6078
457 349 610 412 1ὄ19

1625 419 1641 432 η
1689 349 2086 412 RADULPHI
2128 348 2548 412 ARDEN'I‘IS.

3700 349 3854 416 1520

453 497 664 544 norum
693 497 808 538 non
841 481 1213 550 tntraveritis,
1248 481 1361 536 nisi
1393 482 1546 556 quod
1581 497 1647 536 ex
1679 481 1793 536 fine
1823 479 2100 548 faeti,eol-
2131 482 2181 548 Α
2213 481 2526 552 praedicare
2547 485 3121 548 contemnimusmon
3136 483 3857 556 eousiderantesquoniam

452 570 726 644 ligimus;
761 571 915 642 quod
931 570 1259 644 specialiter
1275 570 1462 644 primo
1476 571 1633 625 venit
1644 571 1714 625 ad
1727 571 1959 626 Judaeos
1974 571 2100 642 qui-

452 660 564 718 bus
595 660 922 734 promissus
953 664 1076 716 erat
1099 679 1111 728 ;
1134 677 1167 714 a
1189 660 1404 734 quibus
1419 659 2003 732 porincredulitatem
2017 677 2100 716 re-

454 749 662 822 pulsus
693 748 928 804 transiit
955 749 1029 803 ad
1063 747 1300 804 alienos.
1335 747 1572 820 Triplici
1603 749 1782 820 igitur
1813 749 1882 804 de
1924 766 2103 806 causa

452 838 634 900 voluit
665 836 950 892 Dominus
983 837 1172 910 primo
1203 837 1421 892 Judaais
1440 842 1495 893 et
1526 854 1640 892 non
1671 837 1940 910 gentibus
1963 855 2103 910 praes

455 927 666 986 dieare.
688 926 900 993 Primo,
926 929 991 980 ut
1011 927 1338 982 ostenderet
1361 943 1420 981 se
1443 943 1569 983 esse
1592 927 1863 982 Messium
1885 927 2103 983 Judaeis

455 1015 813 1090 promissum
847 1015 904 1070 in
935 1014 1080 1087 lege.
1115 1016 1402 1082 Secundo,
1427 1017 1728 1072 utJudaeis
1758 1033 1991 1072 omnem
2015 1033 2104 1073 oc-

454 1105 748 1168 casionem
780 1121 895 1161 non
945 1103 1260 1176 recipiendi
1319 1105 1694 1177 Evangelium
1751 1107 2020 1173 auferret,
2056 1105 2104 1160 si

452 1194 710 1268 primum
732 1193 875 1252 illud
898 1195 1173 1268 gentibus
1193 1195 1582 1266 praedicasset.
1599 1193 1810 1263 Tertio,
1828 1195 2105 1266 quoniam

453 1287 594 1346 tunc
627 1286 792 1342 erant
812 1283 965 1339 inter
982 1283 1216 1340 Judaeos
1247 1283 1345 1356 qui
1371 1282 1632 1339 salvaudi
1666 1289 1850 1356 erant,
1870 1288 1925 1339 et
1941 1288 2106 1342 erant

455 1373 608 1431 inter
635 1377 839 1447 gentes
869 1372 972 1446 qui
1002 1371 1264 1428 salvandi
1289 1390 1403 1428 non
1437 1376 1620 1428 erant.
1641 1373 1786 1428 Nam
1805 1374 1874 1428 ad
1902 1372 2105 1446 praedi-

454 1462 742 1530 cationem
773 1462 926 1518 Petri
959 1479 1074 1517 uno
1106 1461 1196 1516 die
1226 1461 1340 1517 tria
1369 1461 1555 1516 millia
1585 1463 1717 1530 (Act.
1751 1465 1838 1530 11,)
1889 1465 1945 1517 et
1992 1460 2108 1520 alia

453 1551 547 1610 die
573 1551 838 1624 quinque
859 1551 1044 1608 millia
1074 1551 1209 1620 (Act.
1243 1553 1322 1619 Iv)
1343 1551 1733 1617 crediderunt,
1753 1555 1810 1606 et
1838 1567 1971 1606 cum
1994 1549 2106 1606 velv

452 1640 576 1706 lout
602 1639 851 1713 apostoli
881 1640 941 1695 in
973 1638 1166 1695 Asiam
1201 1639 1534 1712 praedicare,
1569 1657 1603 1696 a
1631 1639 1851 1712 Spiritu
1903 1644 2104 1696 sancto

417 1789 419 1791 ,
453 1728 734 1804 prohibiti
762 1733 902 1786 sunt
930 1729 1065 1798 (Act.
1097 1729 1236 1802 XVI.)
1269 1731 1450 1795 Quam
1483 1733 1681 1785 tamen
1711 1729 1908 1784 Asiam
1942 1733 2105 1801 post-

454 1835 523 1882 ea
553 1819 806 1892 Spiritus
834 1822 1074 1875 sanctus
1110 1835 1214 1891 per
1269 1817 1566 1888 apostolos
1623 1818 1921 1874 convertit.
1958 1819 2103 1874 Nam
2135 1856 2182 1920 Β

454 1907 552 1970 diu
577 1909 704 1980 jam
735 1910 824 1964 est
841 1908 996 1980 quod
1019 1906 1157 1962 Asia
1177 1907 1440 1963 credidit.
1461 1907 1670 1962 Subtili
1695 1925 1830 1980 ergo
1853 1907 2103 1963 occulto-

455 1997 802 2072 quejudieio
819 1997 1175 2069 quibusdam
1199 1996 1531 2068 praedicatio
1554 1996 1941 2062 subtrahitur,
1967 1996 2107 2067 quia

455 2087 727 2150 suscitari
759 2101 862 2158 per
890 2085 1138 2158 gratiam
1171 2103 1286 2140 non
1321 2089 1641 2140 merentur.

529 2175 692 2242 Unde
723 2190 959 2232 necesse
989 2177 1098 2240 est,
1130 2174 1338 2230 fratres
1370 2173 1725 2242 charissimi,
1759 2179 1823 2229 ut
1854 2174 1911 2228 in
1934 2191 2105 2232 omne

455 2265 610 2337 quod
643 2263 878 2336 agimus
908 2261 1135 2318 occulta
1171 2261 1263 2318 Dei
1287 2262 1516 2332 judicia
1547 2279 1724 2336 super
1754 2280 1859 2319 nos
1899 2263 2104 2320 timea-

454 2370 611 2424 mus,
640 2370 711 2408 ne
741 2353 883 2407 dum
915 2350 1169 2408 exterius
1200 2368 1365 2406 mens
1397 2357 1597 2407 nostra
1640 2351 1770 2408 fusa
1800 2370 1833 2408 a
1884 2370 1992 2409 sua
2042 2371 2106 2410 se

451 2441 748 2504 voluntate
783 2458 898 2496 non
930 2443 1174 2508 revocat,
1210 2439 1369 2496 intus
1400 2445 1604 2496 contra
1633 2458 1759 2496 eam
1784 2443 1966 2514 judex
1990 2447 2102 2498 ter-

453 2530 701 2596 ribiliter
719 2529 1011 2603 disponat.
1033 2531 1192 2596 Quod
1215 2529 1362 2585 bene
1390 2530 1623 2586 intuens
1646 2530 1956 2587 Psalmista
1979 2532 2059 2586 ait
2085 2547 2100 2587 ξ

451 2643 480 2671 ‹‹
514 2619 717 2678 Venite
763 2623 820 2675 et
847 2618 1038 2674 videte
1096 2636 1271 2691 opera
1315 2619 1540 2674 Domini
1599 2637 1774 2691 quam
1824 2620 2104 2676 terribilis

453 2710 514 2765 in
563 2707 825 2768 consiliis
885 2725 1062 2779 super
1119 2707 1269 2762 filios
1327 2707 1634 2763 hominum
1683 2710 1851 2768 (Pan-1.
1889 2715 2038 2777 va.)
2073 2732 2102 2759 »

449 2798 608 2858 Vidit
639 2815 894 2870 namque
923 2798 1078 2870 quod
1117 2797 1269 2852 alius
1327 2797 1779 2853 misericorditer
1826 2803 2102 2867 vocatur;

453 2888 604 2946 alius
625 2887 859 2960 justitia
896 2886 1122 2942 occulta
1153 2886 1468 2959 repellitur,
1503 2891 1559 2942 et
1619 2887 1757 2959 quia
1808 2887 1924 2942 alia
1976 2905 2104 2960 par-

454 2977 657 3045 cendo,
691 2974 804 3032 alia
833 2975 1136 3034 irascendo
1169 2975 1448 3048 disponit,
1481 2975 1730 3047 expavit,
1791 2976 1946 3048 quod
2005 2993 2102 3050 pe-

453 3069 682 3126 netrare
711 3083 826 3122 non
859 3065 1065 3138 potuit,
1099 3065 1168 3119 Et
1197 3064 1476 3136 quoniam
1501 3081 1616 3120 non
1649 3064 1836 3120 solum
1871 3065 2104 3122 investi-

454 3154 730 3228 gahilem,
763 3155 865 3212 sed
884 3153 1060 3209 etiam
1083 3153 1141 3208 in
1165 3152 1519 3226 quibusdam
1541 3153 1916 3210 inﬂexibilem
1938 3155 2099 3222 vidit,

2209 569 2419 627 melius
2449 575 2540 626 est
2569 570 2866 644 acquirere
2891 571 3007 628 Deo
3030 572 3289 628 animam
3321 590 3498 630 unam
3531 591 3708 646 quam
3731 575 3858 632 nul-

2208 656 2410 728 lam,et
2431 661 2584 732 quod
2609 655 2782 717 omne
2801 659 2947 716 illud
2973 666 3208 736 tempus
3228 663 3680 736 perdimus,quo
3702 663 3856 721 lucro

2209 748 2540 804 animarum
2591 766 2705 805 non
2763 766 3060 806 vacamus.
3103 751 3218 807 Nec
3266 750 3596 824 exemplum
3631 752 3853 810 Domini

2213 838 2674 911 spectamus,qui
2699 837 2806 894 soli
2838 838 3215 896 Samaritanus
3236 838 3296 894 in
3316 839 3408 895 via
3428 841 3599 911 juxta
3619 845 3852 912 puteum

2211 927 2524 998 praedicare
2557 945 2671 982 non
2695 927 2965 1001 neglexit,
2995 929 3165 1001 cujus
3187 928 3436 986 salutem
3459 947 3521 987 se
3543 947 3658 986 non
3679 931 3854 1004 neglio

2211 1031 2364 1088 gere,
2382 1016 2481 1071 sed
2499 1016 2690 1088 potius
2721 1034 2781 1072 se
2813 1033 2940 1073 esse
2954 1018 3231 1084 ostendit,
3253 1035 3384 1075 eum
3420 1018 3727 1093 discipulis
3742 1019 3855 1078 suis

2213 1103 2294 1160 ait
2326 1121 2339 1158 :
2385 1127 2412 1154 ‹‹
2453 1105 2570 1177 Ego
2609 1105 2794 1161 habeo
2825 1105 3020 1162 cibum
3054 1107 3428 1173 manducare,
3453 1124 3627 1180 quem
3651 1123 3752 1166 vos
3771 1125 3857 1170 nco

2213 1193 2376 1252 scitis
2413 1198 2596 1260 (Joan.
2629 1199 2727 1264 xv.)
2759 1217 2787 1246 »
2820 1197 3309 1268 Appropinquavit,
3359 1195 3571 1268 inquit,
3633 1213 3854 1266 regnum

2211 1283 2496 1339 caelorum.
2530 1284 2694 1348 Tota,
2737 1283 2944 1339 fratres
3002 1284 3138 1357 mei,
3183 1284 3518 1358 praedicatio
3568 1285 3853 1362 Evangelii

2211 1377 2476 1426 versatur
2507 1370 2658 1426 circa
2689 1372 2862 1427 ﬁnem
2895 1371 3123 1437 mundi,
3155 1377 3212 1427 et
3240 1372 3664 1429 beatitudinem
3703 1373 3854 1448 regni

2213 1459 2430 1516 aeterni.
2463 1459 2581 1516 Hoc
2611 1459 2895 1516 Dominus
2924 1461 3282 1532 praedicavit,
3310 1459 3420 1516 hoc
3463 1461 3736 1534 apostoli,
3759 1461 3857 1520 hoc

2213 1550 2397 1604 sancti
2416 1553 2700 1624 martyres
2723 1553 2778 1605 et
2795 1549 3154 1606 confessores
3175 1567 3187 1605 :
3209 1549 3330 1606 haec
3344 1567 3450 1606 nos
3463 1550 3858 1622 praedicatores

2212 1638 2618 1710 praedicamus,
2655 1638 2754 1694 sed
2787 1638 3036 1708 utinam,
3071 1638 3227 1694 sicut
3265 1655 3423 1706 voce,
3456 1638 3540 1694 ita
3567 1643 3626 1696 et.
3655 1640 3857 1712 opere!

2213 1727 2398 1800 Opere
2417 1727 2594 1783 tinem
2610 1727 2817 1783 mundi
2841 1732 2898 1783 et
2925 1729 3236 1784 adventum
3252 1727 3707 1802 regniecelorum
3730 1746 3860 1802 pra-

2214 1816 2500 1883 dicamus,
2534 1815 2583 1872 si
2613 1817 2904 1871 mundum
2927 1817 3172 1889 ejusque
3207 1815 3510 1874 illecebras
3542 1816 3863 1876 contemni-

2215 1904 2424 1970 mus,si
2439 1905 2748 1973 divitias,si
2764 1905 3090 1972 honores,si
3107 1904 3322 1980 glorias
3335 1908 3392 1961 et
3402 1905 3729 1980 voluptates
3741 1907 3864 1986 ejus

2214 1993 2547 2066 abjicimus,
2589 1994 2639 2049 si
2670 1997 2788 2049 toto
2807 1994 3092 2050 desiderio
3128 1995 3196 2049 ad
3227 1993 3404 2050 aliam
3425 1995 3600 2052 vitam
3631 1995 3866 2054 festina-

2215 2099 2369 2150 mus,
2385 2083 2434 2138 si
2449 2087 2684 2156 prOpter
2696 2100 2824 2138 eam
2839 2099 3202 2156 quaecunque
3214 2100 3531 2157 possumus
3547 2083 3862 2161 [facimus].

2213 2171 2326 2226 Sed
2359 2171 2535 2244 (quod
2555 2171 2679 2226 sine
2696 2171 2970 2244 laerymis
3002 2188 3225 2244 nequeo
3259 2171 3469 2241 dicere)
3494 2188 3600 2228 nos
3632 2172 3692 2228 in
3731 2190 3864 2232 eon-

2213 2260 2455 2316 trarium
2491 2277 2825 2333 operamur,
2850 2265 2904 2316 et
2923 2261 3063 2316 dum
3087 2261 3375 2316 mundum
3402 2265 3459 2317 et
3488 2263 3618 2334 ejus
3641 2262 3862 2336 cupidi-

2212 2354 2361 2406 tates
2401 2349 2807 2422 amplectimur
2833 2354 2891 2405 et
2929 2355 3244 2416 sectamur,
3281 2353 3338 2406 et
3359 2367 3462 2426 pro
3491 2367 3673 2425 regno
3705 2351 3864 2413 coele-

2213 2456 2344 2494 rum
2377 2438 2640 2495 laborare
2669 2437 3042 2512 negligimus,
3073 2439 3470 2512 praedicationi
3503 2445 3718 2498 nostrae
3743 2459 3866 2518 ope-

2212 2528 2377 2583 ribus
2407 2527 2731 2585 obviamus.
2774 2532 2839 2583 In
2882 2545 2996 2602 quo
3054 2528 3324 2584 inﬁrmos
3382 2528 3863 2600 scandalizatum,

2213 2617 2312 2689 qui
2340 2634 2512 2689 opera
2534 2622 2736 2674 nostra
2762 2617 3224 2673 considerantes.
3247 2618 3328 2688 Si,
3360 2618 3660 2691 inquiunt,
3689 2637 3866 2678 δαείη-ς

2213 2707 2317 2761 dos
2349 2706 2434 2762 vel
2465 2706 2776 2779 episcopus
2810 2723 3056 2779 regnum
3080 2705 3358 2762 caelorum
3381 2713 3761 2779 exspectaret,
3783 2725 3868 2767 ne-

2211 2812 2507 2869 quaquam
2541 2797 2762 2850 mundo
2780 2795 3084 2869 tantisper,
3109 2795 3542 2870 mundanisque
3566 2797 3867 2860 desideriis

2211 2884 2564 2952 adhaereret;
2598 2889 2655 2940 et
2686 2883 2770 2940 sic
2809 2883 2963 2940 malo
3009 2884 3270 2956 exemplo
3301 2889 3498 2941 nostro
3539 2887 3866 2950 exorbitan~

2209 2978 2298 3030 tes
2321 2990 2564 3046 regnum
2587 2972 2866 3030 cmlorum
2890 2991 3005 3030 non
3039 2975 3502 3047 exspectant,sed
3526 2976 3753 3032 mundo
3773 2977 3866 3034 ad-

2212 3062 2630 3134 haerent,quem
2649 3062 2732 3118 sic
2746 3079 2977 3136 semper
2991 3063 3022 3118 d
3035 3068 3334 3120 uraturum
3352 3068 3492 3138 puta
3502 3065 3708 3120 nt.Sed
3721 3072 3868 3126 certe

2212 3151 2341 3224 ipsa
2371 3152 2538 3206 ruina
2552 3152 2756 3207 mundi
2775 3157 2893 3207 tam
2909 3169 3015 3208 nos
3040 3152 3366 3223 quamillos
3392 3155 3868 3227 acc~usat,quino—

453 3243 772 3308 terribilem
805 3259 934 3300 esse
964 3243 1324 3298 memoravit.
1361 3241 1655 3298 Moraliter
1673 3260 1804 3298 vero
1834 3245 2106 3317 praecepit
2135 3228 2176 3294 C
2213 3240 2302 3296 bis
2316 3240 2640 3296 tacentibus
2645 3242 2771 3312 jam
2787 3256 2847 3297 se
2861 3257 3136 3297 casurum
3149 3240 3866 3318 clamat,etaliudregnum

452 3338 666 3396 sanctae
698 3331 966 3394 Ecclesiae
987 3331 1342 3404 pastoribus,
1368 3348 1439 3386 ne
1466 3330 1526 3386 in
1555 3331 1706 3387 viam
1725 3332 2009 3404 gentium,
2042 3333 2100 3390 id

450 3427 560 3489 est,
589 3439 667 3480 ne
696 3423 753 3480 in
784 3437 1011 3478 errores
1057 3424 1115 3476 et
1163 3421 1396 3493 negotia
1439 3421 1873 3476 mundanorum
1919 3422 2103 3478 homi-

448 3527 614 3581 num,
645 3511 970 3584 sequendo,
1002 3513 1138 3566 eant
1170 3527 1182 3565 :
1216 3514 1273 3565 et
1303 3511 1361 3564 in
1393 3509 1656 3566 civitates
1707 3510 2100 3568 Samaritano-

446 3615 600 3666 rum,
631 3600 689 3655 id
718 3603 828 3670 est,
862 3613 934 3654 ne
965 3599 1023 3654 in
1057 3598 1348 3654 tumultus
1374 3598 1835 3655 sollicitudinum
1859 3605 1916 3656 et
1935 3617 2100 3656 cura-

443 3706 574 3750 rum
605 3689 844 3755 intrent,
877 3689 980 3744 sed
1011 3691 1145 3743 eant
1167 3687 1364 3759 potius
1395 3689 1466 3743 ad
1491 3705 1625 3744 oves
1651 3706 1776 3760 quae
1801 3689 2100 3761 perierunt

442 3779 652 3840 domus
683 3777 880 3846 Israel,
913 3777 970 3832 id
994 3781 1083 3832 est
1113 3776 1184 3832 ad
1206 3777 1438 3831 ruinam
1466 3778 1796 3833 animarum
1830 3795 2100 3851 reparan-

440 3867 598 3931 dam.
631 3867 770 3924 Vult
802 3867 1017 3938 quippe
1050 3865 1334 3921 Dominus
1384 3867 1536 3938 quod
1591 3867 1995 3938 praedicatores
2043 3871 2100 3923 et

438 3962 704 4030 pastores
717 3954 1203 4012 sanctaeEcelesiae
1218 3973 1331 4009 non
1348 3954 1538 4010 solum
1554 3972 1778 4012 errores
1790 3960 1846 4012 et
1865 3958 2098 4030 publica

441 4045 738 4104 saecularis
767 4045 896 4101 vitae
928 4044 1182 4117 negotia,
1207 4045 1306 4100 sed
1341 4043 1516 4099 etiam
1545 4061 1746 4100 omnes
1776 4045 1920 4102 alias
1943 4047 2098 4103 solli-

441 4133 729 4190 citudines
750 4137 806 4190 et
835 4150 1006 4188 curas
1031 4131 1280 4206 fugiant,
1305 4138 1594 4205 quatenus
1623 4133 1730 4189 soli
1763 4133 2094 4192 animarum

442 4222 796 4295 reparationi
829 4222 1193 4278 incessanter
1219 4221 1549 4277 intendant.
1576 4223 1737 4288 Quod
1771 4228 1965 4296 aperte
1989 4242 2094 4282 nos

441 4311 716 4384 indignos
748 4314 1010 4384 pastores
1041 4310 1357 4382 redarguit,
1390 4310 1488 4381 qui
1532 4310 1670 4364 dum
1713 4311 2093 4372 saecularibus

440 4399 690 4474 negotiis
718 4400 1098 4468 intendimus,
1131 4403 1188 4454 et
1215 4399 1390 4454 variis
1418 4399 1698 4471 vanisque
1729 4401 1885 4456 curis
1923 4419 2091 4458 occu-

438 4505 670 4563 pamur,
705 4507 810 4546 nec
841 4495 1197 4556 nostrarum,
1233 4505 1338 4543 nec
1357 4487 1806 4544 commissarum
1838 4490 2086 4548 aliarum

438 4579 675 4636 utilitati
736 4578 914 4652 (sicut
945 4577 1192 4650 oportet)
1253 4576 1645 4666 invigilemus.
1707 4579 1898 4634 Tertio
1955 4598 2165 4666 veroD

436 4669 590 4741 quod
607 4668 922 4740 praedicare
941 4668 1190 4722 debeant
1210 4665 1783 4733 ostenditDominus,
1798 4684 1930 4724 eum
1954 4671 2088 4724 sub-

424 4758 625 4831 jungit
658 4775 671 4814 :
701 4758 899 4814 Euntes
929 4764 1110 4812 autem
1128 4756 1446 4828 praedicata.
1479 4761 1560 4810 Ac
1587 4755 1635 4810 si
1663 4760 1859 4828 aperte
1890 4758 2082 4814 dicat:

432 4847 526 4904 Sic
555 4846 685 4908 sitis
718 4846 903 4903 festivi
938 4850 994 4900 et
1022 4844 1226 4900 intenti
1261 4843 1678 4916 praedicationi,
1709 4846 1862 4917 quod
1907 4847 2082 4904 etiam

431 4936 622 4990 eundo
655 4935 1001 5006 praedicetis,
1043 4939 1100 4990 et
1149 4934 1519 5006 praedicando
1561 4934 1730 5003 eatis,
1792 4940 2083 5006 quatenus

431 5039 536 5078 nec
567 5023 659 5078 via
697 5023 978 5095 impediat
1033 5022 1526 5095 praedicationem,
1589 5039 1693 5077 nec
1751 5024 2082 5095 praedicatio

427 5110 605 5176 viam,
638 5119 702 5166 ut
733 5111 953 5166 scilicet
982 5112 1307 5183 praedicetis
1338 5129 1454 5167 non
1479 5110 1748 5167 solumin
1771 5112 1944 5180 villis,
1979 5117 2080 5171 sed

428 5199 603 5256 etiam
666 5199 724 5254 in
780 5200 915 5264 viis,
969 5216 1084 5254 non
1138 5201 1328 5255 solum
1399 5199 1648 5273 populis,
1727 5201 1827 5257 sed
1904 5203 2080 5260 etiam

428 5285 712 5359 personis,
747 5304 860 5342 non
893 5287 1082 5343 solum
1115 5289 1362 5360 civibus,
1395 5291 1492 5345 sed
1527 5291 1700 5344 etiam
1734 5291 2074 5364 peregrinis,

425 5375 698 5447 agricolis
727 5380 784 5432 et
805 5376 1146 5433 viatoribus.
1185 5378 1243 5432 In
1277 5395 1393 5450 quo
1427 5397 1532 5434 nos
1565 5378 1788 5451 indigni
1813 5386 2076 5452 pastores

425 5465 816 5534 oonfutamur,
843 5466 940 5539 qui
963 5467 1034 5524 ad
1060 5467 1490 5538 praedicandum
1518 5469 1668 5522 tardi
1698 5469 1962 5542 pigrique
1979 5488 2076 5526 su-

422 5567 578 5622 mus,
609 5553 711 5626 qui
741 5556 916 5624 diem,
949 5555 1142 5612 locum
1177 5559 1234 5611 et
1264 5562 1610 5611 conventum
1643 5557 1950 5614 hominum
1981 5576 2072 5616 ex-

411 5647 773 5718 spectamus,
804 5649 862 5704 et
901 5643 1136 5722 quando
1183 5660 1402 5718 paucos
1432 5645 1718 5701 habemus
1749 5649 2066 5717 auditores,

2210 3334 2519 3386 venturum
2551 3331 2931 3386 demonstrat.
2956 3333 3064 3386 Tot
3083 3335 3140 3386 et
3170 3332 3351 3388 tantis
3382 3332 3600 3406 quippe
3619 3334 3867 3394 miseriis

2210 3425 2264 3474 et
2303 3418 2785 3476 tribulationibus
2822 3420 3081 3476 mundus
3123 3421 3454 3488 amarescit,
3490 3423 3649 3494 quod
3691 3425 3864 3482 etiam

2209 3508 2370 3583 ipsos
2381 3513 2673 3565 amatores
2691 3525 2829 3565 suos
2852 3509 2976 3564 suis
2991 3509 3484 3566 amaritudinibus
3496 3528 3530 3566 a
3543 3528 3605 3568 se
3623 3512 3863 3584 repellit.

2282 3597 2504 3671 Itaque,
2541 3599 2767 3666 fratres,
2804 3598 2943 3672 quia
2973 3600 3260 3654 mundum
3295 3600 3499 3656 cadere
3548 3601 3862 3674 cernimus,

2209 3703 2342 3742 eum
2376 3686 2691 3761 fugiamus,
2727 3704 2796 3742 ne
2829 3704 2964 3743 eum
2997 3688 3239 3744 cadente
3271 3688 3444 3744 simul
3475 3691 3866 3748 eadamus.De

2208 3776 2379 3830 ruina
2408 3777 2614 3832 mundi
2647 3794 2754 3832 nos
2786 3777 3137 3848 quantocius
3171 3777 3613 3846 subtrahamus,
3645 3785 3702 3836 et
3723 3797 3868 3837 exea

2208 3881 2354 3936 quos
2385 3881 2702 3936 possumus
2733 3864 3128 3932 extrahamus,
3165 3870 3221 3921 et
3259 3867 3329 3922 ad
3363 3868 3750 3926 mercandum
3781 3887 3864 3925 re-

2205 3970 2387 4026 gnum
2421 3951 2696 4009 eoelorum
2715 3955 3164 4026 praemittamus.
3183 3957 3420 4024 Quarto,
3449 3956 3588 4028 quid
3616 3958 3865 4014 debeant

2205 4059 2374 4116 agere
2390 4041 2642 4098 ostendit
2663 4059 2796 4098 eum
2822 4043 3051 4099 subdit:
3087 4044 3348 4114 Inﬁrmos
3363 4052 3592 4116 curate,
3608 4053 3867 4106 mortuo:

2199 4133 2498 4203 auset/ato,
2529 4131 2787 4201 leprosos
2819 4134 3117 4200 mandate,
3153 4134 3438 4190 daemones
3467 4135 3688 4207 ejicite.
3723 4137 3866 4203 Quia

2202 4221 2361 4277 enim
2392 4225 2531 4276 tunc
2563 4222 2821 4277 mundus
2851 4221 3041 4277 adhuc
3061 4222 3324 4291 florebat,
3358 4222 3534 4278 homo
3567 4223 3670 4279 diu
3712 4225 3865 4284 vive-

2202 4311 2319 4382 bat,
2353 4309 2674 4366 visibilium
2707 4311 2992 4367 bonorum
3026 4311 3326 4384 opulentia
3373 4312 3755 4384 exuberabat,
3810 4319 3868 4370 et

2201 4397 2272 4454 ad
2305 4417 2367 4455 se
2397 4399 2664 4455 homines
2697 4400 2988 4468 tradebat,
3021 4404 3085 4456 ut
3106 4399 3222 4456 alia
3249 4400 3402 4456 bona
3423 4419 3538 4456 non
3562 4407 3861 4474 putarent.

2201 4489 2313 4544 nisi
2347 4505 2471 4560 quae
2501 4489 2794 4558 videbant,
2826 4488 2960 4546 ideo
2989 4489 3210 4545 sanctis
3242 4489 3734 4562 praedicatoribus
3765 4493 3862 4549 ad-

2193 4579 2398 4648 juncta
2427 4582 2565 4634 sunt
2595 4577 2896 4645 miracula,
2920 4582 2985 4633 ut
3015 4579 3203 4634 virtus
3226 4585 3462 4635 ostensa
3482 4580 3652 4636 daret
3673 4581 3861 4637 verbis

2199 4668 2394 4734 ﬁdem,
2429 4672 2485 4722 et
2518 4683 2664 4723 nova
2693 4667 2948 4723 facerent
2977 4667 3076 4740 qui
3101 4685 3248 4723 nova
3273 4669 3688 4741 praedicarent,
3725 4687 3861 4744 qua-

2191 4761 2362 4812 tenus
2393 4773 2494 4828 per
2523 4774 2590 4812 ea
2621 4755 2908 4812 miracula
2939 4774 3067 4828 qua:
3103 4757 3397 4813 faciebant
3425 4758 3484 4812 in
3517 4758 3704 4816 rebus
3726 4760 3860 4816 visi-

2192 4844 2429 4913 bilibus,
2455 4845 2786 4900 crederetur
2806 4846 2889 4901 eis
2920 4845 2990 4901 de
3016 4845 3370 4902 invisilibus.
3392 4847 3476 4902 Ad
3505 4846 3616 4903 hoc
3642 4849 3863 4924 quippe

2193 4932 2475 4989 miracula
2501 4939 2829 5003 coruscant,
2865 4940 2928 4990 ut
2959 4935 3134 4990 corda
3163 4935 3486 4991 videntium
3547 4936 3618 4991 ad
3659 4937 3862 4994 invisi-

2190 5023 2394 5078 bilium
2419 5023 2592 5078 {idem
2623 5023 2880 5079 trahant.
2917 5023 3077 5079 Unde
3111 5040 3246 5080 eum
3281 5025 3426 5080 fides
3450 5042 3608 5080 nunc
3633 5027 3862 5100 ubique

2189 5129 2335 5183 pene
2365 5111 2608 5167 dilatata
2631 5116 2737 5181 est,
2765 5111 2932 5168 multi
2975 5118 3115 5168 sunt
3144 5113 3203 5167 in
3237 5112 3492 5169 Ecclesia
3523 5115 3630 5187 qui
3677 5117 3860 5172 vitam

2191 5201 2426 5274 quidem
2447 5201 2729 5256 virtutum
2753 5206 2969 5268 tenent,
2993 5202 3092 5257 sed
3111 5201 3283 5276 signa
3302 5202 3587 5258 virtutum
3613 5221 3741 5260 non
3767 5205 3863 5260 ba—

2187 5291 2344 5346 bent.
2378 5290 2545 5356 Nam,
2578 5293 2723 5346 teste
2747 5290 2944 5356 Paulo,
2980 5291 3191 5364 linguae
3217 5293 3277 5346 in
3309 5291 3547 5366 signum
3569 5300 3720 5348 sunt
3745 5310 3862 5350 non

2185 5379 2476 5446 fidelibus,
2502 5380 2602 5435 sed
2636 5379 2991 5437 infidelibus.
3027 5380 3190 5438 Unde
3220 5379 3379 5438 idem
3415 5381 3632 5437 Paulus
3657 5383 3762 5455 qui
3787 5382 3863 5438 ad

2182 5468 2653 5541 praedicationem
2673 5486 2842 5524 suam
2861 5469 3248 5526 dormientem
3263 5469 3617 5543 Eutychum,
3647 5472 3862 5528 caden-

2179 5563 2415 5630 temque
2446 5559 2516 5613 de
2547 5557 2800 5614 fenestra
2821 5575 2948 5627 sua,
2973 5563 3029 5615 et
3057 5559 3142 5616 ita
3163 5564 3463 5616 mortuum
3483 5575 3690 5616 coram
3721 5561 3854 5616 inﬁ-

2179 5646 2409 5704 delibus
2439 5645 2743 5704 suscitavit
2763 5649 2894 5720 (Act.
2913 5647 3037 5724 xx,)-
3053 5652 3110 5705 et
3130 5647 3190 5706 in
3208 5646 3404 5707 insula
3424 5647 3706 5708 Mitilenae
3721 5648 3857 5708 inﬁ-
