4002 6078
7 342 11 399 Ι

7 490 13 533 l

188 298 341 371 ἔδει

1318 304 1694 372 HOMILUE.
1728 336 1804 353 --
1832 303 1910 368 Il.
1953 302 2056 369 DE
2102 303 2457 371 SANCTIS.
2554 318 2576 337 '

3432 308 3613 377 {522'

185 436 415 499 delibus
459 438 651 515 plena,
684 442 908 516 patrem
959 439 1148 500 Publii
1197 442 1527 518 dysenteria
1555 446 1824 500 vexatum
1854 440 1909 508 Α
1937 442 2117 499 tiones
2164 444 2347 499 varias
2382 440 2692 500 incideritis
2723 442 2858 512 (Jac.
2893 439 2959 517 ι),
2999 445 3108 502 etc.
3159 436 3593 521 Quadripartita

185 530 416 589 sanavit
448 531 583 604 (Act.
616 535 837 602 xxvm),
860 532 1217 606 discipulum
1249 550 1425 590 suum
1458 532 1835 590 Timotheum

182 618 489 678 inﬁrmum
519 622 693 678 verbo
723 639 839 678 non
886 627 1073 692 curat,
1106 624 1207 679 sed
1253 622 1585 679 medicinali
1631 628 1754 680 arte
1782 624 1831 680 ei

185 709 407 767 mederi
438 714 626 783 parat,
660 709 860 768 dicens
885 729 899 768 :
926 734 955 763 ‹‹
989 711 1213 769 Modico
1241 711 1376 768 vino
1406 717 1572 770 utere
1603 716 1838 785 propter

181 798 554 857 stomachum
569 804 624 857 et
638 800 971 873 frequentes
984 805 1116 857 tuas
1129 801 1498 859 inﬁrmitates
1514 804 1561 873 (Ι
1572 804 1706 859 Tim.
1718 806 1833 872 v).»

174 880 298 945 'Cur
317 904 473 962 ergo,
506 888 660 946 sicut
687 888 1109 957 inﬁdelem,ita
1140 890 1373 947 ﬁdelem
1403 893 1579 948 verbo
1609 909 1725 948 non
1740 909 1835 947 cu-

183 979 316 1034 rat?
336 976 451 1034 nisi
481 978 620 1051 quia
648 976 747 1034 ille
776 995 878 1052 per
906 979 1250 1036 exteriorem
1282 981 1641 1037 curationem
1674 980 1834 1037 intus

185 1067 490 1124 curandus
539 1072 681 1136 erat,
715 1071 772 1123 et
820 1066 929 1124 iste
977 1069 1245 1125 exteriori
1279 1069 1447 1142 signo
1477 1069 1835 1126 erudiendus

186 1154 305 1213 non
335 1161 478 1225 erat,
503 1156 605 1229 qui
636 1156 799 1214 intus
831 1157 1148 1214 salubriter
1172 1158 1418 1215 vivebat.
1453 1156 1597 1223 Quia
1632 1158 1831 1232 igitur,

184 1242 398 1303 fratres
445 1245 582 1312 mei,
615 1261 772 1303 nunc
818 1246 1019 1304 fideles
1069 1246 1452 1304 exterioribus
1501 1247 1687 1321 signis
1716 1264 1833 1304 non

185 1338 382 1409 egent.
399 1332 746 1391 insistemus
774 1334 1036 1391 interiori
1067 1336 1399 1393 animarum
1421 1337 1730 1406 curationi,
1750 1337 1836 1392 in-

184 1418 391 1480 ﬁrmos
413 1423 473 1478 in
504 1420 638 1491 ﬁde,
665 1422 951 1495 doctrina,
979 1428 1036 1480 et
1063 1425 1459 1481 admonitione
1489 1442 1764 1482 curemus
1779 1430 1836 1483 et

183 1512 628 1569 eonﬁrmemus.
661 1511 929 1570 Mortuos
975 1513 1034 1569 in
1073 1513 1326 1587 peccatis
1374 1515 1728 1572 correctione
1778 1520 1835 1572 et

180 1599 479 1675 spirituali
511 1600 756 1658 consilio
782 1600 1229 1672 resuscitemus;
1250 1601 1512 1676 leprosos
1544 1604 1831 1661 haeresum

182 1696 244 1749 et
273 1707 538 1748 errorum
568 1691 865 1759 varietate,
900 1691 1184 1749 doctrinis
1232 1692 1505 1750 ﬁdelibus
1552 1694 1832 1751 emunde-

1944 535 2033 588 est
2062 532 2182 588 hac
2213 530 2405 601 lectio,
2440 532 2650 590 fratres
2679 534 2811 590 mei.
2849 533 3042 590 Primo
3071 534 3227 591 enim
3258 552 3366 593 nos
3394 543 3593 595 monet

1944 620 2246 693 apostolus
2278 625 2341 676 ut
2362 620 2421 677 in
2452 621 2931 680 tribulationibus
2964 624 3182 680 nostris
3206 626 3590 699 gaudeamus.

1943 708 2233 777 Secundo,
2264 714 2332 766 ut
2362 712 2714 784 sapientiam
2747 729 2781 768 a
2812 716 2923 768 Deo
2953 712 3341 786 postulamus.
3374 716 3590 785 Tertio,

1944 799 2235 872 promittit
2265 799 2473 855 humili
2510 800 2916 858 exultationem
2956 806 3013 858 et
3032 802 3194 858 diviti
3229 804 3592 862 humiliatio-

1944 904 2098 944 nem.
2116 891 2355 957 Quarto,
2372 890 2629 946 ostendit
2645 890 2883 947 beatum
2910 907 3037 947 esse
3048 892 3146 964 qui
3170 891 3345 949 habet
3361 892 3587 967 patien-

1941 975 2106 1033 tiam.
2122 977 2315 1033 Primo
2328 978 2796 1052 igiturquoniam
2811 979 3072 1053 plerique
3086 983 3591 1052 nostrum,fratres

1941 1064 2152 1134 mei,in
2175 1067 2627 1124 adversitatibus
2651 1068 3049 1125 ultramodum
3073 1068 3287 1139 dolent,
3304 1071 3591 1130 deficiunt

1941 1159 1997 1211 et
2009 1154 2339 1228 desperant,
2355 1155 2624 1213 hortatur
2639 1174 2747 1214 nos
2759 1158 3057 1232 apostolus
3068 1175 3140 1215 ne
3152 1158 3209 1215 in
3230 1160 3591 1219 adversitati-

1942 1244 2054 1301 bus
2084 1244 2523 1309 doleamus,sed
2547 1247 2747 1319 potius
2776 1248 3589 1321 gaudeamus,dicens:0mne

1940 1335 2215 1406 gaudium
2237 1337 2566 1403 mistimate,
2586 1339 2943 1409 fratres,cum
2972 1341 3027 1393 in
3059 1339 3385 1397 tentationes
3403 1342 3587 1398 varias

1941 1424 2248 1481 incideritis
2276 1424 2459 1481 Vocat
2488 1429 2685 1481 autem
2713 1425 3091 1482 adversitates
3107 1429 3164 1481 et
3179 1424 3587 1485 tribulationes

1938 1513 2121 1586 hujus
2142 1514 2350 1569 mundi
2370 1513 2742 1582 tentationes,
2759 1514 3037 1587 quoniam
3054 1531 3158 1588 per
3168 1528 3266 1571 eas
3289 1519 3588 1574 tentamur

1938 1607 2142 1659 utrum
2156 1602 2308 1658 ﬁrmi
2321 1601 2629 1659 velinﬁrmi
2644 1602 2975 1660 simus.Has
2987 1608 3182 1660 autem
3194 1609 3361 1661 vocat
3372 1606 3581 1663 varias.

1940 1692 2219 1766 quoniam
2240 1692 2928 1765 quemadmodum,juxta
2939 1692 3275 1750 varietatem
3298 1695 3587 1752 membro-

182 1792 362 1846 mus;
392 1783 628 1837 vexatos
658 1796 693 1837 a
721 1778 940 1837 diaboli
972 1782 1827 1873 suggestionibus,sacerdotali
1860 1812 1908 1884 Β
1940 1798 2096 1847 rum,
2126 1785 2217 1838 est
2245 1780 2494 1837 varietas
2526 1781 2908 1852 medelarum,
2941 1782 3043 1849 ita,
3049 1783 3221 1853 juxta
3247 1783 3595 1843 varietatem-

180 1884 358 1942 epere
403 1866 744 1926 liberemus.
779 1869 1014 1937 Quinto,
1060 1864 1352 1943 quomodo
1400 1870 1523 1927 haec
1569 1871 1835 1929 facienda

181 1954 308 2015 sint
339 1956 615 2025 ostendit,
646 1975 782 2014 cum
829 1957 1030 2015 subdit
1061 1976 1075 2014 :
1107 1960 1294 2017 Gratis
1338 1962 1636 2033 accepistis,
1663 1963 1835 2034 gratis

180 2046 690 2104 date.Pmsciebat
713 2064 965 2120 namque
996 2044 1282 2106 Dominus
1304 2049 1617 2107 nonnullos
1636 2048 1833 2125 ipsum

182 2135 379 2193 sancti
406 2134 664 2209 Spiritus
693 2134 915 2193 donum
960 2136 1032 2193 ad
1082 2137 1383 2194 avaritiam
1416 2138 1832 2198 declinaturos.

181 2220 353 2284 Unde
383 2224 587 2282 Simon
616 2242 725 2299 per
748 2224 1204 2299 impositionem,
1239 2244 1451 2284 manus
1471 2229 1632 2285 edita
1661 2230 1836 2285 mira-

180 2310 322 2371 cula
357 2312 802 2388 concupiscens,
834 2314 945 2371 hoc
1000 2314 1249 2389 pecunia
1296 2332 1487 2374 emere
1531 2317 1734 2389 voluit,
1769 2323 1836 2375 ut

180 2402 446 2461 deterius
470 2402 745 2460 venderet
774 2404 929 2476 quod
954 2404 1108 2461 male
1129 2411 1528 2479 comparasset
1540 2406 1671 2479 (Act.
1684 2410 1831 2477 VIII).

180 2488 334 2549 B'i'nc
365 2492 438 2548 de
464 2491 682 2565 templo
701 2491 991 2548 Dominus
1009 2491 1239 2566 ﬂagello
1252 2493 1323 2549 de
1340 2492 1610 2550 resticulo
1629 2494 1832 2551 turbas

180 2580 379 2654 ejecit,
432 2579 741 2637 cathedras
803 2579 1184 2637 vendentium
1251 2579 1555 2637 columbas
1631 2582 1834 2639 evertit

182 2668 396 2745 (Παιυι.
430 2670 570 2742 xm).
604 2668 922 2726 Columbae
962 2669 1179 2743 quippe
1222 2671 1471 2726 vendere
1516 2674 1607 2727 est
1652 2671 1831 2744 impo-

182 2759 461 2817 sitionem
493 2775 777 2816 manuum
811 2776 929 2833 qua
956 2759 1207 2833 Spiritus
1240 2763 1478 2815 sanctus
1526 2760 1830 2833 accipitur,

184 2860 308 2905 nan
359 2849 431 2905 ad
477 2848 608 2904 vitae
657 2849 955 2919 meritum,
983 2848 1084 2905 sed
1129 2849 1200 2904 ad
1241 2847 1546 2922 premium
1578 2849 1734 2906 dare.
1768 2850 1835 2906 Et

185 2942 331 2995 sunt
359 2936 626 2994 nonnulli
657 2937 758 3011 qui
789 2937 1172 3011 quidem,etsi
1203 2953 1318 2992 non
1351 2938 1650 2994 conferant
1677 2938 1831 2995 ordi-

184 3026 510 3094 nationem,
534 3025 625 3083 vel
653 3025 911 3100 aliquam
962 3025 1135 3082 aliam
1162 3026 1620 3082 ecclesiasticam
1651 3026 1832 3083 mini-

182 3115 557 3184 strationem,
592 3120 828 3189 propter
863 3115 1172 3189 pecuniam
1210 3117 1407 3171 tamen
1458 3132 1586 3172 eam
1632 3117 1832 3173 confe-

1944 1888 2197 1939 morum,
2232 1870 2546 1927 adhibetur
2575 1886 2610 1926 a
2640 1884 2874 1927 summo
2916 1870 3141 1928 medico
3190 1872 3442 1929 varietas
3481 1873 3585 1929 tri-

1941 1959 2332 2017 bulationum.
2365 1958 2514 2025 Quia
2542 1976 2798 2032 namque
2836 1960 3078 2034 quidam
3123 1960 3478 2034 delinquunt
3523 1960 3583 2019 in

1941 2049 2125 2106 nimio
2194 2062 2391 2105 amore
2438 2053 2497 2104 et
2543 2064 2657 2105 usu
2721 2064 2917 2105 rerum
2974 2049 3409 2123 temporalium,
3456 2051 3585 2109 ideo

1934 2138 2097 2211 juste
2146 2136 2476 2210 puniuntur
2519 2137 2578 2192 in
2626 2138 3105 2195 damniﬁcatione
3163 2152 3387 2196 earum.
3439 2137 3587 2205 Quia

1940 2245 2074 2285 vero
2116 2226 2213 2284 alii
2263 2225 2616 2299 delinquunt
2662 2225 2723 2281 in
2773 2225 2955 2283 nimio
3002 2243 3200 2284 amore
3240 2229 3582 2302 conjugum,

1942 2318 2197 2374 ﬁliorum
2246 2320 2303 2372 et
2349 2315 2698 2381 amicorum,
2748 2315 2878 2372 ideo
2936 2315 3099 2386 juste
3147 2315 3476 2389 puniuntur
3522 2316 3583 2372 in

1942 2407 2260 2464 amissione
2335 2420 2559 2461 eorum.
2608 2404 2757 2469 Quia
2804 2421 3038 2477 quoque
3086 2405 3287 2478 plures
3335 2400 3437 2461 alii
3482 2406 3582 2462 de-

1940 2494 2221 2567 linquunt
2266 2494 2325 2549 in
2374 2493 2670 2566 voluqtate
2716 2493 2910 2549 carnis
2960 2493 3227 2566 proprias,
3255 2492 3384 2549 ideo
3423 2495 3586 2567 juste

1941 2573 2270 2657 puniuntur
2312 2581 2373 2638 in
2415 2583 2676 2653 ejusdem
2717 2582 3056 2638 afﬂictione.
3090 2583 3158 2638 Et
3186 2582 3258 2639 de
3290 2582 3586 2641 similibus

1942 2671 2231 2729 similiter.
2264 2670 2687 2729 Convenienter
2733 2674 2953 2738 autem,
2981 2659 3154 2742 juxta
3210 2670 3584 2729 inﬁrmorum

1941 2762 2410 2827 aestimationem,
2443 2760 2526 2816 ait
2555 2759 2881 2825 incideritis,
2917 2759 3085 2832 quasi
3118 2760 3190 2816 de
3219 2758 3338 2816 alto
3378 2762 3436 2817 et
3478 2760 3587 2818 im-

1940 2851 2193 2924 proviso.
2220 2849 2444 2907 Inﬁrmi
2471 2848 2687 2922 quippe
2715 2851 2993 2921 reputant
3027 2849 3410 2922 temporalem
3458 2864 3589 2924 pro-

1942 2941 2276 3016 speritatem
2329 2954 2457 2995 esse
2506 2935 2675 3011 quasi
2706 2937 3079 2993 altitudinem
3109 2940 3167 2993 et
3196 2936 3534 2995 felicitatem
3567 2955 3582 2995 :

1942 3029 2351 3089 adversitatem
2371 3043 2504 3083 vero
2526 3025 2693 3099 quasi
2713 3025 3031 3098 quamdam
3050 3025 3508 3099 profunditatem
3528 3030 3589 3084 et

1941 3119 2271 3186 miseriam;
2296 3119 2354 3172 et
2369 3116 2512 3171 dum
2543 3114 2601 3170 in
2632 3113 2749 3171 alto
2765 3114 3188 3187 prosperitatis,
3209 3113 3377 3187 quasi
3395 3113 3588 3172 securi

183 3207 347 3274 runt,
377 3200 465 3260 vel
497 3180 732 3278 pro-pter
759 3180 1131 3277 obsequium,
1162 3203 1251 3260 vel
1282 3207 1518 3278 propter
1554 3203 1830 3273 favorem,
1862 3180 1905 3251 (ἶ
1945 3180 2394 3281 requiescentes,
2453 3220 2567 3260 non
2614 3180 3109 3276 praecousiderant
3152 3180 3584 3272 tribulationes,

181 3293 274 3352 vel
301 3298 536 3368 propter
544 3293 969 3367 cognationem,
982 3292 1073 3349 vel
1093 3298 1331 3367 propter
1342 3291 1831 3362 familiaritatem,

180 3382 275 3440 vel
298 3387 533 3457 propter
560 3396 799 3456 precum
830 3381 1197 3449 instantiam,
1231 3381 1318 3438 vel
1351 3386 1589 3455 propter
1626 3388 1835 3456 poten-

168 3470 311 3529 tam
339 3470 630 3540 timorem,
654 3468 745 3528 vel
776 3472 1012 3545 propter
1042 3469 1301 3544 aliquam
1334 3469 1510 3526 aliam
1541 3476 1832 3528 terrenam

184 3558 595 3617 intentionem.
628 3556 735 3624 Qui
766 3574 971 3616 omnes
1000 3559 1203 3632 procul
1257 3559 1435 3616 dubio
1484 3577 1589 3617 nec
1630 3562 1833 3633 gratis,

186 3650 470 3722 necjaste
490 3648 775 3719 tribuunt,
791 3649 1070 3722 quoniam
1087 3649 1145 3704 in
1164 3647 1477 3706 tribuendo
1494 3666 1611 3705 non
1629 3649 1835 3707 Deum.

188 3738 297 3797 sed
327 3740 619 3795 terrenam
650 3754 889 3794 causam
911 3737 1334 3794 attendunt.De
1365 3737 1578 3811 quibus
1599 3737 1842 3795 Psalmi-

187 3830 359 3886 stam
376 3826 439 3883 In
471 3842 746 3900 quorum,
766 3826 981 3899 inquit,
1000 3827 1278 3883 manibus
1307 3827 1648 3900 iniquitates
1668 3832 1837 3898 sunt;

186 3916 429 3974 dextera
457 3930 657 3972 eorum
690 3914 911 3988 repleta
938 3919 1028 3972 est
1057 3915 1400 3972 muneribus
1431 3918 1597 3989 (Psal.
1622 3918 1775 3990 xxv).
1811 3939 1840 3968 »

186 4004 262 4063 Et
293 4002 445 4061 heia
475 4004 709 4061 beatum
736 4004 926 4060 virum
958 4003 1292 4060 describens
1323 4004 1430 4060 ait:
1449 4026 1475 4055 ‹‹
1509 4006 1718 4061 Beatus
1739 4006 1842 4078 qui

190 4092 415 4151 excutit
442 4104 657 4149 manus
682 4108 825 4149 suas
854 4092 928 4149 ab
960 4092 1120 4148 omni
1152 4094 1533 4161 munereUsa.
1566 4092 1785 4165 xxx(1r).
1809 4114 1838 4143 »

194 4176 305 4240 Ille
330 4181 517 4255 igitur
543 4180 706 4238 solus
736 4179 921 4255 gratis
949 4184 1006 4235 et
1026 4181 1189 4252 juste
1228 4180 1425 4249 donat,
1459 4180 1560 4252 qui
1608 4184 1845 4254 propter

194 4271 389 4328 Deum
439 4268 632 4326 solum
673 4275 732 4326 et
777 4269 955 4343 digno
984 4269 1181 4325 donat.
1215 4269 1440 4343 Itaque,
1468 4269 1676 4326 fratres
1703 4268 1840 4339 mei,

191 4361 383 4417 totam
413 4358 592 4414 vitam
628 4361 888 4414 nostram
928 4361 1264 4415 scrutemur
1309 4362 1367 4415 et
1411 4358 1845 4431 circumspicia-

200 4460 363 4514 mus,
394 4462 709 4503 caveamus
740 4462 815 4503 ne
844 4446 1000 4503 mala
1045 4447 1480 4519 quoquomodo,
1513 4462 1617 4503 nec
1665 4447 1841 4504 etiam

1944 3297 2110 3372 quasi
2144 3296 2215 3352 de
2242 3293 2558 3366 improviso
2590 3293 2829 3348 cadunt.
2864 3296 2937 3347 At
2965 3291 3225 3364 sapiens,
3255 3291 3357 3366 qui
3381 3304 3586 3351 omnes

1942 3382 2295 3459 temporales
2325 3381 2742 3455 prosperitates
2766 3379 3043 3453 intelligit
3064 3394 3214 3449 esse,
3232 3394 3350 3437 non
3376 3378 3588 3437 exalta-

1942 3476 2181 3532 tionem.
2215 3472 2315 3529 sed
2347 3471 2541 3545 potius
2573 3470 2841 3541 insidias,
2876 3468 3223 3526 tentationes
3249 3472 3310 3526 ot
3337 3466 3589 3527 adversi-

1941 3568 2091 3620 tates
2122 3560 2283 3617 novit
2311 3574 2440 3617 esse
2463 3558 2649 3632 justis
2687 3558 2983 3631 perutiles,
3018 3557 3159 3631 quia
3206 3572 3442 3631 semper
3488 3574 3588 3615 eas

1945 3651 2221 3728 praevidet
2249 3653 2307 3706 et
2336 3652 2634 3721 exspectat
2658 3665 2671 3718 ;
2705 3662 2839 3703 cum
2863 3647 3103 3704 veniunt
3130 3662 3248 3703 non
3279 3646 3458 3716 cadit,
3484 3646 3586 3703 sed

1948 3741 2144 3816 potius
2173 3756 2272 3796 eas
2303 3741 2600 3813 gratanter
2628 3735 2857 3809 excipit.
2889 3736 2985 3792 Ait
3015 3752 3172 3810 ergo,
3204 3734 3413 3793 fratres
3451 3728 3589 3803 mei,

1948 3846 2073 3886 cum
2105 3827 2409 3886 incideritis
2440 3828 2498 3883 in
2527 3827 2715 3882 varias
2745 3827 3087 3894 tentationes,
3100 3827 3410 3882 existimate
3436 3836 3593 3883 omne

1948 3918 2214 3990 gaudium
2276 3914 2442 3971 vobis
2507 3918 2947 3987 proventurum.
3000 3913 3173 3970 Porro
3218 3912 3590 3987 gaudiorum,

1950 4008 2111 4064 aliud
2143 4009 2233 4063 est
2263 4021 2437 4061 omne
2468 4002 2772 4077 gaudium,
2805 4002 2963 4058 aliud
3008 4001 3239 4057 nullum
3284 4001 3591 4076 gaudium,

1951 4096 2111 4153 aliud
2142 4094 2438 4168 quoddam
2469 4090 2773 4165 gaudium.
2811 4090 2997 4147 Omne
3025 4090 3310 4165 gaudium
3340 4092 3430 4147 est
3449 4102 3593 4164 gau-

1950 4186 2113 4242 dium
2146 4181 2435 4257 generale,
2455 4197 2657 4237 verum
2691 4184 2749 4235 et
2798 4184 3101 4236 aeternum.
3135 4179 3433 4247 Generale,
3467 4179 3596 4236 siue

1951 4273 2147 4346 aliquo
2197 4285 2727 4337 mcerore;verum,
2779 4269 2906 4325 sine
2944 4268 3235 4339 falsitate;
3287 4271 3593 4338 aeternum,

1952 4364 2079 4420 sine
2108 4361 2242 4417 ﬁne.
2274 4359 2439 4416 Unde
2468 4358 2752 4414 Dominus
2781 4357 3086 4431 discipulis
3117 4357 3241 4415 suis
3271 4358 3381 4414 ait:
3400 4379 3430 4408 «ι
3449 4360 3633 4418 Gau-.

1952 4449 2475 4522 debit,inquit,cor
2500 4449 2761 4502 vestrum
2793 4465 2806 4514 ;
2840 4446 3122 4520 gaudium
3153 4448 3411 4503 vestrum
3425 4462 3596 4503 nemo

194 4535 844 4595 bonavanaintentione
858 4535 1564 4593 faciamus.lntentionem
1578 4537 1841 4593 omnium
1875 4550 1920 4619 D
1952 4540 2115 4598 tollet
2144 4556 2179 4595 a
2207 4538 2371 4594 vobis
2394 4536 2715 4609 (Joan.xvn).
2738 4558 2764 4584 »
2779 4536 3071 4591 Gaudium
3101 4550 3235 4592 vero
3264 4534 3493 4591 nullum
3508 4539 3598 4592 est

193 4623 568 4684 Voluntatum
598 4628 655 4681 et
670 4624 1075 4698 operationum
1098 4629 1430 4681 nostrarum
1464 4625 1534 4681 ad
1567 4625 1750 4681 Deum
1763 4625 1846 4681 di-

198 4715 487 4788 rigamus,
502 4730 737 4769 omnem
768 4713 1083 4770 vanitatem
1107 4730 1140 4769 a
1160 4713 1331 4770 nobis
1351 4713 1844 4772 circumcidamus

199 4802 492 4860 mundum
509 4818 643 4859 cum
656 4801 1077 4875 cupiditatibus
1088 4802 1215 4858 suis
1225 4806 1691 4871 contemnamus,
1707 4820 1847 4876 pau-

199 4893 292 4951 cis
305 4890 559 4949 contenti
574 4890 856 4959 vivamus,
875 4904 1237 4964 quaecunque
1254 4908 1570 4964 possumus
1591 4892 1662 4948 de
1680 4892 1850 4949 ruina

199 4981 383 5053 hujus
401 4980 606 5036 mundi
625 4980 695 5036 ad
718 4979 1010 5037 caelestem
1031 4979 1280 5053 patriam
1293 4996 1397 5053 per
1411 4997 1624 5036 manus
1636 4997 1851 5055 paupe-

202 5078 336 5127 rum
367 5068 823 5139 transferamus;
843 5068 981 5125 illuc
1004 5073 1128 5125 toto
1154 5068 1462 5138 desiderio,
1478 5069 1615 5125 totis
1630 5069 1852 5126 viribus

200 5159 577 5232 suspiremus
606 5162 664 5213 et
690 5158 1023 5215 tendamus.
1040 5156 1204 5225 Quod
1233 5157 1403 5213 nobis
1424 5163 1646 5214 annuat
1661 5159 1847 5228 Pater,

200 5250 265 5304 et
292 5242 497 5317 Filius,
529 5250 587 5303 et
617 5246 872 5320 Spiritus
901 5251 1160 5303 sanctus.

616 5334 968 5392 COMMUNE
1009 5334 1446 5392 MARTYRUM.

636 5529 816 5571 UNIUS
855 5530 1164 5571 MARTYRIS.
1204 5529 1415 5570 SERMO.

279 5600 446 5661 6m
465 5604 779 5675 gaudin
805 5605 1136 5673 minimis,
1168 5605 1391 5675 fratres,
1421 5620 1543 5659 cum
1578 5605 1635 5660 in
1686 5610 1857 5659 tenta-

1953 4629 2237 4705 gaudium
2271 4624 2746 4691 mundanum,de
2777 4641 2891 4698 quo
2921 4624 3271 4681 Salomon:«
3289 4618 3493 4680 Risum
3512 4636 3599 4680 re-

1955 4717 2151 4793 putavi
2183 4731 2469 4782 errorem;
2490 4718 2546 4770 et
2566 4712 2781 4786 gaudio
2812 4712 3125 4778 dixi:Quid
3144 4710 3598 4784 frustrad‘ecipe-

1955 4807 2121 4864 ris?»
2136 4802 2704 4877 (Eccl.n.)Gaudium
2737 4803 3033 4874 quoddam
3065 4806 3155 4859 cst
3184 4798 3603 4876 gaudereinter

1957 4892 2335 4951 adversitates
2360 4892 2543 4964 hujus
2575 4891 2771 4947 saeculi
2793 4890 2851 4947 in
2871 4908 2973 4964 spe
2988 4889 3188 4965 gaudii
3219 4886 3602 4947 futuri.Unde

1957 4981 2273 5056 Apostolus
2304 4998 2317 5038 :
2343 5004 2371 5031 ‹‹
2402 4976 2527 5037 Non
2558 4980 2748 5036 solum
2782 4984 2998 5048 autem,
3030 4980 3132 5037 sed
3184 4978 3507 5054 gloriamur
3542 4972 3603 5035 in

1960 5069 2442 5129 tribulationibus
2489 5068 2687 5138 (Rom,
2721 5073 2801 5139 ν).
2838 5090 2865 5118 ››
2897 5069 3048 5125 Sane
3096 5068 3207 5125 hoc
3254 5065 3606 5142 particulam

1958 5159 2239 5234 gaudium
2273 5162 2507 5214 sanctos
2536 5158 2691 5214 inter
2716 5157 2985 5216 miserias
3005 5162 3063 5214 et
3083 5156 3488 5214 tribulationes
3501 5150 3607 5213 hu-

1953 5251 2055 5322 jus
2087 5248 2291 5304 mundi
2336 5247 2656 5316 recreabat,
2691 5246 3105 5305 consolabatur
3146 5252 3205 5302 et
3254 5245 3607 5303 sustinebat.

1961 5336 2270 5393 Discamus
2302 5333 2500 5409 igitur,
2520 5336 2725 5391 fratres
2757 5335 2963 5403 mei,et
2990 5336 3141 5391 inter
3169 5335 3411 5392 advsrsa
3428 5333 3612 5405 hujus

1963 5423 2171 5482 mundi
2202 5424 2478 5498 gaudere,
2512 5429 2572 5480 et
2598 5423 2755 5480 inter
2784 5423 3204 5500 prosperitates
3234 5422 3616 5498 plangere,ut

1967 5515 2052 5571 sic
2104 5529 2210 5568 nec
2256 5511 2552 5568 elevemur
2600 5511 2658 5567 in
2697 5516 3017 5585 prosperis,
3049 5528 3155 5569 nec
3183 5512 3531 5583 dejiciamur
3550 5506 3615 5564 in

1966 5602 2245 5662 adversis.
2264 5601 2455 5665 Quare
2490 5605 2693 5663 autem
2723 5599 2802 5656 sit
2831 5601 3211 5674 gaudendum
3242 5598 3395 5658 inter
3420 5597 3618 5655 adver-
