4002 6078
413 194 568 263 1523

1689 142 2088 253 RADULPiII
2128 186 2541 253 ARDENTIS.

3648 176 3820 242 15%|

414 330 639 400 sitates,
691 327 948 387 ostendit
995 325 1294 403 apostolus
1342 342 1477 384 cum
1525 323 1725 382 subdit
1757 342 1771 382 :
1819 323 2057 380 Scientes
2086 322 2141 390 Α
2171 322 2340 379 nobis
2372 320 2813 395 multiplicetur.
2850 319 3011 378 Hanc
3039 317 3313 377 Salomon
3342 334 3378 375 a
3414 314 3643 374 Domini
3698 312 3819 372 sibi

414 420 555 495 quod
577 421 826 493 probatio
863 420 995 492 ﬁdei
1027 429 1228 477 vestra)
1269 418 1599 492 patientiam
1645 421 1918 487 operatur,
1943 429 2048 488 pa-

412 510 613 568 tientia
640 517 821 567 autem
842 509 1236 582 probationem,
1264 516 1324 563 ut
1351 509 1474 563 sitis
1496 508 1557 562 in
1584 504 1836 562 omnibus
1869 505 2047 575 perfe-

411 602 487 656 cti
510 607 562 656 et
592 601 653 655 in
699 599 854 654 nullo
901 598 1225 670 deficientes.
1270 597 1454 652 Vocat
1492 599 1688 651 autem
1719 592 2048 649 tribulatio-

411 704 547 745 nem
577 687 977 760 probationem
1006 686 1141 741 ﬁdei
1168 703 1182 755 ;
1216 685 1343 741 ideo
1373 683 1614 753 scilicet,
1648 681 1782 755 quia
1817 698 1919 754 per
1944 679 2048 737 tri-

410 775 772 832 bulationem
816 775 960 830 ﬁdes
1012 775 1291 847 probatur
1325 790 1338 827 :
1372 773 1481 828 hoc
1525 776 1615 828 est
1643 771 1799 844 quod
1832 768 2050 826 Paulus

412 864 555 921 dicit
582 863 676 921 his
703 863 895 920 verbis
927 880 940 918 :
968 882 990 911 ι
1025 863 1285 919 Scientes
1317 861 1469 934 quod
1500 859 1799 916 tribulatio
1830 859 2051 932 patien-

411 952 555 1011 tiam
586 956 878 1026 Operatur,
910 951 1194 1025 patientia
1220 968 1352 1008 vero
1385 949 1806 1024 probationem,
1841 948 2050 1021 proba-

410 1041 491 1099 tio
521 1057 654 1097 vero
684 1057 1017 1114 spem,spes
1047 1046 1245 1097 autem
1276 1057 1391 1096 non
1418 1038 1723 1095 confundit
1750 1037 2048 1108 (Rom.v).»

412 1129 732 1187 Tribulatio
743 1129 924 1204 igitur
936 1146 1036 1202 per
1046 1129 1384 1186 exercitium
1398 1131 1672 1200 operatur
1684 1125 2049 1199 patientiam.

412 1219 577 1276 Sicut
606 1218 763 1275 enim
784 1218 984 1292 pullus
1005 1219 1170 1274 rudis
1191 1219 1263 1274 ad
1288 1217 1476 1290 prima
1487 1214 2052 1287 verberaimpatiens

410 1310 518 1377 est,
552 1309 654 1364 sed
683 1312 883 1381 postea
913 1325 1015 1381 per
1043 1306 1385 1363 exercitium
1427 1304 1836 1378 quotidianum
1879 1320 2051 1359 man-

412 1396 650 1464 suescit,
682 1400 739 1452 et
765 1396 911 1453 freni
945 1395 1214 1469 sellaeque
1240 1395 1468 1467 patiens
1498 1394 1563 1449 ﬁt
1595 1409 1608 1449 :
1646 1393 1727 1449 ita
1746 1392 1912 1447 rudis
1932 1390 2054 1447 ani-

412 1502 546 1542 mus
575 1485 832 1542 hominis
861 1485 932 1541 ad
955 1483 1206 1558 primam
1228 1482 1664 1539 tribulationem
1680 1479 2051 1547 inhorrescit,

413 1580 472 1632 et
499 1574 813 1647 impatiens
842 1577 968 1643 est;
1001 1574 1102 1630 sed
1133 1571 1416 1645 paulatim
1446 1589 1548 1643 per
1571 1571 1845 1642 frequens
1876 1567 2058 1624 tribu-

412 1664 702 1723 lationum
733 1662 1069 1719 exercitium
1097 1661 1456 1719 mansuescit
1484 1663 1540 1714 et
1562 1658 1790 1731 patiens
1821 1659 2059 1730 ﬁt,prae-

413 1755 585 1828 cipue
613 1770 748 1810 cum
772 1751 1045 1825 intelligit
1074 1755 1131 1808 et
1160 1749 1511 1807 ordinationi
1544 1748 1644 1805 Dei
1675 1765 1791 1804 non
1821 1763 1949 1803 esse
1970 1762 2057 1801 re-

414 1843 766 1909 sistendum,
798 1845 855 1899 et
883 1858 945 1898 se
974 1857 1077 1913 per
1106 1839 1446 1913 hujusmodi
1478 1855 1607 1895 esse
1656 1836 2053 1911 purgandum,

414 1936 473 1991 et
499 1949 617 1990 non
649 1935 851 1989 contra
878 1930 1104 1997 limam,
1137 1929 1238 1986 sed
1267 1932 1469 1984 contra
1496 1927 1702 1983 vitium
1736 1942 1911 1982 suum
1932 1940 2060 1980 esse

414 2021 809 2079 irascendum.
843 2019 1130 2077 Patientia
1157 2035 1291 2075 vero
1322 2021 1596 2091 operatur
1624 2014 2048 2089 probationem,

417 2110 537 2168 sive
580 2127 729 2183 opus
772 2108 1114 2182 perfectum,
1164 2106 1224 2162 id
1276 2110 1366 2163 est
1408 2104 1846 2178 perfectionem,
1897 2101 2056 2175 quod

416 2199 573 2256 idem
620 2202 728 2257 est.
774 2198 920 2254 Cum
951 2196 1108 2253 enim
1137 2198 1342 2269 justus
1371 2194 1569 2252 omnia
1596 2194 1838 2251 adversa
1866 2209 2059 2265 aequa-

416 2288 655 2346 nimiter
681 2286 952 2356 sustinet,
967 2302 1084 2343 non
1105 2285 1297 2342 solum
1320 2285 1379 2341 in
1401 2284 1494 2340 his
1517 2300 1633 2340 non
1652 2299 2055 2349 murmurans,

416 2379 518 2436 sed
549 2375 725 2434 etiam
757 2376 941 2432 Deum
970 2373 1341 2441 benedicens,
1358 2374 1657 2447 probatur,
1674 2372 1733 2427 id
1763 2376 1857 2428 est
1878 2370 2061 2443 perfe-

418 2471 549 2524 ctus
577 2482 706 2524 esse
726 2465 1181 2530 demonstratur,
1190 2464 1361 2535 juxta
1380 2461 1525 2517 illud
1541 2478 1554 2516 ε
1570 2463 1835 2517 «Aurum
1854 2459 2063 2532 probat

418 2556 643 2624 fornax,
692 2559 749 2612 et
805 2555 1002 2627 justos
1063 2552 1388 2626 persecutio
1436 2548 1833 2607 tribulationis
1875 2551 2056 2620 (Prov.

416 2661 594 2703 xxvn.
627 2666 656 2697 »
690 2642 959 2701 Probatio
985 2660 1118 2699 vero
1144 2646 1418 2716 operatur
1448 2658 1632 2713 spem.
1666 2640 1772 2705 Qui
1808 2638 1968 2694 enim
1999 2654 2061 2694 se

419 2750 524 2810 per
550 2732 958 2790 tribulationes
990 2736 1306 2806 purgatum
1334 2729 1610 2804 intelligit
1637 2734 1694 2786 et
1727 2728 2058 2802 probatum,

421 2839 539 2880 non
568 2838 718 2878 vane
736 2838 858 2895 spe,
874 2825 939 2877 ut
962 2820 1225 2894 quidam,
1240 2821 1341 2876 sed
1363 2824 1520 2875 certa
1541 2836 1644 2892 spe
1672 2818 1931 2874 futuram
1946 2816 2065 2889 glo-

422 2912 570 2970 riam
601 2909 989 2985 prmstolatur.
1022 2910 1152 2966 Haec
1182 2913 1379 2967 autem
1409 2925 1544 2982 spes
1577 2925 1690 2964 non
1735 2907 1796 2962 in
1825 2904 2062 2963 homine

423 3000 523 3076 qui
554 3000 807 3057 mendax
835 3002 944 3067 est,
979 3001 1081 3056 sed
1111 2998 1171 3054 in
1202 2998 1318 3055 Deo
1348 2997 1449 3071 qui
1478 2996 1675 3054 fallere
1706 3013 1821 3052 non
1852 2997 2061 3068 potest,

2159 411 2456 485 optionem
2483 411 2804 485 postulanti
2836 411 3034 477 dante,
3066 407 3379 483 postulavit
3399 407 3630 463 dicens:
3649 428 3679 456 »
3707 406 3824 463 Do-

2160 501 2317 557 mine
2344 503 2512 570 Deus,
2527 518 2634 575 ego
2652 518 2786 557 sum
2810 517 2953 574 puer
2974 497 3273 573 parvulus,
3289 497 3568 571 ignorans
3588 495 3823 569 ingres-

2160 608 2292 647 sum
2324 595 2379 647 et
2411 591 2632 647 exitum
2663 606 2881 646 meum.
2901 594 2980 645 Da
3010 605 3146 662 ergo
3176 604 3276 644 cor
3295 585 3481 643 docile
3504 588 3813 653 servotuo,

2160 684 2224 736 ut
2253 679 2474 752 possim
2496 680 2765 752 judicare
2789 678 3073 752 populum
3093 682 3286 746 tuum,
3305 679 3362 733 et
3377 673 3819 732 discernerein-

2158 774 2246 826 ter
2292 770 2513 825 bonum
2560 775 2617 826 et
2668 768 2913 825 malum.
2946 770 3018 824 Et
3047 766 3266 841 placuit
3316 764 3560 821 Domino
3590 769 3652 820 et
3684 763 3816 820 ait:

2159 858 2306 922 Quia
2326 875 2440 915 non
2472 857 2802 931 postulasti,
2822 859 2997 930 juxta
3035 856 3279 912 verbum
3324 853 3656 921 hominum,
3692 854 3821 910 dies

2160 947 2379 1003 multos
2408 952 2463 1003 et
2495 947 2754 1015 divitias,
2790 951 2847 1003 et
2874 946 3104 1003 animas
3144 944 3520 1001 inimicorum
3549 947 3817 1011 tuorum,

2162 1036 2267 1092 feci
2298 1036 2402 1091 tibi
2436 1053 2738 1093 sermones
2769 1040 2921 1092 tuos.
2940 1035 3075 1091 Dedi
3105 1034 3213 1091 tibi
3235 1052 3335 1091 cor
3354 1033 3819 1106 sapiens,intan-

2160 1130 2287 1181 tum
2310 1130 2376 1182 ut
2404 1125 2605 1184 nullus
2629 1129 2763 1182 ante
2779 1130 2835 1182 te
2854 1124 3191 1181 tibisimilis
3206 1123 3401 1180 fuerit.
3417 1123 3531 1180 Sed
3552 1122 3675 1178 hanc
3690 1137 3817 1195 que

2161 1232 2276 1271 non
2300 1214 2612 1288 postulasti
2635 1215 2767 1271 dedi
2790 1213 2915 1282 tibi,
2934 1214 2983 1269 si
3004 1218 3204 1271 tamen
3224 1210 3694 1269 ambulaverisin
3708 1211 3819 1266 viis

2163 1303 2331 1371 meis,
2365 1307 2428 1359 ut
2466 1308 2631 1376 pater
2667 1308 2807 1360 tuus
2855 1304 2952 1369 (III
2972 1306 3098 1377 Reg.
3136 1302 3242 1377 ιιι).
3280 1324 3308 1352 ι)
3340 1304 3567 1374 Itaque,
3600 1300 3822 1357 faatres

2163 1392 2297 1461 mei,
2333 1398 2600 1466 petamus
2651 1410 2685 1449 a
2734 1393 2976 1450 Domino
3028 1409 3145 1449 non
3196 1391 3645 1465 longmvitatem,
3698 1405 3819 1446 non

2164 1481 2416 1551 divitias,
2452 1499 2568 1538 non
2598 1482 3004 1550 honores,non
3038 1485 3245 1538 caetera
3273 1473 3614 1554 hujusmodi
3644 1494 3821 1547 vana,

2165 1588 2293 1644 quae
2324 1571 2529 1627 multis
2552 1571 2788 1627 fuerunt
2804 1588 2985 1628 causa
3002 1570 3370 1644 perditionis,
3386 1569 3487 1626 sed
3519 1584 3723 1625 veram
3735 1584 3825 1624 sa-

2166 1660 2718 1734 pientiam,orantes
2745 1676 2879 1717 cum
2912 1660 3216 1732 Sapiente:
3242 1682 3271 1710 «
3302 1658 3536 1730 Emitte,
3553 1657 3824 1721 Domine.

2168 1748 2517 1822 sapientiam
2550 1749 2619 1805 de
2649 1749 2789 1806 sede
2807 1747 3235 1822 magnitudinis
3253 1752 3390 1817 tuae,
3406 1752 3474 1804 ut
3493 1761 3731 1803 mecum
3750 1743 3828 1802 sit

2168 1842 2225 1894 et
2249 1855 2479 1894 mecum
2510 1836 2754 1905 laboret,
2785 1842 2844 1894 et
2876 1842 2942 1893 ut
2971 1838 3159 1894 sciam
3201 1836 3342 1911 quid
3396 1839 3707 1909 acceptum
3749 1834 3827 1892 sit

2169 1931 2302 1983 ante
2332 1932 2387 1983 te
2416 1926 2576 1983 omni
2604 1931 2866 1999 tempore
2894 1928 3046 1999 (Sap.
3067 1928 3214 2000 111).»
3242 1932 3290 1982 Α
3320 1943 3437 1999 quo
3468 1924 3829 1998 petendaest

2169 2015 2495 2089 sapientia?
2529 2022 2572 2071 Α
2609 2017 2740 2083 Deo,
2774 2016 3055 2089 quoniam
3088 2016 3284 2074 omnis
3327 2014 3623 2089 sapientia
3645 2031 3681 2069 a
3716 2014 3825 2070 Do-

2170 2104 2328 2161 mino
2361 2105 2477 2161 Deo
2509 2109 2616 2163 est.
2647 2106 2886 2161 Frustra
2914 2104 3098 2179 igitur
3143 2105 3391 2162 conﬁdis
3441 2104 3514 2160 de
3559 2102 3821 2177 ingenio,

2166 2195 2253 2252 vel
2285 2195 2356 2251 de
2386 2193 2693 2268 temporali
2725 2195 2981 2266 doctore,
3010 2196 3232 2253 frustra
3262 2195 3465 2251 studes
3505 2198 3562 2250 et
3584 2191 3822 2266 vigilas,

2169 2283 2447 2357 quoniam
2476 2301 2591 2340 non
2618 2289 2784 2357 potes
2815 2284 3167 2358 sapientiam
3201 2284 3485 2353 obtinere,
3519 2283 3639 2339 nisi
3662 2299 3698 2338 a
3718 2282 3825 2338 Pa-

2169 2377 2257 2429 tre
2295 2372 2612 2428 luminum.
2648 2374 2753 2442 Qui
2799 2373 2913 2440 dat,
2948 2374 3163 2447 inquit,
3194 2375 3480 2441 omnibus,
3514 2371 3820 2439 subaudis,

2169 2461 2343 2535 digne
2375 2462 2726 2533 petentibus,
2741 2463 2844 2519 dat
2868 2466 2925 2518 et
2944 2463 3289 2538 afﬂuenter,
3303 2463 3432 2519 sine
3446 2460 3712 2518 thesauri
3733 2460 3824 2517 sui

2170 2550 2558 2607 diminutione
2573 2551 2703 2624 pios
2717 2552 2938 2609 faciens
2950 2553 3355 2609 abundare.Et
3380 2568 3493 2609 non
3526 2553 3825 2624 imprope-

2170 2643 2357 2707 rat,ut
2374 2640 2614 2712 quidam
2636 2640 2905 2698 homines
2925 2641 3388 2715 improperantes
3410 2640 3544 2697 aliis
3558 2638 3649 2696 vel
3666 2640 3826 2713 igno-

2171 2727 2272 2786 bili
2302 2732 2502 2797 tatem,
2535 2728 2624 2786 vel
2647 2730 3070 2797 inﬁrmitatem,
3092 2729 3179 2787 vel
3209 2746 3537 2800 excessum,
3585 2727 3677 2785 vel
3722 2728 3824 2784 hu-

2163 2819 2523 2890 juscemodi.
2556 2819 2858 2883 Quomodo
2887 2820 3058 2876 debet
3086 2821 3324 2894 petere?
3352 2823 3495 2875 Cum
3518 2819 3656 2887 ﬁde,
3688 2834 3823 2874 cum

2172 2906 2404 2975 ﬁducia,
2439 2924 2575 2963 cum
2610 2907 3005 2982 simplicitate.
3034 2910 3102 2965 Et
3144 2909 3246 2982 qui
3293 2909 3378 2966 sic
3424 2909 3590 2982 petit,
3626 2905 3825 2981 procul

2170 2996 2349 3052 dubio
2397 2996 2632 3053 dabitur
2660 2998 2731 3054 ei.
2766 2998 2928 3062 Quod
2961 3014 3095 3054 cum
3126 2998 3241 3055 ﬁde
3270 2998 3481 3055 debeat
3527 2995 3827 3071 postulem

422 3067 635 3165 posita,
665 3087 775 3146 etsi
806 3088 1194 3161 prudentibus
1229 3067 1455 3154 muuvdi,
1487 3102 1553 3142 eo
1593 3086 1748 3158 quod
1798 3067 2061 3140 humana
2089 3067 2133 3136 C
2170 3086 2451 3156 ostendit,
2485 3103 2620 3143 cum
2651 3087 2794 3143 dicit
2824 3105 2837 3143 :
2873 3085 3139 3143 Postulet
3167 3094 3363 3143 autem
3409 3089 3473 3142 in
3514 3067 3647 3157 fide,
3670 3085 3825 3140 vide-

422 3196 538 3236 non
571 3180 762 3252 potest
791 3176 974 3233 asseri
1006 3176 1410 3243 ratione,vana
1438 3175 1722 3242 videatur,
1736 3177 1932 3228 tamen
1952 3189 2067 3228 non

422 3265 746 3336 confundit,
762 3266 878 3322 imo
905 3266 975 3321 ad
993 3265 1414 3322 beatitudinem
1428 3263 1712 3335 perducit.
1730 3263 1791 3319 In
1810 3280 1925 3334 qua
1938 3260 2067 3317 sitis

424 3355 663 3431 perfecti
693 3360 752 3410 et
780 3353 1012 3426 integri,
1044 3353 1104 3408 in
1134 3351 1293 3409 nullo
1324 3351 1678 3409 deﬁcientes.

493 3444 783 3509 Secundo,
797 3460 903 3499 nos
922 3445 1117 3498 monet
1131 3440 1429 3515 apostolus
1447 3445 1512 3497 ut
1528 3442 1599 3497 ad
1618 3440 2065 3514 intelligendum

423 3533 715 3607 quomodo
745 3529 1153 3588 tribulationes
1184 3529 1303 3586 sint
1332 3530 1500 3586 nobis
1530 3529 1726 3596 utiles,
1762 3547 1796 3585 a
1830 3534 1938 3585 Deo
1974 3547 2068 3585 sa-

422 3620 703 3696 pientiam
734 3617 1121 3693 postulemus,
1154 3636 1289 3675 cum
1321 3619 1521 3675 subdit
1552 3635 1565 3673 :
1598 3621 1668 3675 Si
1711 3621 1814 3692 qui
1863 3626 2068 3675 autem

423 3716 679 3768 vestrum
707 3709 943 3782 indiget
969 3709 1286 3779 sapientia.
1308 3707 1567 3781 postulet
1589 3725 1631 3764 a
1660 3713 1799 3775 Deo,
1830 3709 1933 3781 qui
1956 3706 2066 3763 dat

422 3800 691 3858 omnibus
709 3796 1051 3872 afﬂuenter,-
1074 3797 1177 3871 qui
1199 3814 1312 3853 nou
1337 3797 1725 3869 improperat,
1741 3802 1797 3851 et
1818 3797 2071 3852 dabitur

426 3890 504 3946 ei.
518 3885 781 3946 Postulet
809 3892 1003 3943 autem
1025 3886 1077 3942 ei
1100 3887 1163 3943 in
1181 3884 1303 3959 ﬁde
1322 3884 1483 3942 nihil
1503 3888 1805 3952 hwsitans,
1818 3890 1926 3941 etc.
1942 3884 2071 3949 Qui-

428 3979 541 4034 bus
570 3975 759 4034 verbis
790 3979 1046 4049 quatuor
1065 3975 1235 4032 nobis
1255 3975 1536 4044 insinuat,
1551 3974 1835 4042 videlicet,
1853 3974 1953 4046 qui
1978 3975 2072 4031 de-

428 4067 565 4123 beat
592 4069 881 4139 petere,et
911 4063 1191 4137 quid,eta
1222 4067 1432 4136 quo,et
1452 4063 2074 4137 quomodo.Quidebet

430 4154 666 4228 petere?
696 4154 804 4221 Qui
837 4153 1078 4228 indiget.
1111 4153 1259 4209 Nam
1307 4153 1356 4209 si
1407 4170 1522 4209 non
1567 4151 1789 4227 indiget
1818 4156 1873 4208 et
1902 4150 2068 4225 petit,

430 4242 612 4300 otiose
642 4246 700 4299 et
727 4240 879 4299 male
909 4242 1073 4315 petit.
1097 4242 1259 4307 Quod
1291 4247 1489 4315 aperte
1519 4245 1609 4297 est
1628 4245 1685 4298 et
1717 4246 1920 4297 contra
1941 4241 2071 4297 illos

431 4331 533 4406 qui
563 4349 656 4389 res
682 4330 1055 4404 temporales,
1089 4331 1306 4404 quibus
1357 4331 1680 4397 abundant,
1714 4330 1907 4385 adhuc
1956 4330 2072 4386 sibi

2175 3173 2308 3230 licet
2334 3175 2580 3231 ﬁrmiter
2609 3176 2896 3232 credendo
2929 3181 3114 3232 Deum
3144 3177 3607 3249 omnipotentem
3629 3175 3753 3231 hac
3773 3178 3825 3230 et

2176 3269 2384 3320 caetera
2433 3265 2590 3321 dare.
2639 3264 2803 3321 Unde
2853 3264 3163 3321 Dominus:
3193 3288 3220 3317 ‹‹
3257 3264 3316 3321 Si
3365 3264 3579 3329 credis,
3612 3263 3821 3336 inquit,

2176 3353 2375 3408 omnia
2404 3353 2708 3426 possibilia
2738 3357 2877 3410 sunt
2899 3354 3157 3410 credenti
3192 3355 3401 3427 (Marc.
3420 3354 3565 3424 1x).»
3580 3353 3652 3408 Et
3666 3351 3823 3407 alibi:

2177 3466 2205 3491 «
2241 3442 2298 3499 Si
2332 3442 2676 3511 habueritis,
2710 3442 2922 3516 inquit,
2956 3444 3131 3498 ﬁdem
3164 3447 3454 3516 quantum
3483 3439 3828 3515 granumsi—

2177 3530 2584 3603 napis,dicetis
2608 3532 2820 3588 monti:
2845 3532 3118 3588 Transfer
3147 3536 3223 3600 te,
3241 3535 3299 3588 et
3319 3532 3823 3601 ﬁet(Matth.xvn;

2174 3624 2309 3677 Luc.
2324 3623 2486 3688 xvu).
2508 3642 2536 3669 ››
2553 3620 2711 3685 Qued
2729 3637 2864 3677 cum
2896 3620 3113 3677 ﬁducia
3141 3620 3419 3689 ostendit,
3437 3636 3575 3676 cum
3606 3618 3824 3676 subdit:

2174 3707 2441 3765 Postulet
2462 3715 2664 3765 autem
2683 3709 2844 3766 nihil
2859 3709 3161 3766 hwsitans.
3179 3709 3420 3766 Haasitat
3436 3712 3641 3765 autem
3657 3707 3717 3763 in
3737 3722 3831 3781 po-

2177 3796 2494 3853 stulatione
2532 3815 2708 3870 quem
2739 3796 3366 3855 conscientiainterius
3388 3798 3675 3854 mordens
3689 3796 3833 3852 difﬁ-

2177 3886 2313 3943 dere
2347 3886 2485 3943 facit
2515 3887 2585 3943 de
2616 3887 3046 3960 impetratione.
3080 3887 3194 3959 Qui
3219 3889 3399 3959 enim,
3426 3886 3647 3960 inquit,
3678 3886 3834 3943 haesi-

2177 3981 2265 4031 tat
2296 3975 2520 4032 similis
2545 3983 2630 4032 est
2659 3976 2880 4050 ﬂuctui
2907 3978 3107 4047 maris,
3125 3978 3226 4051 qui
3245 3994 3287 4034 a
3309 3983 3476 4033 vento
3503 3982 3835 4033 moveturet

2177 4065 2626 4139 circumfertur.
2657 4065 2895 4122 Fluctus
2926 4067 3086 4123 enim
3114 4070 3286 4123 vento
3317 4065 3486 4123 cedit.
3523 4066 3622 4123 Sic
3654 4070 3714 4121 et
3740 4063 3835 4120 ille

2181 4154 2280 4226 qui
2314 4171 2416 4227 per
2456 4154 2590 4211 ﬁdei
2640 4154 3136 4223 incredulitatem,
3168 4154 3259 4212 vel
3308 4172 3413 4229 per
3460 4152 3834 4211 conscientiae

2181 4242 2525 4317 pravitatem
2554 4243 2791 4313 difﬁdit,
2825 4244 2987 4300 omni
3017 4248 3187 4301 vento
3214 4243 3561 4301 tentationis
3589 4243 3769 4310 cedit,
3782 4246 3835 4298 et

2183 4349 2218 4388 a
2246 4332 2361 4388 Deo
2392 4332 2764 4389 recedit.Non
2782 4334 3481 4407 ergo,inquit,existimet
3498 4332 3836 4405 honaoquod

431 4420 807 4495 multiplicari
839 4424 1064 4494 petunt,
1084 4425 1139 4477 et
1170 4423 1373 4477 contra
1401 4419 1531 4475 illos
1561 4419 1662 4492 qui
1690 4436 1784 4475 res
1814 4418 1927 4476 sibi
1950 4436 2065 4508 non
2103 4441 2155 4508 Ι)
2181 4422 3540 4495 accipiataliquidaDomina.Acciperequidem
3556 4421 3833 4495 potestfe—

431 4509 944 4578 necessarias,imo
975 4509 1087 4567 sibi
1116 4508 1447 4576 inutiles,et
1473 4508 1725 4565 honores
1748 4513 1807 4564 et
1829 4507 2076 4564 admini-

431 4599 745 4658 strationes
773 4604 832 4656 et
850 4598 1189 4672 hujusmodi
1213 4602 1434 4671 petunt.
1455 4597 1616 4654 Unde
1637 4597 1798 4653 idem
1817 4597 2072 4653 Jacobus

431 4691 491 4747 in
519 4687 903 4762 sequentibus
932 4687 1074 4744 dicit
1104 4704 1117 4743 :
1156 4709 1177 4739 ι
1212 4687 1413 4744 Petitis
1442 4691 1499 4742 et
1527 4703 1642 4741 non
1688 4685 1973 4758 accipitis,
2006 4701 2072 4742 eo

433 4779 589 4852 quod
622 4777 774 4834 male
786 4777 1015 4850 petatis,
1032 4777 1167 4833 utin
1197 4775 1687 4849 concupiscentiis
1716 4772 2077 4831 vestrisinsi-

437 4866 634 4927 nuatis
662 4867 795 4939 (Jac.
828 4869 927 4934 ιν).
963 4888 990 4916 ››
1025 4866 1291 4934 Proinde,
1317 4866 1525 4922 fratres
1552 4864 1821 4926 mei.non
1851 4863 1964 4918 nisi
1984 4880 2080 4919 ne-

436 4954 693 5012 cessaria
707 4960 766 5012 et
795 4956 1095 5028 preﬁcuaa
1110 4956 1226 5012 Deo
1244 4959 1533 5028 petamus,
1548 4958 1606 5009 et
1622 4952 1669 5009 si
1692 4951 1855 5007 dubii
1868 4967 2079 5008 sumus

437 5061 512 5101 an
542 5042 685 5099 illud
717 5044 873 5117 quod
904 5051 1097 5115 petere
1126 5044 1397 5101 volumus
1427 5041 1504 5099 sit
1527 5041 1670 5098 utile
1712 5041 1903 5108 nobis,
1943 5057 2078 5097 cum

437 5130 771 5189 conditione
800 5136 1089 5204 petamus,
1124 5133 1383 5190 dicentes
1413 5148 1425 5186 :
1455 5154 1483 5183 «
1516 5129 1781 5196 Domine,
1809 5130 1885 5185 da
1906 5129 2078 5186 nobis

436 5219 605 5289 illud,
638 5219 689 5277 si
737 5220 853 5276 scis
895 5221 1049 5292 quod
1098 5222 1364 5294 expediat
1401 5219 1589 5277 nobis.
1625 5241 1652 5269 ››
1685 5218 1837 5282 Quid
1869 5218 2080 5276 debeat

437 5308 673 5383 petere?
694 5307 987 5381 Praecipue
1017 5308 1382 5382 sapientiam.
1398 5309 1532 5373 Quae
1564 5307 1786 5381 petitio,
1802 5307 1957 5363 haud
1977 5308 2081 5364 du-

438 5398 603 5455 bium
632 5395 772 5470 quid
803 5397 880 5453 sit
897 5398 1064 5471 justa
1083 5401 1141 5454 et
1168 5397 1732 5471 expediens.0mncs
1759 5396 2078 5454 enimindi-

438 5502 665 5560 gemus,
687 5485 774 5543 vel
788 5488 943 5559 quod
976 5486 1262 5560 sapientia
1282 5486 1450 5543 nobis
1463 5487 1652 5551 detur,
1666 5484 1752 5540 vel
1773 5487 1927 5557 quod
1944 5487 2079 5544 data

2185 4527 2327 4567 num
2360 4509 2772 4581 temporalium
2803 4510 3401 4584 stipendiorum,cum
3423 4511 3830 4584 jumentissed

2181 4617 2297 4656 non
2332 4604 2559 4655 aeternae
2586 4599 2953 4656 stabilitatis.

2251 4687 2413 4752 Quod
2435 4704 2570 4743 cum
2600 4687 2974 4760 simplicitate
3002 4688 3212 4745 debeat
3239 4688 3539 4763 postulem
3558 4688 3835 4758 ostendit,

2185 4793 2321 4832 cum
2361 4776 2603 4832 subdit:
2639 4777 2733 4834 Vir
2782 4778 3013 4847 duplex
3046 4778 3246 4835 animo
3294 4779 3641 4835 inconstans
3664 4786 3752 4835 est
3781 4779 3837 4834 in

2186 4866 2447 4922 omnibus
2469 4867 2584 4923 viis
2610 4867 2751 4936 suis,
2784 4866 3058 4936 subaudi,
3091 4871 3148 4924 et
3174 4867 3305 4924 ideo
3336 4884 3452 4924 non
3500 4873 3703 4941 potest
3730 4867 3839 4925 ειιὶ-

2188 4953 2326 5028 quid
2359 4953 2692 5027 impetrare.
2719 4955 3030 5029 Propterea
3054 4973 3189 5013 cum
3220 4955 3601 5029 simplicitate
3633 4963 3838 5030 postu-

2187 5043 2432 5098 landum
2481 5047 2590 5099 est.
2625 5044 2800 5100 Porro
2853 5062 2989 5101 cum
3029 5044 3409 5118 simplicitate
3438 5046 3832 5119 postulamus,

2190 5132 2423 5204 quando
2455 5133 2610 5204 quod
2632 5133 2888 5206 petimus
2913 5151 2948 5191 a
2976 5136 3087 5191 Deo
3108 5135 3558 5208 propteripsum
3582 5136 3836 5208 postula-

2188 5237 2344 5277 mus.
2365 5220 2584 5294 Duplex
2610 5239 2744 5279 vero
2775 5223 2972 5280 animo
3002 5227 3109 5293 est,
3125 5223 3383 5296 quicum
3403 5223 3629 5297 aliquid
3651 5226 3835 5283 videt

2187 5314 2285 5365 tur
2313 5315 2507 5383 petere
2537 5328 2570 5366 a
2593 5311 2835 5367 Domino
2866 5312 3075 5381 Deo,et
3098 5318 3336 5386 propter
3367 5313 3831 5391 Deum,iuterins

2186 5399 2248 5456 in
2278 5399 2601 5456 intentione
2626 5400 2806 5457 habet
2833 5401 3053 5475 aliquid
3074 5407 3392 5460 terrenum.
3411 5402 3638 5477 Duplex
3660 5405 3829 5461 etiam

2186 5488 2383 5547 animo
2431 5493 2539 5558 est,
2574 5489 2677 5562 qui
2726 5489 2918 5563 ipsam
2965 5491 3352 5551 intentionem
3381 5491 3675 5564 dividens,
3710 5498 3829 5551 tum
