4002 6078
188 243 359 309 λιδεες

1337 219 1712 308 aemula.
1743 276 1821 289 -
1849 240 1927 306 11.
1970 243 2073 307 ne
2118 242 2468 310 SANCTIS.

3445 244 3601 315 i526

196 382 437 453 propter
482 376 688 447 Deum,
739 378 867 434 tum
914 380 1151 452 propter
1191 375 1471 434 saeculum
1518 378 1706 436 facere
1761 377 1846 434 in-
1873 378 1930 446 Α
1958 378 2224 453 injurias,
2248 384 2306 438 et
2333 379 2695 454 hujusmodi.
2719 379 2879 438 Hane
2907 350 3192 440 debemus
3215 379 3364 440 ferre
3382 382 3605 458 patien-

197 469 406 526 tendit.

269 558 494 632 Duplex
526 574 762 632 quoque
790 556 986 614 animo
1016 560 1107 613 est
1137 557 1237 630 qui
1254 562 1311 614 et
1324 558 1419 615 hic
1437 558 1691 632 gaudere
1711 575 1844 615 cum

198 647 433 716 saeculo,
466 652 523 704 et
550 646 611 702 in
643 648 839 704 futuro
870 664 1113 720 regnare
1144 664 1279 703 cum
1327 648 1445 705 Deo
1477 647 1702 721 quaerit.
1738 648 1846 705 Ita-

197 753 334 811 que,
366 737 594 807 fratres,
629 736 680 793 si
709 736 980 793 volumus
1010 754 1047 792 a
1093 737 1209 793 Deo
1257 738 1541 806 exaudiri,
1573 742 1844 810 petamus

196 826 283 909 all
300 843 366 883 eo
397 825 770 899 sapientiam,
795 830 1117 899 caeteraque
1148 826 1477 899 spiritualia
1505 830 1561 882 et
1588 826 1845 885 coelestia

196 916 373 985 dona,
405 920 462 972 et
484 919 754 988 petamus
784 932 853 972 ea
882 932 1016 971 cum
1046 915 1179 971 ﬁdei
1210 916 1506 983 ﬁrmitate,
1531 933 1663 972 cum
1697 917 1844 973 ﬁdu-

194 1005 288 1063 cia
317 1007 550 1062 mundae
579 1004 971 1076 conscientiae,
1005 1021 1138 1061 cum
1169 1004 1510 1062 intentionis
1558 1005 1840 1078 simplici-

196 1097 334 1152 tate.

266 1183 483 1252 Tertio,
496 1182 783 1256 promittit
797 1182 1098 1256 apostolus
1116 1183 1327 1240 humili
1348 1184 1842 1254 exaltationem,et

190 1274 448 1348 superbo
477 1272 641 1330 diviti
670 1271 1160 1341 humiliationem,
1186 1289 1322 1329 cum
1353 1271 1552 1329 subdit
1584 1291 1597 1329 :
1633 1274 1838 1331 Glorie-

190 1371 288 1421 tur
336 1370 519 1420 autem
562 1364 738 1435 frater
778 1361 1007 1418 humilis
1044 1362 1105 1417 in
1148 1362 1499 1419 exultatione:
1524 1379 1646 1418 sua.
1678 1363 1758 1419 Ac
1789 1362 1841 1419 si

190 1452 390 1510 dicat:
422 1450 583 1508 Licet
611 1449 829 1524 aliquis
859 1449 1047 1507 ﬁdelis
1076 1449 1226 1507 inter
1276 1450 1685 1507 tribulationes
1734 1451 1839 1508 hu-

189 1541 352 1599 milis
380 1545 438 1598 et
468 1541 955 1613 abjectus,tamen
989 1555 1105 1596 non
1135 1539 1273 1596 inde
1294 1539 1503 1605 doleat,
1521 1541 1621 1597 sed
1642 1542 1838 1613 potius

187 1629 491 1704 glorietur,
521 1628 801 1704 quoniam
831 1630 1038 1685 merito
1068 1629 1422 1686 humilitatis
1467 1647 1586 1686 suae
1634 1630 1837 1703 procul

186 1720 370 1779 dubio
399 1718 767 1777 exaltabitur.
800 1718 1061 1817 Praesens
1093 1718 1341 1817 abjectio
1369 1722 1459 1775 est
1487 1736 1682 1817 parva,
1715 1737 1837 1775 mo-
1868 1752 1915 1817 Β

185 1813 521 1878 mentanea,
534 1813 594 1866 et
621 1809 1076 1878 contemnenda;
1108 1809 1307 1864 futura
1334 1825 1467 1866 vero
1498 1809 1837 1866 sublimatio

181 1899 299 1957 erit
328 1899 605 1966 maxime,
636 1902 853 1955 aeterna
881 1903 940 1954 et
968 1897 1238 1972 gloriosa.
1271 1900 1427 1956 Dives
1454 1915 1603 1968 vero,
1623 1899 1836 1972 inquit,

182 1990 458 2061 glorietur
482 1989 541 2044 in
574 1988 886 2045 humilitate
911 2004 1032 2044 sua.
1061 1987 1255 2044 Ironia
1283 1991 1392 2044 est.
1429 1987 1604 2055 Quasi
1641 1988 1834 2045 dicat:

184 2077 337 2148 Quia
365 2077 538 2134 modo
567 2075 629 2132 in
659 2074 877 2133 divitiis
904 2074 1202 2150 gloriatur,
1228 2076 1436 2132 merito
1467 2075 1834 2133 humiliatur.

181 2166 383 2225 Gloria
410 2182 668 2240 praesens
698 2168 789 2221 est
818 2182 1014 2238 parva,
1047 2164 1238 2221 brevis
1286 2168 1341 2221 et
1385 2167 1831 2222 contemnenda.

182 2255 527 2314 Humiliatio
556 2271 691 2312 vero
712 2253 1110 2311 damnationis
1139 2255 1269 2327 ejus
1297 2253 1408 2311 erit
1435 2254 1834 2327 ingens,zeter-

184 2362 287 2414 na,
336 2349 393 2404 et
449 2344 866 2418 perhorrenda.
925 2343 1087 2411 Quod
1145 2343 1342 2400 innuit
1394 2361 1528 2400 cum
1587 2344 1832 2401 subdit:

182 2436 473 2510 Quoniam
498 2435 642 2490 sicut
666 2434 767 2504 ﬂos
809 2435 929 2506 feni
975 2435 1251 2490 trausibit.
1300 2434 1534 2490 Exortus
1580 2442 1659 2489 est
1684 2436 1831 2490 enim

176 2525 266 2584 sol
294 2541 420 2581 cum
445 2522 642 2580 ardore
669 2530 721 2580 et
748 2524 974 2595 are/‘ecit
993 2525 1205 2595 fenum,
1221 2531 1273 2580 et
1298 2523 1398 2593 ﬂos
1429 2522 1838 2592 eius/lccidit,et

175 2615 342 2673 decor
364 2614 544 2671 vultus
570 2613 689 2685 ejus
711 2613 922 2685 deperit
937 2631 956 2668 :
974 2614 1051 2668 ita
1080 2619 1131 2668 et
1148 2612 1295 2668 dives
1321 2613 1380 2667 in
1403 2612 1700 2668 itineribus
1718 2614 1835 2669 suis

173 2703 716 2762 marcescet.Fenum
749 2701 967 2774 quippe
997 2701 1287 2774 gradatim
1319 2700 1483 2767 viret,
1507 2701 1715 2757 crescit
1734 2701 1834 2758 ﬂo-

176 2797 293 2860 ret,
310 2794 452 2860 aret,
480 2789 650 2864 perit.
677 2791 772 2847 Sic
800 2794 857 2845 et
882 2790 1042 2846 dives
1071 2789 1217 2845 viret
1231 2807 1336 2862 per
1368 2789 1830 2862 prosperitatem,

177 2881 392 2940 crescit
442 2896 546 2954 per
592 2879 972 2952 temporalem
1031 2878 1462 2948 exaltationem,
1508 2878 1677 2934 ﬂoret
1730 2895 1833 2951 per

177 2969 545 3027 mundanam
596 2967 865 3043 gloriam,
898 2972 1023 3024 aret
1067 2983 1170 3040 per
1218 2970 1487 3035 mortem,
1526 2967 1676 3040 perit
1728 2983 1832 3040 per

172 3063 458 3117 aeternam
486 3057 946 3115 damnationem.
963 3057 1092 3113 Haec
1112 3060 1254 3113 sunt
1268 3056 1479 3113 itinera
1500 3056 1635 3112 vani
1657 3060 1714 3112 et
1733 3073 1828 3112 su-

172 3147 341 3223 perbi
367 3146 583 3204 divitis.
616 3147 749 3204 Flos
791 3146 909 3203 feni
954 3163 1090 3203 cum
1134 3145 1380 3220 pulcher
1419 3146 1705 3212 videatur,
1733 3162 1824 3202 res
1856 3125 1899 3191 C

171 3253 357 3312 parva
383 3241 473 3294 est
501 3240 560 3293 et
583 3235 734 3293 vilis.
769 3235 863 3293 Sic
892 3240 950 3293 et
986 3235 1171 3310 gloria
1200 3235 1425 3305 mundi,
1457 3235 1546 3291 ira
1573 3235 1675 3292 Dei
1713 3235 1824 3291 fer-

172 3328 469 3394 vescente,
501 3324 745 3393 decidit;
780 3324 888 3382 flos
918 3324 1035 3381 feni
1068 3324 1197 3381 sine
1216 3323 1412 3397 aliquo
1435 3324 1625 3380 fructu
1655 3323 1825 3397 perit,

174 3417 240 3473 et
254 3413 438 3488 gloria
458 3413 665 3471 mundi
685 3414 813 3470 sine
831 3413 1032 3487 aliqua
1051 3412 1303 3470 utilitate
1324 3412 1827 3485 pertransit.Unde

174 3502 491 3561 Psalmista
521 3519 535 3558 :
571 3502 747 3559 «Vidi
777 3502 1026 3576 impium
1048 3501 1541 3575 superexaltatum
1563 3505 1621 3557 et
1646 3501 1828 3557 eleva-

172 3595 309 3649 tum
340 3590 495 3649 sicut
521 3592 726 3649 cedros
758 3591 993 3661 Libani;
1027 3596 1084 3648 et
1130 3590 1394 3658 transivi,
1427 3595 1485 3647 et
1530 3607 1661 3648 ecce
1710 3607 1827 3647 non

173 3684 334 3750 erat;
368 3679 609 3753 quasivi
634 3697 790 3751 eum,
822 3683 881 3736 et
910 3697 1025 3736 non
1056 3684 1145 3736 est
1172 3679 1442 3736 inventus
1486 3679 1650 3736 locus
1698 3681 1827 3753 ejus

173 3770 597 3842 (Psal.xxxv).»
629 3768 1175 3842 Propterea,fratres
1206 3767 1343 3835 mei,
1375 3768 1554 3825 falsas
1575 3768 1826 3836 divitias,

172 3860 452 3927 honores,
489 3857 837 3931 voluptates,
867 3862 925 3913 et
962 3856 1235 3931 gloriolae
1261 3857 1467 3914 mundi
1497 3862 1831 3914 contemna-

176 3946 423 4017 mus,ad
455 3962 622 4003 veras
653 3945 817 4020 regni
851 3946 1131 4003 ccelorum
1155 3944 1388 4003 divitias
1407 3950 1528 4003 toto
1543 3944 1829 4003 desiderio

174 4035 654 4104 inardescamus;
690 4038 927 4108 propter
970 4033 1105 4091 illos
1152 4038 1468 4107 praesentes
1510 4034 1833 4092 tribulatio-

177 4140 309 4192 nes,
338 4128 712 4198 paupertates
745 4128 804 4180 et
831 4123 1189 4197 objectiones
1219 4123 1337 4197 pati
1371 4125 1756 4198 gaudeamus.

253 4215 493 4285 Quarto,
511 4213 877 4270 demonstrat
907 4212 1209 4286 apostolus
1236 4213 1404 4269 illum
1434 4213 1672 4270 beatum
1703 4230 1832 4269 esse

180 4302 286 4377 qui
316 4301 494 4358 habet
524 4300 888 4374 patientiam,
922 4318 1057 4358 cum
1089 4300 1292 4358 subdit
1324 4318 1339 4358 :
1371 4307 1569 4359 Beatus
1604 4304 1694 4359 vir
1735 4305 1834 4375 qui

174 4390 375 4465 suffert
400 4391 771 4456 tentationcm,
803 4392 1067 4462 quoniam
1094 4406 1219 4447 cum
1243 4392 1501 4473 probatus
1526 4394 1716 4463 fuerit,
1748 4407 1834 4447 ac-

1955 471 2045 525 ter
2071 474 2355 543 tanquam
2384 471 2626 528 verbera
2652 470 2734 543 pii
2774 471 2977 544 patris,
3000 470 3165 528 illata
3208 471 3378 529 nobis
3408 473 3497 530 vel
3527 476 3603 532 ad

1955 559 2477 633 purgationem,vel
2498 560 2570 616 ad
2601 560 3127 633 probationem,vel
3156 561 3226 617 ad
3250 561 3605 622 humilitatis

1953 649 2473 705 conservationem.
2508 650 2749 716 Quando
2776 650 2887 705 erit
2918 650 3163 707 beatus?
3189 653 3323 708 Cum
3340 654 3602 723 probatus

1949 738 2138 810 fuerit.
2154 738 2314 794 Sicut
2334 738 2490 794 enim
2514 737 3035 805 triticum,nonnisi
3056 738 3220 811 prius
3237 741 3596 813 trituratum,

1951 841 2068 880 non
2100 826 2396 898 reponitur
2424 825 2483 880 in
2518 825 2813 893 horreum,
2855 831 2912 882 et
2941 826 3093 883 sicut
3116 829 3339 898 vinum,
3364 831 3599 890 nonnisi

1949 914 2114 987 prius
2160 917 2588 987 pressuratum,
2623 932 2738 971 non
2793 916 3029 988 ponitur
3082 917 3141 972 in
3191 918 3513 990 cellarium,
3541 924 3600 978 et

1950 1003 2101 1059 sicut
2130 1020 2365 1072 aurum,
2396 1004 2631 1059 nonnisi
2661 1005 2825 1076 prius
2855 1004 3273 1075 examinatum,
3300 1025 3416 1063 non
3436 1010 3599 1081 poni-

1948 1096 2047 1148 tur
2074 1092 2135 1149 in
2164 1092 2538 1162 thesaurum;
2567 1094 2648 1149 ita
2678 1093 2888 1163 ﬁdelis,
2907 1093 3021 1150 nisi
3042 1096 3208 1167 prius
3236 1102 3520 1169 purgatus
3540 1102 3599 1154 et

1946 1182 2247 1254 probatus,
2281 1199 2396 1238 non
2425 1181 2703 1255 recipitur
2723 1183 2783 1238 in
2813 1199 3057 1256 regnum
3093 1184 3390 1242 ccelorum.
3424 1187 3599 1244 Extra

1949 1270 2163 1344 quippe
2196 1271 2562 1344 quadrantur
2592 1276 2650 1327 et
2668 1272 2972 1344 poliuntur
2997 1273 3223 1346 lapides
3243 1278 3302 1330 et
3324 1273 3512 1349 ligna;
3534 1275 3597 1333 in

1946 1359 2166 1433 templo
2191 1377 2324 1416 vero
2355 1363 2580 1416 aeternae
2610 1360 2990 1417 beatitudinis
3016 1378 3130 1419 non
3154 1364 3426 1420 audietur
3446 1364 3599 1422 soni-

1947 1453 2044 1505 tus
2093 1448 2287 1506 mallei
2337 1448 2423 1506 vel
2485 1449 2726 1506 securis.
2775 1450 2840 1506 In
2889 1468 3003 1522 quo
3042 1451 3151 1507 erit
3178 1452 3423 1509 beatus?
3453 1454 3599 1520 Quia

1946 1539 2175 1610 accipiet
2203 1554 2461 1595 coronam
2489 1539 2639 1595 vitae.
2675 1538 2917 1607 Corona,
2955 1540 3095 1611 quia
3124 1540 3356 1613 insigne
3405 1542 3598 1615 regale

1946 1630 2055 1694 est,
2071 1626 2365 1701 significat
2395 1644 2661 1700 regnum.
2697 1614 2842 1694 Quia
2875 1629 3444 1703 rotunda,signiﬁcat
3472 1614 3598 1705 per-

1951 1716 2277 1773 fectionem.
2311 1716 2457 1783 Quia
2484 1733 2617 1773 vero
2646 1717 2929 1789 principio
2954 1722 3012 1773 et
3056 1717 3172 1774 ﬁne
3201 1723 3376 1787 caret,
3411 1720 3596 1794 signi-

1946 1806 2081 1862 ﬁcat
2109 1806 2510 1862 aeternitatem.
2545 1806 2608 1862 In
2638 1806 2747 1862 hoc
2778 1805 2981 1879 igitur,
3012 1807 3221 1863 fratres
3271 1807 3405 1877 mei,
3440 1809 3594 1866 beati

1946 1894 2188 1964 erimus,
2223 1896 2379 1968 quod
2411 1912 2657 1968 regnum
2686 1899 2744 1951 et
2772 1896 3184 1968 perfectionem
3215 1901 3274 1953 et
3301 1899 3592 1956 aeternita-

1944 1987 2071 2039 tum
2101 1983 2227 2040 viles
2257 1983 2506 2041 caelestis
2545 1984 2918 2057 accipiemus.
2959 1985 3223 2058 Regnum
3256 1986 3382 2043 sine
3412 1987 3594 2060 impo-

1944 2073 2146 2141 tentia,
2170 2073 2582 2145 perfectionem
2613 2073 2739 2128 sine
2768 2072 3591 2141 insufﬁcientia,eeternitatem

1945 2160 2072 2218 sine
2091 2168 2266 2219 meta.
2283 2162 2390 2217 Per
2405 2178 2581 2234 quem
2601 2162 2809 2218 beatus
2830 2163 2980 2219 erit?
2996 2163 3118 2219 Non
3138 2167 3376 2236 prepter
3386 2165 3596 2222 merita

1944 2268 2075 2319 sua,
2110 2251 2211 2308 sed
2242 2267 2346 2323 per
2372 2250 2623 2323 gratiam
2663 2250 2871 2306 divinae
2905 2251 3396 2323 repromissionis.
3432 2252 3596 2310 Unde

1944 2340 2336 2413 subdit,quam
2361 2341 2696 2412 repromisit,
2710 2339 2768 2395 id
2798 2339 3137 2407 est,iterum
3169 2344 3226 2395 et
3253 2341 3465 2398 iterum
3495 2357 3599 2416 per

1943 2429 2277 2502 prophetas,
2297 2445 2400 2501 per
2419 2427 2713 2501 apostolos
2738 2428 3007 2501 promisit
3028 2429 3183 2485 Deus
3207 2429 3307 2502 qui
3331 2430 3596 2503 omnipo-

1940 2522 2071 2574 tens
2092 2522 2150 2574 et
2177 2535 2349 2574 verax
2371 2522 2478 2574 est.
2496 2518 2868 2587 Diligentibus
2886 2533 2944 2574 se
2976 2537 2995 2573 :
3027 2523 3091 2573 ut
3120 2518 3300 2591 igitur
3320 2535 3595 2576 coronam

1941 2623 1975 2663 a
2007 2608 2124 2664 Deo
2154 2606 2325 2663 nobis
2355 2605 2708 2679 promissam
2735 2607 3015 2679 consequi
3054 2606 3373 2677 valeamus,
3405 2608 3591 2666 Deum

1940 2700 2060 2753 toto
2089 2696 2379 2753 desiderio
2410 2695 2813 2770 diligamus,in
2846 2696 3141 2753 mandatis
3166 2698 3294 2768 ejus
3325 2696 3592 2754 obedien-

1940 2785 2258 2855 tes,omnia
2278 2786 2497 2841 caduca
2513 2788 2748 2857 propter
2763 2801 2898 2840 eum
2929 2786 3595 2855 contemnentes,omnia

1939 2875 2184 2932 adversa
2210 2873 2496 2946 patienter
2525 2866 2985 2941 sulferentes,ad'
3012 2874 3199 2947 ipsius
3229 2873 3590 2947 promissum
3646 2938 3653 2945 _

1938 2968 2061 3021 toto
2112 2962 2399 3020 desiderio
2452 2962 2825 3035 festinantes;
2857 2962 2984 3036 ipso
3031 2967 3345 3035 praestante
3391 2964 3487 3020 cui
3532 2967 3591 3021 et

1938 3053 2124 3110 honor
2152 3055 2210 3109 et
2223 3050 2408 3125 gloria
2434 3068 2538 3123 per
2561 3051 2758 3108 omnia
2773 3051 2985 3108 saecula
3004 3051 3585 3112 saeculorumAmen.

2197 3300 2373 3341 UNIUS
2413 3300 2718 3340 MARTYRIS.
2760 3300 2950 3341 SERMO
2990 3301 3061 3340 DE
3096 3301 3330 3342 JOANNE.

2009 3411 2166 3467 Dixit
2194 3411 2346 3467 Iesus
2375 3408 2660 3481 discipulis
2700 3412 2817 3466 suis
2846 3428 2863 3466 :
2895 3410 3063 3467 Amen
3110 3411 3230 3467 dico
3273 3413 3442 3479 vobis,
3472 3412 3590 3469 nisi

1935 3516 2175 3570 granum
2210 3501 2479 3571 frumenti
2507 3498 2703 3555 cadens
2736 3501 2797 3555 in
2841 3507 3045 3556 terram
3070 3508 3349 3556 mortuum
3390 3502 3582 3572 fuerit,

1937 3591 2116 3662 ipsum
2141 3589 2319 3645 solum
2346 3597 2550 3645 manet.
2583 3589 2644 3645 Si
2690 3597 2870 3646 autem
2906 3597 3181 3647 mortuum
3221 3592 3393 3662 fuerit
3434 3591 3581 3647 mul-

1936 3685 2053 3734 tum
2078 3680 2316 3750 fructum
2362 3677 2539 3749 aﬁert,
2568 3681 2676 3734 etc.
2708 3680 2885 3746 (Joan.
2918 3680 3044 3747 xu.)
3072 3680 3218 3734 Ante
3267 3678 3584 3735 adventum

1939 3766 2344 3838 Redemptoris
2365 3767 2568 3833 nostri,
2600 3768 2807 3822 fratres
2829 3766 3183 3835 eharissimi,
3210 3769 3470 3824 mundus
3491 3785 3591 3841 op—

1936 3872 2177 3928 pressus
2207 3859 2332 3911 erat
2351 3856 2609 3911 tenebris
2632 3855 2974 3928 ignorantiae
2994 3860 3049 3912 et
3080 3855 3471 3925 inﬁdelitatis;
3498 3873 3595 3914 ne-

1938 3943 2366 4001 sciebantenim
2385 3944 3237 4012 resurrectionem,nesciebant
3257 3949 3592 4002 sanctorum

1940 4033 2198 4089 futuram
2258 4032 2461 4100 vitam,
2494 4033 2835 4089 nesciebant
2892 4034 3151 4089 futuram
3210 4033 3591 4106 reproborum

1939 4121 2397 4178 damnationem.
2432 4120 2628 4178 Solam
2662 4121 3045 4194 temporalem
3076 4122 3256 4178 vitam
3288 4126 3589 4192 noverant,

1940 4214 1998 4268 et
2025 4211 2097 4266 ad
2128 4227 2256 4266 eam
2288 4210 2487 4266 omnia
2516 4210 2861 4266 referebant.
2897 4210 3134 4284 Propter
3179 4228 3308 4268 eam
3357 4228 3589 4270 conser-

1880 4308 1891 4313 ’
1940 4299 2212 4365 vandam,
2236 4298 2410 4366 furta,
2438 4297 2693 4370 rapinas,
2722 4299 2977 4367 fraudes,
2994 4300 3301 4373 sacrilegia
3330 4304 3387 4357 et
3406 4301 3592 4359 credes

1942 4387 2304 4444 exercebant.
2322 4391 2564 4459 Propter
2584 4404 2713 4443 eam
2736 4388 2796 4442 in
2823 4404 3026 4445 omnes
3046 4388 3589 4463 libidines,ﬂagitia,

175 4481 349 4553 cipiat
383 4495 641 4536 coronam
674 4480 826 4546 vitae,
855 4496 1021 4552 quam
1060 4481 1369 4552 repromisit
1414 4481 1554 4537 Deus
1594 4480 1834 4551 ditigcn-
1866 4495 1911 4560 ι)
1943 4476 2158 4534 scelera
2189 4480 2247 4532 et
2275 4476 2742 4533 abominationcs
2773 4477 3125 4533 deﬂuebant.
3169 4477 3477 4550 Propterea
3504 4494 3594 4535 ve-

180 4568 331 4625 tibus
358 4584 435 4624 se.
466 4569 727 4635 Quatuor
753 4566 891 4625 dicit
924 4585 938 4624 :
973 4569 1074 4641 qui
1114 4567 1192 4624 sit
1238 4568 1475 4625 futurus
1519 4569 1744 4637 beatus,
1778 4575 1836 4625 et

179 4656 245 4715 in
272 4674 409 4729 quo,
441 4661 498 4713 et
529 4657 788 4729 quando,
821 4661 880 4712 et
911 4673 1015 4729 per
1043 4673 1240 4729 quem.
1283 4656 1462 4724 Quis?
1495 4658 1601 4726 Qui
1643 4658 1838 4731 ,ςυῇενί

180 4747 553 4805 tentationem.
590 4744 655 4802 In
712 4761 829 4818 quo
876 4745 1358 4819 distinguendum
1416 4751 1523 4814 est,
1555 4748 1833 4819 quoniam

181 4850 293 4893 nec
317 4850 551 4891 omnem
583 4834 963 4891 tentationem
995 4834 1423 4903 suﬁ‘erens,nec
1448 4835 1695 4910 quilibet
1717 4836 1836 4892 suf-

184 4924 383 4982 ferens
412 4924 619 4980 beatus
650 4923 779 4980 erit.
812 4924 1079 4980 Tentatio
1127 4923 1362 4998 quippe,
1389 4924 1503 4981 alia
1549 4929 1639 4981 est
1686 4926 1834 4982 inte-

182 5014 326 5082 rior,
360 5029 487 5086 qua:
518 5011 586 5068 fit
613 5011 703 5068 vel
733 5029 771 5069 a
796 5012 1051 5079 diabolo,
1083 5011 1173 5069 vel
1202 5029 1238 5069 a
1264 5014 1500 5087 propria
1530 5030 1720 5071 carne.
1755 5015 1836 5071 De

184 5119 308 5178 qua
336 5102 393 5160 in
439 5102 825 5176 sequentibus
870 5101 1057 5159 dicit:
1095 5103 1470 5176 Unusquisque
1520 5111 1760 5160 tentatur
1805 5120 1840 5159 α

183 5193 627 5265 concupiscentia
671 5208 776 5247 sua
831 5191 1132 5248 abstractus
1185 5199 1238 5248 et
1294 5193 1526 5249 illectus.
1579 5193 1838 5259 Quorum

183 5280 574 5340 tentationem
605 5296 721 5337 non
753 5279 1039 5337 debemur
1069 5281 1333 5349 sufferre,
1369 5281 1470 5337 sed
1519 5281 1715 5353 potius
1744 5298 1839 5336 ex-

185 5386 474 5446 pugnare,
505 5374 563 5426 et
591 5387 627 5426 a
655 5368 826 5426 nobis
854 5367 1178 5425 excludere.
1203 5369 1331 5425 Alia
1362 5369 1629 5436 exterior,
1662 5386 1841 5442 quam

190 5458 464 5518 immittit
482 5458 758 5527 Deus,vel
790 5473 893 5532 per
911 5475 993 5528 se,
1016 5462 1084 5514 ut
1102 5458 1335 5516 morbos
1366 5462 1423 5514 et
1447 5458 1840 5524 infirmitates,

190 5547 284 5608 vel
312 5565 418 5624 per
445 5547 841 5608 ministerium
871 5547 1264 5616 malorum,ut
1292 5548 1726 5621 persecutiones
1754 5548 1847 5606 vel

1943 4567 2111 4623 niens
2136 4566 2489 4639 Redemptor
2508 4570 2705 4622 noster
2727 4565 2925 4622 docuit
2963 4566 3468 4635 resurrectionem,
3489 4567 3591 4623 do-

1941 4657 2062 4712 cuit
2079 4656 2256 4712 vitam
2280 4656 2494 4711 bonum
2511 4659 2933 4724 sanctorum,et
2944 4655 3381 4711 damnationem
3403 4672 3596 4728 repro-

1941 4745 2171 4802 borum.
2195 4744 2403 4800 Docuit
2429 4744 2608 4800 vitam
2640 4748 2987 4817 praesentem
3019 4744 3597 4813 contemnendam,et

1943 4838 2191 4890 mortem
2222 4832 2603 4906 temporalem
2626 4832 2808 4905 justis
2839 4849 2956 4888 non
2982 4832 3452 4901 timendam,imo
3472 4836 3599 4888 tan-

1945 4939 2123 4996 quam
2154 4921 2459 4979 introitum
2491 4922 2563 4977 ad
2595 4922 2856 4995 requiem
2906 4921 3316 4994 exoptandam.
3350 4922 3431 4977 De
3484 4920 3599 4978 hoc

1943 5011 2127 5084 igitur
2155 5010 2416 5083 loquitur
2446 5010 2735 5067 Dominus
2774 5011 2833 5065 in
2880 5009 3129 5067 lectione
3177 5010 3497 5084 praelibata.
3530 5010 3602 5067 Et

1946 5100 2056 5156 hoc
2087 5099 2280 5156 modo.
2300 5099 2661 5165 Primo,dicit
2683 5103 2931 5155 mortem
2952 5116 3120 5156 suam
3143 5116 3506 5173 suorumque
3526 5100 3601 5156 ad

1947 5189 2133 5246 instar
2183 5188 2351 5261 grani
2405 5188 2677 5245 seminati
2726 5204 2854 5244 esse
2899 5188 3280 5245 fructuosam.
3313 5188 3602 5257 Secundo,

1949 5277 2089 5334 dicit
2119 5278 2275 5350 quod
2308 5277 2409 5350 qui
2442 5277 2620 5334 stulte
2644 5276 2904 5334 animam
2932 5295 3101 5335 suam
3123 5283 3437 5346 amat,eam
3458 5277 3608 5332 occi-

1952 5366 2066 5437 dit;
2098 5370 2155 5422 et
2176 5366 2275 5438 qui
2294 5365 2588 5438 sapienter
2603 5383 2733 5423 eam
2765 5371 3083 5439 amat,eam
3106 5364 3604 5433 custodit.Tertio,

1956 5458 2025 5512 ad
2058 5456 2422 5527 sequendum
2456 5472 2517 5512 se
2549 5473 2655 5511 nos
2683 5452 3606 5527 exhortatur.Quarto,pra3mium

1960 5545 2280 5620 pollicetur.
2314 5544 2499 5617 Igitur
2555 5545 2745 5618 primo
2803 5558 2978 5603 suam
3035 5559 3395 5615 suorumque
3450 5555 3606 5596 mor-
