4002 6078
402 175 556 241 1531
1668 175 2051 240 ΗΑΒΗΕΡΗῘ

2166 176 2526 240 RDENTIS.
3653 177 3834 244 1532

403 330 511 371 mm
541 307 923 370 beatitudinis
971 307 1286 384 participes
1334 309 1572 368 erimus.
1605 310 1766 375 Quod
1817 309 2040 366 meritis
2071 312 2123 378 Α
2155 316 2293 368 tem.
2329 311 2498 369 Tales
2531 316 2699 370 erant
2728 309 2813 369 illi
2843 311 2960 370 duo
2999 329 3168 370 senes
3218 313 3520 370 inveterati
3569 314 3830 372 dierum

403 407 742 459 sanctorum
776 405 1098 474 martyrum
1133 419 1374 457 suorum
1407 401 1692 473 largiatur
1731 399 1900 456 nobis
1931 401 2043 455 Do-
2156 402 2573 474 malorum,qui
2607 401 2861 476 puellam
2893 407 3152 459 teneram
3185 403 3520 460 Susannam
3544 421 3834 460 corrum-

403 493 602 548 minus
633 495 831 548 noster
858 491 1031 547 Jesus
1061 490 1454 562 Christus,qui
1487 507 1619 545 cum
1655 490 1819 544 Patre
1848 494 1902 544 et
1925 489 2048 561 Spi-
2154 509 2289 563 pere
2318 491 2646 560 voluerunt,
2681 493 2782 548 sed
2813 493 2884 548 ab
2916 511 2983 548 ea
3015 492 3271 565 superati
3303 498 3440 548 sunt
3475 495 3832 566 (Da-72.xm).

402 581 518 636 ritu
549 585 751 637 sancto
780 579 922 634 vivit
950 585 1004 635 et
1037 584 1238 653 regnat
1270 581 1424 635 Deus
1455 597 1558 652 per
1589 579 1787 634 omnia
1835 577 2047 633 smcula
2156 581 2504 653 Hujusmodi
2538 599 2706 638 senes
2737 600 2850 654 prm
2883 582 3112 637 cunctis
3145 583 3416 638 zetatibus
3444 587 3608 639 tanto
3641 584 3826 640 dam-

401 668 768 726 saaculorum.
2154 671 2378 726 nabiles
2409 676 2792 744 sunt,quanto
2824 673 2880 727 in
2901 671 2984 728 eis
3019 689 3121 728 nec
3139 671 3426 744 frigiditas
3443 674 3631 729 aetatis
3647 675 3832 729 ardo~

2155 776 2276 815 rem
2306 760 2700 827 libidinis,nec
2731 761 2985 834 gravitas
2999 763 3258 834 corporis
3279 760 3571 818 levitatem
3593 762 3823 817 mentis

2155 866 2430 922 superare
2463 851 2864 921 potest.Senex
2893 867 3024 905 vero
3042 850 3252 906 diebus
3268 849 3445 906 simul
3469 856 3524 906 et
3539 852 3824 907 moribus

2155 937 2344 992 bonus
2375 942 2431 992 et
2451 937 2797 993 venerabilis
2823 938 3470 1002 est.Quiconvenienter
3491 941 3828 1012 respondet

497 865 674 905 UNIUS
714 865 1020 902 MARTYRIS.
1065 863 1253 902 SERMO
1294 865 1363 902 DE
1407 864 1571 902 LIBRO
1613 862 1943 902 SAPIENTIE.

468 944 658 997 Justus
706 938 758 992 si
802 945 1208 1008 prmocmpatus
1255 945 1426 991 morte
1471 938 1661 1008 fuerit,
1694 938 1882 990 anima
1930 935 2045 1006 ejus

402 1030 462 1084 in
490 1028 779 1100 refrigerio
808 1028 913 1081 erit
942 1025 1087 1097 (Sap.
1126 1025 1224 1095 Iv),
1259 1029 1368 1080 etc.
1405 1026 1549 1080 Cum
1583 1024 1869 1097 praecipue
1894 1022 2044 1094 justi

398 1117 697 1190 patiantur
727 1115 782 1169 in
819 1115 923 1170 hoc
955 1113 1164 1170 swcnlo
1197 1113 1625 1178 tribulationes,
1651 1113 2042 1180 infirmitates,

397 1212 456 1263 et
488 1204 940 1280 persecutiones,
976 1209 1030 1258 et
1069 1203 1413 1275 plerumque
1463 1202 1676 1276 gladio,
1710 1201 1798 1257 vel
1851 1199 2047 1273 aliqua

397 1296 512 1354 alia
545 1299 728 1350 morte
761 1294 1050 1360 festinata,
1077 1292 1202 1347 sine
1235 1297 1669 1358 testamento,et
1701 1291 1824 1346 sine
1849 1307 2044 1345 rerum

398 1384 781 1458 dispesitione
812 1381 1091 1437 tollantur
1121 1382 1192 1437 de
1223 1381 1330 1436 hoc
1362 1380 2045 1447 mundo,considerantes

397 1475 506 1531 hoc
537 1473 820 1529 mundani
852 1471 1141 1536 homines,
1162 1475 1369 1543 putant
1399 1488 1496 1526 eos
1527 1470 1615 1525 vel
1647 1488 1679 1525 a
1712 1470 1826 1524 Deo
1850 1484 2044 1540 repro-

397 1565 566 1620 batos
595 1579 742 1630 esse,
776 1561 863 1616 vel
895 1561 1079 1616 Deum
1113 1561 1410 1615 mundana
1444 1577 1557 1614 non
1592 1558 2048 1614 curare.Contra

399 1653 579 1726 igitur
607 1652 780 1707 istam
814 1651 1249 1704 mundanorum
1281 1648 1613 1721 Opinionem
1644 1647 1905 1720 loquitur
1936 1648 2042 1702 Sa-

399 1743 565 1815 piens
595 1740 651 1795 in
686 1741 794 1796 hac
821 1739 1087 1806 lectione,
1125 1739 1439 1794 ostendens
1470 1738 1580 1792 tria
1614 1755 1625 1792 :
1665 1737 1856 1792 Primo
1889 1736 2042 1808 quod

390 1831 592 1903 justus
623 1833 1144 1902 quantumcunque
1176 1832 1615 1899 praeoccupatus
1645 1825 1928 1891 videatur,
1963 1830 2044 1880 ta-

400 1937 532 1975 men
565 1919 825 1991 requiem
858 1916 1204 1989 ingreditur.
1250 1916 1536 1982 Secundo,
1575 1915 1728 1988 quod
1783 1915 1841 1969 in
1892 1915 2045 1969 bona

399 2012 695 2065 senectute
735 2007 1000 2062 moritur.
1036 2005 1254 2070 Tertio,
1289 2006 1650 2060 demonstrat
1700 2021 1876 2076 quare
1927 2020 2043 2058 non

399 2099 512 2156 cito
543 2098 613 2153 de
651 2095 871 2152 mundo
919 2094 1177 2150 tollatur.
1213 2093 1402 2149 Primo
1452 2093 1631 2166 igitur
1679 2094 2046 2148 demonstrat

399 2187 554 2260 quod
572 2187 774 2258 justus
807 2188 1351 2256 quantumcumque
1387 2187 1822 2254 prmoccupatus
1851 2181 2047 2236 videa-

400 2278 719 2344 tur,tamen
737 2273 996 2345 requiem
1015 2271 1520 2346 ingreditur.Bene
1538 2275 1731 2326 autem
1747 2271 2044 2342 dico,prae-

400 2367 720 2437 occupatus
737 2361 1024 2430 videatur,
1041 2361 1316 2434 quoniam
1343 2365 1782 2433 praeoccupatus
1805 2377 1919 2415 non
1935 2363 2042 2426 est,

401 2453 503 2512 sed
532 2451 783 2508 videtur.
828 2450 934 2516 Qui
985 2450 1139 2505 enim
1191 2467 1421 2523 semper
1471 2455 1708 2522 paratus
1755 2453 2048 2521 exspectat

401 2546 671 2610 mortem,
705 2539 1096 2614 praeoccupari
1130 2539 1243 2594 non
1278 2542 1484 2611 potest.
1506 2539 1609 2602 Qui
1643 2556 1774 2594 vero
1807 2543 2046 2610 paratus

402 2649 517 2689 non
550 2634 657 2698 est,
691 2629 798 2686 etsi
830 2645 1006 2684 senex
1047 2631 1104 2683 et
1134 2627 1463 2700 decrepitus
1512 2627 1814 2696 moriatur,
1850 2631 2044 2682 tamen

402 2722 840 2796 praeoccupatus
873 2716 1310 2773 moritur.Unde
1343 2716 1709 2773 Psalmista:«
1739 2717 1859 2771 Viri
1881 2714 2047 2788 impii

402 2827 518 2866 non
550 2807 946 2864 dimidiabunt
976 2806 1100 2862 dics
1133 2823 1272 2862 suos
1304 2807 1471 2878 (Psal.
1506 2807 1635 2878 Liv).
1674 2829 1702 2854 »
1731 2807 2045 2877 Atjustus,

402 2899 496 2956 cui
526 2902 617 2955 est
639 2895 801 2953 oneri
820 2895 938 2951 vita
955 2912 1209 2968 praesens
1227 2899 1283 2951 et
1299 2895 1714 2967 quiventuram
1734 2895 2044 2962 desiderat,

403 2993 461 3045 et
490 2987 562 3044 ad
594 2985 757 3042 illam
793 2985 930 3041 totis
960 2983 1202 3051 viribus,
1239 3002 1300 3040 se
1342 2989 1649 3057 praeparat,
1683 2984 1894 3039 similis
1944 2983 2046 3038 ho-

2156 1027 2493 1082 maturitate
2525 1027 2718 1082 cordis
2756 1026 3081 1082 maturitati
3131 1027 3411 1099 corporis,
3447 1033 3504 1083 et
3555 1029 3796 1084 candor

2155 1115 2367 1170 mentis
2415 1115 2650 1171 candori
2704 1114 2911 1181 menti,
2944 1120 3000 1170 et
3051 1116 3333 1188 gravitate
3383 1116 3565 1172 animi
3609 1125 3816 1190 gravi-

2155 1206 2257 1260 tati
2292 1205 2504 1260 carnis.
2539 1203 2709 1260 Tales
2739 1208 2906 1260 erant
2939 1203 3022 1258 illi
3053 1205 3168 1260 duo
3219 1206 3585 1262 sanctissimi
3635 1224 3812 1263 senes

2157 1294 2387 1350 Simeon
2437 1299 2493 1350 et
2540 1296 2725 1362 Anna,
2770 1293 2869 1366 qui
2921 1299 3054 1350 ante
3108 1294 3295 1350 Deum
3345 1299 3512 1350 erant
3550 1296 3708 1366 justi
3758 1301 3814 1352 et

2154 1383 2435 1452 timorati,
2471 1401 2585 1440 non
2616 1384 2952 1439 recedentes
2985 1401 3018 1438 a
3065 1383 3305 1456 templo,
3339 1384 3664 1441 servientes
3696 1385 3813 1441 Deo

2145 1473 2390 1544 jejuniis
2421 1477 2476 1528 et
2507 1473 3010 1528 obsecrationibus
3039 1473 3132 1528 die
3164 1478 3221 1529 et
3253 1479 3504 1540 nocte,et
3533 1473 3668 1530 ideo
3695 1491 3814 1530 me-

2154 1566 2398 1618 ruerunt
2428 1580 2461 1617 a
2491 1562 2711 1634 Spiritu
2760 1566 2963 1617 sancto
3013 1562 3295 1619 illustrari
3349 1567 3407 1619 et
3452 1580 3813 1636 responsum

2157 1651 2416 1724 accipere
2444 1651 2671 1706 videndi
2705 1651 3025 1719 Christum,
3060 1657 3378 1725 antequam
3413 1658 3810 1720 morerentur,

2153 1746 2208 1798 et
2238 1742 2433 1814 ipsum
2467 1741 2524 1795 in
2557 1740 2727 1795 ulnas
2758 1758 2897 1796 suas
2929 1741 3189 1814 accipere
3210 1743 3348 1797 etde
3365 1759 3430 1798 eo
3456 1743 3816 1816 prophetare

2155 1833 2302 1900 (Luc.
2337 1833 2420 1901 ιε).
2456 1831 2640 1885 Senex
2670 1846 2800 1884 vero
2834 1830 3100 1886 moribus
3132 1834 3186 1886 et
3217 1847 3334 1886 non
3380 1831 3589 1886 diebus
3643 1835 3815 1888 tanto

2154 1919 2411 1977 sanctior
2439 1924 2526 1974 est
2557 1923 2611 1974 et
2641 1918 3058 1987 admirabilior,
3093 1925 3313 1991 quanto
3345 1921 3558 1976 virtute
3588 1922 3812 1977 mentis

2154 2011 2390 2080 superat
2437 2011 2707 2062 naturam
2757 2007 2966 2074 zetatis,
3015 2007 3332 2062 observans
3391 2006 3452 2062 in
3487 2007 3810 2078 juventute

2155 2097 2576 2162 maturitatem,
2611 2095 2669 2150 in
2701 2095 2894 2150 carnis
2924 2095 3114 2152 calore
3147 2095 3501 2162 castitatem,
3523 2097 3583 2151 in
3617 2096 3813 2152 astatis

2155 2186 2385 2241 levitate
2415 2185 2778 2257 gravitatem.
2813 2183 2982 2240 Tales
3014 2201 3185 2240 senes
3215 2184 3454 2240 fuerunt
3505 2183 3716 2240 Daniel
3755 2188 3812 2240 et

2155 2275 2318 2348 pueri
2380 2275 2438 2329 in
2495 2274 2790 2328 fornacem
2849 2273 3038 2340 missi,
3096 2273 3233 2329 talis
3303 2290 3480 2329 senex
3538 2272 3649 2328 fuit
3707 2273 3807 2328 Jo-

2155 2364 2318 2436 seph,
2353 2362 2492 2418 talis
2525 2380 2700 2418 senex
2745 2363 2856 2417 luit
2903 2362 3160 2419 Joannes
3212 2363 3475 2435 Baptista
3519 2367 3577 2418 et
3621 2363 3802 2418 Joan-

2155 2471 2259 2510 nes
2315 2451 2688 2525 evangelista,
2747 2451 2881 2508 talis
2940 2469 3110 2508 senes
3170 2452 3407 2508 fuerunt
3463 2452 3808 2507 innumera-

2156 2543 2301 2599 biles
2331 2542 2606 2615 virgines,
2640 2559 2765 2614 quw
2799 2558 2914 2598 non
2947 2541 3140 2597 solum
3192 2544 3444 2609 aetatem,
3479 2543 3596 2598 imo
3627 2540 3806 2596 etiam

2157 2649 2360 2688 sexum
2393 2636 2448 2687 et
2479 2630 2756 2686 saeculum
2803 2634 2860 2686 et
2906 2631 3083 2686 etiam
3127 2630 3314 2703 ipsam
3348 2635 3596 2686 mortem
3630 2647 3807 2703 supe-

2157 2725 2448 2787 raverunt,
2504 2723 2560 2775 et
2607 2736 2710 2791 per
2757 2719 3184 2776 immanitatem
3249 2724 3674 2775 tormentorum
3732 2719 3804 2774 ad

2157 2812 2338 2866 Deum
2372 2812 2775 2882 pervenerunt.
2794 2808 2944 2864 Vera
2973 2813 3060 2864 est
3088 2808 3507 2882 igitur,fratres
3526 2807 3806 2874 mei,sen-

2156 2897 2642 2970 tentia,quoniam
2668 2901 2868 2970 justus
2901 2901 3422 2970 quantumcunque
3443 2912 3811 2968 praeoccupa-

2157 2993 2252 3044 tus
2284 2988 2790 3055 moriatur,tamen
2822 3003 2937 3042 non
2970 2985 3220 3042 moritur
3239 2985 3352 3042 nisi
3381 3002 3568 3042 canus
3597 2990 3655 3040 et
3684 3001 3806 3040 ma-

404 3076 666 3134 minibus
695 3074 1168 3148 exspectantibus
1182 3074 1485 3130 dominum
1515 3073 2047 3145 suum,quandore-
2078 3057 2121 3124 C
2159 3083 2349 3134 turus,
2383 3077 2666 3132 Canitiem
2698 3076 2880 3148 igitur
2911 3092 3141 3131 morum
3157 3079 3212 3130 et
3244 3074 3646 3130 maturitatem
3674 3073 3804 3127 vita

402 3169 662 3224 vertatur
685 3181 719 3220 a
749 3163 991 3236 nuptiis.
1025 3164 1095 3218 Et
1125 3162 1173 3218 si
1208 3163 1266 3217 in
1297 3162 1488 3234 prima
1527 3162 1614 3217 vel
1648 3163 1922 3230 secunda,
1958 3159 2045 3215 vel

405 3255 466 3311 in
495 3253 685 3322 tertia,
719 3251 808 3309 vel
840 3252 898 3307 in
931 3269 1009 3324 qu
1035 3257 1143 3307 :rta
1188 3251 1390 3323 vigilia
1435 3251 1675 3318 venerit,
1708 3253 1912 3306 beatus
1962 3253 2050 3306 est

403 3361 576 3418 quem
609 3341 885 3399 dominus
915 3341 1037 3397 suis
1069 3340 1351 3397 invenerit
1379 3339 1736 3412 vigilantem,
1769 3339 2048 3412 quoniam

405 3451 584 3506 super
641 3430 839 3487 omnia
896 3431 1049 3486 bona
1105 3447 1214 3485 sua
1267 3429 1581 3485 constituet
1648 3446 1780 3484 eum
1843 3429 2045 3500 (Matth.

402 3522 575 3591 nlv).
609 3519 754 3585 Quia
783 3519 964 3592 igitur
993 3518 1116 3574 dies
1149 3518 1403 3585 Domini,
1438 3518 1590 3574 sicut
1621 3519 1714 3573 fur
1752 3519 1810 3573 in
1861 3523 2046 3586 nocte,

403 3609 486 3666 ita
512 3609 721 3676 veniet,
755 3625 1002 3680 semper,
1037 3607 1244 3663 fratres
1284 3606 1416 3675 mei,
1448 3607 1778 3679 vigilemus,
1823 3623 2052 3678 semper

406 3699 592 3772 parati
626 3697 834 3764 simus,
855 3701 1101 3752 mortem
1135 3695 1304 3751 nobis
1337 3697 1554 3752 instare
1585 3713 1814 3768 semper
1843 3697 2053 3769 cogite-

408 3803 562 3844 mus.
595 3787 836 3858 Propter
884 3785 991 3841 hoe
1041 3784 1257 3857 quippe
1306 3783 1491 3840 voluit
1521 3785 1804 3842 Dominus
1848 3785 2052 3840 mortis

407 3879 617 3934 nostrae
653 3873 968 3931 terminum
1003 3873 1331 3932 nobisesse
1362 3873 1672 3941 incertum,
1710 3880 1773 3930 ut
1823 3891 2053 3946 semper

408 3969 658 4022 mortem
689 3963 858 4036 quasi
893 3962 1759 4035 praesentemtimeremus,etad
1783 3981 1908 4018 eam
1929 3979 2054 4017 sus-

409 4052 741 4128 cipiendam
782 4068 1266 4125 praepararemur.
1302 4051 1589 4118 Secundo,
1623 4051 2056 4108 demonstratur

411 4143 567 4216 quod
592 4142 796 4214 justus
827 4145 1357 4214 quantumcunque
1388 4139 1460 4196 sit
1493 4145 1676 4196 morte
1698 4132 2058 4214 praeoccupa-

410 4236 529 4301 tus,
563 4235 762 4287 tamen
795 4231 853 4285 in
885 4231 1040 4285 bona
1070 4234 1366 4285 senectute
1398 4229 1660 4294 moritur,
1683 4247 1816 4285 cum
1849 4231 2056 4286 subdi-

409 4325 509 4377 tur
542 4337 555 4375 :
588 4319 844 4376 Senectus
881 4321 1030 4374 enim
1075 4319 1405 4374 venerabilis
1443 4326 1557 4386 est;
1603 4335 1714 4374 non
1771 4319 2054 4386 diuturna,

2155 3168 2369 3223 habere
2415 3171 2773 3239 satagamus,
2818 3163 3028 3220 fratres
3079 3165 3214 3233 mei,
3266 3180 3445 3236 quam
3496 3163 3800 3218 habentes.

2157 3261 2404 3312 mortem
2437 3255 2624 3312 securi
2655 3253 3331 3326 exspectamuszpraaveni
3343 3252 3388 3308 ri
3417 3270 3449 3307 a
3481 3256 3668 3308 morte
3687 3267 3804 3307 non

2157 3361 2616 3418 possumus;non
2637 3344 2694 3398 in
2717 3342 3089 3411 dimidio,sed
3110 3343 3166 3397 in
3194 3341 3559 3416 plenitudine
3575 3340 3802 3397 dierum

2158 3435 2228 3489 de
2260 3433 2478 3488 mundo
2511 3433 2581 3487 ad
2615 3431 2825 3488 cmlum
2858 3431 3374 3504 transmigramus.

2231 3523 2444 3587 Tertio,
2475 3523 2912 3577 demonstratur
2943 3537 3122 3592 quare
3143 3519 3292 3591 justi
3323 3519 3439 3575 cito
3469 3519 3542 3574 de
3583 3517 3802 3573 mundo

2157 3612 2774 3668 tolluntur.Ponuntur
2803 3613 2997 3665 autem
3031 3609 3123 3664 hic
3158 3608 3420 3681 quinque
3449 3604 3812 3664 causaezPri-

2161 3719 2257 3756 ma
2286 3704 2392 3768 est,
2418 3699 2694 3772 quoniam
2727 3699 2852 3754 ideo
2885 3698 2998 3754 cito
3032 3697 3102 3753 de
3134 3697 3356 3752 mundo
3385 3695 3636 3762 tollitur,
3670 3711 3810 3767 quo-

2161 3790 2318 3845 niam
2352 3789 2505 3843 Deus
2537 3787 2730 3860 diligit
2759 3789 2979 3853 eum,et
3008 3785 3131 3840 vult
3160 3802 3294 3840 eum
3327 3783 3440 3839 cito
3473 3783 3532 3837 in
3565 3782 3814 3838 beatitu-

2161 3879 2296 3934 dine
2319 3895 2428 3933 sua
2457 3876 2670 3931 habere
2703 3891 2924 3931 secum.
2961 3874 3121 3930 Hanc
3153 3889 3394 3930 causam
3429 3870 3647 3937 innuit,
3681 3885 3816 3925 cum

2161 3967 2406 4024 subdit:
2438 3966 2668 4020 Placcus
2725 3969 2832 4020 Deo
2870 3965 3049 4034 factus
3099 3963 3347 4019 dilectus.
3381 3963 3461 4016 Ac
3509 3959 3558 4015 si
3609 3960 3770 4015 dicat
3801 3975 3815 4013 :

2161 4055 2309 4119 Quia
2338 4053 2634 4126 placuerat
2663 4053 2777 4108 Deo
2811 4051 3189 4108 immaculata
3216 4051 3353 4117 vita,
3368 4049 3496 4106 ideo
3518 4047 3812 4104 vultDeus

2161 4148 2228 4199 ut
2258 4144 2358 4198 ﬁat
2389 4141 2440 4198 ei
2471 4141 2718 4196 dilectus
2750 4145 2807 4196 et
2839 4139 3144 4196 familiaris
3165 4141 3224 4195 in
3248 4140 3418 4196 beata
3444 4137 3818 4193 vita.Secun-

2164 4233 2238 4288 da
2269 4231 2661 4304 est,quoniam
2681 4231 2882 4302 justus
2915 4230 3040 4286 ideo
3073 4229 3187 4285 cito
3217 4230 3288 4284 de
3321 4227 3541 4282 mundo
3560 4225 3813 4290 tollitur,

2165 4321 2444 4394 quoniam
2477 4336 2542 4375 eo
2575 4318 2791 4392 dignus
2823 4335 2938 4373 non
2987 4321 3111 4373 erat
3161 4317 3440 4372 mundus.
3475 4314 3640 4370 Hanc
3680 4329 3818 4368 cau-

410 4410 470 4465 id
502 4407 1166 4479 estnondierumneque
1195 4423 1739 4463 numeroannorum
1763 4413 2056 4480 computa-
2088 4429 2134 4494 D
2167 4427 2293 4466 sam
2353 4409 2535 4482 ponit,
2589 4425 2723 4464 cum
2773 4407 2974 4463 subdit
3015 4424 3027 4461 :
3084 4407 3274 4463 Vivens
3325 4409 3468 4462 inter
3514 4411 3820 4476 peccatores

412 4506 492 4556 ta.
526 4500 665 4556 Cani
693 4500 842 4554 enim
870 4506 999 4553 sunt
1025 4514 1215 4553 sensus
1243 4498 1502 4566 hominis,
1537 4497 1594 4551 id
1625 4502 1732 4564 est,
1775 4498 2059 4571 sapientia

413 4593 502 4645 est
532 4588 686 4643 bona
715 4587 963 4643 canities
984 4584 1470 4653 hominis,etaetas
1498 4589 1785 4642 senectutis
1817 4590 1926 4642 vita
1956 4590 2059 4642 im-

411 4678 714 4742 maculata,
749 4675 808 4734 id
839 4681 947 4744 est,
980 4675 1135 4732 bona
1162 4674 1279 4730 vita
1309 4679 1397 4730 cst
1428 4675 1580 4730 bona
1610 4681 1898 4732 senectus.
1926 4677 2060 4732 Duae

411 4770 738 4824 senectutes
770 4764 938 4822 nobis
967 4765 1464 4834 demonstrantur,
1499 4781 1616 4820 una
1643 4782 1955 4832 annorum,
1975 4765 2064 4821 al-

414 4862 539 4912 tera
569 4872 824 4911 morum.
858 4853 1052 4909 Prima
1081 4853 1206 4910 sine
1240 4854 1498 4908 secunda
1529 4859 1619 4908 est
1651 4855 1925 4926 pessima.
1954 4855 2069 4910 Pri-

417 4961 516 5000 ma
545 4943 721 4998 simul
748 4948 804 4998 et
835 4943 1112 5008 secunda,
1145 4943 1318 4998 bona.
1355 4941 1628 4998 Secunda
1676 4943 1803 4999 sine
1855 4944 2064 5015 prima,

420 5031 664 5104 Optima.
700 5031 885 5086 Senex
915 5031 1071 5086 enim
1104 5030 1311 5086 diebus
1342 5035 1398 5086 et
1418 5047 1530 5086 non
1558 5031 1821 5087 moribus
1852 5033 2068 5088 abomi-

419 5117 635 5176 nabilis
665 5123 776 5174 est.
803 5118 1100 5190 Scriptum
1132 5123 1223 5174 est
1252 5119 1443 5175 enim:
1473 5142 1498 5169 ‹‹
1531 5119 1678 5174 Puer
1709 5124 1939 5176 centum
1972 5139 2070 5178 an-

421 5223 629 5264 norum
665 5205 1010 5262 maledictus
1041 5207 1148 5263 erit
1178 5209 1305 5280 (lsa.
1338 5209 1484 5279 va).
1522 5231 1549 5258 »
1581 5208 1712 5272 Quae
1755 5211 1911 5266 enim
1945 5229 2067 5267 ma-

410 5298 510 5370 jor
541 5295 896 5352 abominatio
921 5313 1096 5368 quam
1129 5313 1433 5352 canescere
1467 5313 1706 5368 corpore
1729 5303 1780 5353 et
1807 5317 1920 5354 non
1945 5317 2066 5356 cor-

420 5387 529 5452 de;
564 5387 780 5449 mento,
814 5388 871 5440 et
900 5403 1013 5441 non
1047 5389 1275 5453 mente;
1309 5401 1486 5455 quam
1539 5390 1768 5458 gestare
1811 5389 2068 5446 exterius

421 5489 703 5546 rugosum
737 5490 954 5543 senem,
979 5491 1158 5548 quam
1189 5471 1437 5530 interius
1462 5475 1740 5546 juvenem
1771 5476 2070 5535 lascivien-

2169 4499 2472 4556 translatus
2504 4505 2597 4554 est.
2627 4498 2707 4552 Ac
2733 4496 2781 4553 si
2812 4500 3011 4569 aperte
3041 4495 3231 4551 dicat:
3266 4493 3412 4559 Quia
3441 4497 3647 4548 sancte
3678 4489 3823 4545 vive-

2170 4589 2270 4644 bat
2300 4588 2451 4642 inter
2480 4590 2946 4658 peccatores,nec
2969 4590 3163 4640 tamen
3189 4587 3522 4656 peccatores
3541 4580 3614 4636 ad
3639 4595 3824 4635 exem-

2175 4677 2338 4750 plum
2370 4680 2428 4732 et
2457 4673 2782 4731 doctrinam
2817 4675 2944 4745 ejus
2975 4673 3437 4746 corrigebantur,
3458 4671 3585 4726 ideo
3621 4667 3823 4724 merito

2175 4764 2433 4838 indignis
2463 4763 2830 4820 subtrahitur
2859 4764 2929 4818 ad
2962 4764 3090 4835 ejus
3120 4761 3453 4836 gloriam,et
3482 4759 3556 4815 ad
3587 4757 3822 4814 illorum

2177 4854 2600 4911 confusionem.
2633 4852 2716 4908 Ad
2758 4853 2886 4924 ejus
2937 4853 3153 4926 quippe
3201 4850 3450 4924 gloriam
3501 4847 3636 4915 fuit,
3669 4845 3822 4918 quod

2174 4943 2325 4998 inter
2355 4945 2684 5015 peccatores
2718 4943 2862 4998 bene
2890 4941 3184 4996 vixit.Non
3214 4937 3370 4994 enim
3394 4936 3580 5012 gloria
3610 4950 3824 5008 magna

2177 5033 2327 5087 inter
2357 5035 2592 5086 sanctos
2625 5035 2823 5086 sancte
2864 5030 3099 5096 vixisse,
3135 5029 3237 5084 sed
3285 5028 3440 5083 inter
3491 5028 3822 5097 peccatores

2177 5124 2374 5178 sancte
2402 5118 2612 5175 vixisse
2649 5119 2816 5174 valde
2863 5119 3157 5175 laudabile
3205 5121 3312 5173 est.
3347 5116 3497 5171 Hinc
3548 5113 3825 5169 laudatur

2176 5211 2284 5267 Job
2316 5225 2450 5264 cum
2479 5207 2730 5262 dicitur:
2765 5230 2791 5257 u
2826 5209 2961 5264 Erat
2991 5207 3078 5262 vir
3108 5207 3167 5262 in
3211 5209 3366 5261 terra
3414 5203 3560 5272 Hus,
3593 5199 3824 5256 nomine

2176 5299 2308 5367 Job,
2341 5295 2590 5369 simplex
2615 5301 2672 5352 et
2700 5300 2891 5352 rectus
2925 5297 3037 5368 (Job
3071 5297 3131 5366 ι).
3161 5318 3187 5344 ››
3219 5294 3365 5350 Hinc
3396 5296 3454 5349 et
3483 5292 3546 5347 in
3565 5288 3814 5346 Canticis

2179 5387 2538 5445 canticorum
2573 5386 2823 5441 dicitur:
2865 5409 2884 5435 ιι
2922 5386 3084 5442 Sicut
3111 5383 3301 5440 lilium
3335 5382 3489 5439 inter
3515 5377 3820 5454 spinas,sic

2180 5477 2368 5535 amica
2395 5492 2525 5532 mea
2557 5475 2708 5531 inter
2737 5473 2889 5532 ﬁlias
2922 5475 3096 5548 (Cant.
3132 5474 3212 5543 ll).
3249 5495 3276 5523 »
3309 5472 3394 5529 Ad
3427 5469 3822 5528 confusionem
