4008 6072
172 252 355 331 1832

1338 251 1713 316 HOMILIIE.
1747 286 1824 299 -—
1859 251 1938 314 II.
1982 252 2087 316 DE
2133 250 2482 318 SANCTIS.

3425 252 3603 320 1534

195 405 399 447 eorum
432 391 521 446 est
545 387 645 463 qui
676 405 781 446 nec
812 388 884 445 ad
915 386 1388 462 exemplum,nec
1419 389 1489 443 ad
1522 387 1844 446 doctrinam
1878 393 1925 458 Α
1957 397 2007 445 et
2054 396 2314 461 sequatur
2357 405 2444 446 me
2489 388 2693 464 (Matth.
2726 388 2863 462 xv1),
2893 391 3004 447 etc.
3037 386 3470 463 Quadripartita
3514 394 3604 448 est

195 480 324 552 ejus
349 484 693 551 praesentem
718 479 1014 534 emendari
1034 478 1372 547 voluerunt;
1394 495 1494 534 nec
1510 477 1841 535 festinatam

197 568 381 625 sancti
407 568 477 623 de
498 568 650 623 inter
670 584 766 624 eos
788 568 1421 633 subtractionem,iram
1441 568 1539 623 Dei
1563 586 1691 624 esse
1713 585 1844 624 con-

194 661 288 713 tra
316 656 447 713 illos
477 655 903 713 intellexerunt.
941 656 1081 712 llinc
1123 657 1337 713 etenim
1388 657 1669 728 scriptum
1709 661 1837 712 est:

197 766 227 797 ‹‹
258 747 402 802 Ecce
432 746 723 819 quomodo
755 746 1257 817 moriturjustus;
1291 750 1346 801 et
1371 763 1541 801 nemo
1595 746 1841 818 percipit

195 835 387 901 corde,
420 839 479 890 et
505 834 612 890 viri
635 834 781 907 justi
826 834 1133 901 tolluntur,
1162 840 1219 890 et
1268 852 1436 891 nemo
1488 834 1837 892 considerat.

190 924 240 979 A
270 924 413 979 facie
440 923 767 997 iniquitatis
800 923 1030 980 ablatus
1061 929 1149 980 est
1169 925 1455 995 justus,et
1473 924 1583 980 erit
1611 925 1669 980 in
1702 942 1840 996 pace

195 1013 479 1069 memoria
507 1014 635 1085 ejus
667 1014 797 1085 (Isa.
828 1014 981 1083 LVII.)
1015 1036 1042 1063 »
1081 1015 1233 1069 Hanc
1262 1014 1409 1069 iram
1452 1014 1571 1081 Dei,
1607 1015 1837 1082 fratres,

194 1102 448 1158 multum
480 1103 794 1158 formidare
823 1102 1137 1171 debemus;
1171 1103 1406 1176 quando
1434 1102 1703 1160 videmus
1733 1104 1839 1160 ali-

194 1209 370 1264 quem
400 1195 669 1248 sanctum
701 1193 773 1247 de
803 1192 993 1247 medio
1016 1195 1282 1247 nostrum
1306 1192 1667 1260 subtrahi,ne
1687 1193 1841 1249 vide-

194 1281 330 1337 licet
350 1281 517 1337 nobis
539 1281 667 1337 ideo
690 1280 1234 1353 subtrahatur,quia
1252 1282 1379 1353 ejus
1402 1285 1837 1339 contemnentes

194 1369 543 1436 doctrinam,
575 1387 640 1426 eo
670 1370 831 1443 digni
863 1387 977 1426 non
1010 1386 1265 1425 eramus.
1299 1369 1493 1426 Tertia
1519 1388 1696 1427 causa
1726 1375 1835 1436 est,

194 1460 473 1533 quoniam
505 1458 819 1531 aliquando
840 1460 1042 1530 justus
1072 1459 1186 1514 cito
1217 1460 1289 1514 de
1339 1460 1557 1515 mundo
1607 1461 1835 1516 subtra-

193 1549 453 1619 hitur,ne
474 1548 534 1603 in
556 1552 677 1604 tam
699 1547 924 1603 lubrica
955 1548 1133 1620 hujus
1165 1549 1371 1604 mundi
1403 1550 1493 1604 via
1526 1549 1838 1623 aliquando

192 1638 443 1695 labatur.
476 1642 636 1693 Hanc
665 1654 902 1693 causam
932 1638 1096 1709 ponit
1126 1655 1260 1693 cum
1282 1638 1479 1694 subdit
1504 1656 1515 1693 :
1542 1641 1742 1711 Raptus
1762 1649 1840 1696 est

1954 475 2121 533 lcclio
2151 479 2280 546 ista,
2313 478 2518 535 fratres
2556 480 2689 535 mei.
2727 479 2914 536 Primo
2964 478 3120 536 enim
3171 479 3457 537 Dominus
3507 497 3602 537 os-

1952 567 2138 622 tendit
2169 568 2308 639 quid
2343 568 2527 624 facere
2576 569 2916 636 debeamus,
2951 569 3001 624 si
3033 569 3167 624 eum
3221 569 3388 642 sequi
3432 569 3601 626 volu-

1952 673 2105 712 mus.
2137 656 2421 727 Secundo,
2458 658 2819 713 demonstrat
2868 675 3046 730 quare
3091 658 3320 714 animas
3370 662 3602 715 nostras

1950 749 2007 800 et
2054 747 2252 801 omnia
2298 746 2645 818 temporalia
2696 763 2802 818 pro
2860 764 2926 801 eo
2986 764 3199 818 ponere
3258 748 3598 806 debeamus.

1950 834 2165 901 Tertio,
2198 835 2457 889 minatur
2487 834 2639 907 quod
2674 834 2797 906 ipse
2830 834 3133 890 erubescet
3164 835 3223 889 in
3274 834 3470 891 futuro
3503 852 3600 892 eos

1950 923 2050 995 qui
2109 940 2242 978 eum
2301 923 2464 996 sequi
2529 924 2701 979 modo
2759 923 3133 979 erubescunt.
3167 924 3402 992 Quarto,
3460 924 3599 981 dicit

1950 1013 2240 1085 quosdam
2291 1011 2713 1085 discipulorum
2762 1017 2896 1067 ante
2946 1016 3194 1068 mortem
3242 1014 3597 1086 promissum

1950 1101 2051 1157 Dei
2085 1118 2331 1175 regnum
2364 1118 2491 1157 esse
2520 1101 2770 1157 visuros.
2804 1100 2999 1156 Primo
3031 1100 3212 1174 igitur
3240 1100 3380 1173 quid
3413 1101 3597 1158 facere

1949 1191 2287 1259 debeamus,
2324 1191 2373 1247 si
2416 1208 2551 1247 eum
2612 1190 2777 1263 sequi
2830 1190 3121 1261 volumus,
3158 1191 3415 1247 ostendit
3466 1208 3600 1248 cum

1948 1280 2088 1335 dicit
2121 1298 2134 1335 :
2167 1281 2231 1336 Si
2258 1283 2379 1352 quis
2409 1281 2527 1336 vult
2548 1288 2669 1352 post
2710 1296 2796 1336 me
2844 1281 3049 1346 venire,
3082 1282 3312 1350 abneget
3350 1284 3603 1355 semetip-

1945 1387 2088 1436 sum,
2120 1378 2171 1425 et
2198 1371 2352 1425 tollat
2377 1386 2595 1425 crucem
2621 1386 2781 1425 suam
2811 1369 3075 1443 quotidie,
3109 1378 3160 1425 et
3186 1378 3449 1443 sequatur
3494 1387 3598 1428 me.

1948 1458 2083 1515 Tria
2113 1458 2255 1514 dicit
2289 1476 2300 1515 :
2334 1459 2568 1532 Abneget
2593 1461 2961 1531 semetipsum,
2995 1459 3156 1515 tollat
3179 1476 3394 1517 crucem
3422 1477 3601 1528 suam,

1945 1557 2209 1623 sequatur
2256 1566 2361 1604 me.
2396 1550 2459 1604 In
2508 1549 2724 1621 quibus
2772 1553 2829 1604 et
2877 1566 3160 1605 numerus
3205 1553 3261 1606 et
3308 1551 3449 1606 ordo
3500 1567 3601 1609 ne-

1947 1638 2239 1694 cessarius
2267 1642 2377 1693 est.
2410 1638 2607 1710 Neque
2639 1636 2795 1694 enim
2830 1638 3087 1709 primum
3119 1639 3340 1712 absque
3374 1641 3604 1698 duobus

192 1744 262 1784 ne
287 1728 505 1783 malitia
533 1735 775 1783 mutaret
802 1728 1136 1783 intellectum
1167 1729 1338 1793 illius,
1372 1735 1469 1783 aut
1509 1730 1655 1799 ﬁctio
1694 1729 1835 1785 deci-
1872 1763 1920 1828 Β
1948 1727 2353 1800 sequentibus,
2387 1743 2576 1799 neque
2608 1728 2724 1783 duo
2755 1727 2947 1799 prima
2990 1727 3215 1801 absque
3260 1728 3429 1786 tertio
3481 1730 3602 1787 suf-

187 1825 341 1891 peret
365 1819 612 1873 animam
653 1818 824 1883 illius,
859 1817 916 1872 id
948 1820 1037 1873 est
1065 1833 1135 1872 ne
1182 1817 1406 1872 malitia
1452 1834 1655 1873 eorum
1710 1836 1839 1874 cum

194 1907 410 1980 quibus
434 1906 906 1971 conversabatur,
940 1904 1026 1961 vel
1058 1904 1210 1961 malo
1243 1906 1526 1978 exemplo,
1560 1908 1646 1962 vel
1690 1907 1845 1963 mala

192 1995 475 2063 doctrina,
507 1995 594 2051 vel
624 1994 872 2067 graviori
923 1994 1342 2067 persecutione,
1379 1999 1634 2053 mutaret
1671 1995 1842 2052 intel-

190 2086 406 2142 lectum
439 2084 598 2140 illius
630 2085 699 2140 de
730 2085 882 2141 bono
914 2084 985 2139 ad
1028 2083 1271 2152 malum,
1306 2090 1407 2140 aut
1454 2087 1633 2153 fictio,
1664 2086 1723 2142 id
1756 2091 1845 2143 est

192 2175 437 2231 tentatio
495 2173 744 2241 occulta,
769 2173 857 2229 vel
903 2174 1094 2229 carnis
1138 2173 1227 2229 vel
1277 2173 1514 2242 diaboli,
1553 2175 1845 2249 deciperet

194 2265 454 2320 animam
511 2262 693 2330 illius,
727 2262 880 2319 sicut
937 2262 1229 2335 plerisque
1290 2264 1585 2321 multoties
1633 2266 1840 2323 evenit.

193 2354 410 2419 Quarta
429 2369 607 2409 causa
626 2352 1020 2424 est,quoniam
1044 2352 1170 2408 ideo
1194 2352 1395 2422 justus
1428 2353 1541 2409 cito
1573 2355 1643 2409 de
1676 2373 1841 2410 mun-

140 2440 147 2449 “
193 2443 267 2500 do
297 2441 540 2508 tollitur,
575 2441 853 2514 quoniam
884 2441 942 2496 in
967 2440 1191 2496 meritis
1221 2445 1344 2497 erat
1371 2448 1838 2501 consummatus.

192 2533 353 2589 Hanc
382 2548 620 2588 causam
668 2530 832 2604 ponit
879 2548 1012 2586 cum
1054 2530 1255 2586 subdit
1287 2547 1300 2586 :
1335 2535 1752 2589 Consummatus
1782 2536 1841 2589 in

193 2621 348 2678 brevi
374 2618 620 2692 explevit
649 2627 889 2691 tempora
938 2619 1133 2675 multa.
1165 2621 1245 2674 Ac
1294 2620 1341 2675 si
1391 2625 1586 2693 aperte
1635 2622 1793 2677 dicat
1826 2640 1838 2677 :

197 2710 474 2777 Quamvis
500 2709 658 2767 brevi
689 2715 949 2783 tempore
977 2709 1201 2777 vixerit,
1237 2713 1433 2766 tamen
1482 2709 1690 2782 plenus
1723 2712 1841 2767 die-

190 2817 322 2856 rum
355 2803 413 2854 et
442 2803 886 2855 consummatus
916 2798 1257 2853 meritorum
1292 2802 1559 2854 mortuus
1582 2804 1842 2872 est,quo-

189 2888 350 2945 niam
380 2887 479 2943 illa
509 2905 637 2961 quae
670 2887 767 2943 alii
810 2904 912 2959 per
956 2887 1131 2959 longa
1179 2890 1447 2959 tempora
1497 2892 1843 2961 comparant

190 2977 422 3046 merita,
456 2976 565 3033 iste
596 2976 753 3032 brevi
802 2980 1063 3048 tempore
1115 2976 1491 3047 comparavit.
1524 2978 1594 3032 Et
1625 2996 1838 3045 nonne,

188 3067 400 3124 fratres
457 3067 593 3132 mei,
628 3065 863 3138 probior
916 3069 973 3119 et
1033 3064 1252 3120 felicior
1308 3065 1536 3121 videtur
1590 3066 1686 3123 ille
1739 3068 1837 3140 qui

1952 1817 2121 1872 ﬁcere
2151 1820 2420 1890 possunt.
2456 1815 2651 1871 Primo
2700 1816 2880 1890 igitur
2927 1817 3190 1890 praecipit
3238 1822 3304 1874 ut
3346 1820 3603 1895 abnege-

1952 1923 2085 1961 mus
2140 1905 2555 1978 nosmetipsos.
2591 1906 2742 1962 Sunt
2791 1910 3008 1975 autem,
3051 1907 3260 1963 fratres
3312 1909 3449 1977 mei,
3484 1914 3603 1967 tres

1952 1997 2175 2068 species
2228 1995 2707 2068 abnegationum.
2750 1995 3056 2069 Abnegare
3103 1996 3386 2069 seipsum,
3422 1999 3603 2056 abne-

1951 2101 2086 2157 gare
2120 2102 2211 2140 res
2244 2084 2532 2157 proprias,
2565 2084 2855 2157 abnegare
2886 2085 3183 2158 propriam
3220 2085 3599 2159 voluntatem,

1952 2178 2007 2230 et
2035 2174 2325 2246 abnegare
2349 2173 2589 2245 quidem
2622 2172 2906 2245 seipsum,
2934 2173 2992 2228 id
3025 2177 3114 2230 est
3163 2177 3398 2247 propria
3442 2177 3601 2247 vitia,

1951 2262 2105 2335 quod
2137 2262 2229 2317 hic
2261 2262 2617 2335 praecipitur,
2652 2266 2885 2318 tenetur
2931 2263 3123 2319 omnis
3171 2263 3369 2334 homo,
3404 2271 3471 2322 ut
3500 2268 3604 2324 ab-

1951 2368 2233 2424 negemus
2292 2368 2408 2406 nou
2468 2356 2760 2417 naturam,
2790 2351 2890 2407 sed
2949 2350 3154 2408 vitium
3188 2368 3201 2407 :
3237 2370 3352 2409 non
3384 2357 3541 2428 quod
3571 2373 3606 2413 a

1950 2440 2067 2496 Deo
2117 2441 2251 2496 facti
2302 2458 2529 2508 sumus,
2564 2440 2665 2496 sed
2717 2438 2920 2512 quales
2971 2457 3078 2496 nos
3129 2444 3419 2514 peccando
3468 2444 3605 2501 feci-

1952 2547 2105 2585 mus.
2141 2530 2437 2602 Scriptum
2478 2534 2568 2585 est
2621 2529 2777 2585 enim
2809 2547 2821 2584 :
2853 2552 2879 2579 ‹‹
2915 2529 3086 2586 Verte
3137 2530 3371 2605 impios,
3403 2537 3604 2591 etnon

1950 2623 2121 2674 erunt
2152 2621 2333 2692 (Prov.
2368 2620 2528 2689 1:11).»
2562 2618 2620 2673 id
2651 2621 2758 2687 est,
2792 2624 3063 2675 converte
3091 2637 3190 2677 eos
3213 2623 3284 2678 de
3306 2622 3605 2696 impietate

1950 2709 2021 2763 ad
2056 2708 2413 2785 pietatem,et
2433 2708 2559 2778 jam
2591 2723 2708 2762 non
2740 2711 2913 2763 erunt
2943 2708 3250 2782 impii,sed
3282 2712 3477 2784 potius
3500 2713 3601 2787 pii.

1949 2796 2004 2852 Si
2037 2797 2169 2869 quis
2200 2796 2420 2852 vixerat
2451 2800 2507 2851 et
2540 2796 2727 2851 fuerat
2757 2796 3113 2869 luxuriosus,
3150 2806 3520 2859 convertatur
3549 2807 3607 2861 et

1949 2885 2238 2941 luxuriam
2273 2886 2784 2958 deserat,abnegat
2812 2885 3018 2958 utique
3051 2889 3201 2960 quod
3236 2890 3365 2947 fuit.
3382 2892 3440 2947 Si
3472 2892 3605 2965 quis

1947 2975 2166 3030 vixerat
2196 2990 2563 3041 avarus,esse
2594 2991 2804 3031 avarus
2835 2974 3085 3045 desinat,
3119 2978 3371 3051 abnegat
3401 2981 3605 3053 utique

1950 3064 2103 3136 quod
2157 3063 2284 3118 fuit.
2321 3063 2468 3118 Hinc
2514 3063 2731 3120 Paulus
2762 3068 3079 3136 postquam
3114 3065 3519 3125 inﬁdelitatem
3551 3072 3607 3126 et

188 3156 249 3212 in
282 3156 440 3212 brevi
488 3136 674 3210 multa
722 3153 963 3226 perfecit
1011 3170 1189 3225 quam
1250 3152 1346 3209 ille
1407 3154 1509 3226 qui
1566 3157 1678 3211 nisi
1736 3136 1839 3229 per
1869 3136 1912 3202 (ἶ
1949 3151 2353 3208 crudelitatem
2385 3153 2663 3221 deseruit,
2689 3169 2751 3208 se
2780 3170 2894 3209 non
2922 3153 3111 3210 vivere
3144 3154 3336 3228 qualis
3365 3161 3500 3214 ante
3528 3158 3608 3214 vi-

192 3244 382 3301 multa
439 3249 705 3317 tempora
751 3243 852 3299 illa
898 3243 1171 3314 perficere
1219 3260 1333 3297 non
1378 3244 1609 3314 potuit?
1639 3246 1840 3302 Nonne

193 3334 421 3391 felicius
453 3337 539 3389 est
569 3333 681 3387 cito
733 3350 909 3404 quam
961 3332 1123 3389 tarde
1183 3332 1254 3386 ad
1314 3332 1579 3388 bravium
1638 3353 1839 3407 perve-

195 3422 363 3479 nire?
392 3423 607 3479 Ptacitu
653 3424 822 3489 enim,
857 3420 1067 3492 inquit,
1100 3430 1219 3476 erat
1268 3423 1370 3477 Deo
1420 3425 1609 3478 anima
1660 3425 1835 3479 illius.

189 3513 259 3567 Et
290 3516 597 3584 propterea
626 3511 785 3565 dedit
814 3514 870 3565 et
917 3511 973 3564 in
1026 3509 1182 3564 brevi
1231 3511 1525 3582 perficere,
1556 3530 1681 3584 quae
1729 3531 1837 3567 ea:-

186 3600 295 3656 teri
342 3617 457 3655 non
510 3599 733 3655 faciunt
775 3599 885 3654 nisi
938 3599 994 3671 in
1053 3598 1226 3671 longo
1284 3603 1563 3673 tempore.
1598 3606 1838 3674 Propter

187 3687 320 3753 hoc,
352 3687 410 3743 id
442 3691 531 3744 est
562 3690 796 3760 propter
818 3687 971 3743 hanc
1001 3692 1057 3743 et
1086 3691 1321 3761 propter
1348 3689 1655 3760 prmdictas
1699 3709 1836 3747 cau-

186 3793 303 3844 sas,
337 3775 666 3848 properavit
722 3777 965 3832 educere
1012 3793 1145 3832 eum
1195 3777 1266 3832 de
1316 3778 1506 3834 medio
1563 3779 1837 3852 iniquita-

185 3870 334 3921 tum.
369 3864 584 3933 Quinta
612 3882 744 3921 vero
777 3882 956 3921 causa
985 3868 1073 3920 est
1102 3865 1376 3937 quoniam
1412 3867 1541 3922 ideo
1573 3867 1836 3941 aliquan-

184 3954 259 4010 do
282 3955 516 4026 justum
548 3954 835 4011 Dominus
864 3954 975 4009 cito
996 3954 1066 4009 de
1090 3955 1309 4010 mundo
1332 3955 1613 4021 aufert,ut
1634 3962 1835 4029 parcat

183 4043 486 4100 laboribus
515 4044 663 4115 ejus.
702 4044 856 4098 Hanc
887 4059 1126 4098 causam
1160 4042 1371 4107 innuit,
1406 4061 1538 4099 cum
1580 4046 1783 4102 subdit
1816 4064 1828 4101 :

187 4132 324 4201 Quia
366 4134 551 4203 gratia
606 4132 705 4187 Dei
755 4139 805 4186 et
861 4131 1239 4186 misericordia
1295 4132 1430 4203 ejus,
1464 4141 1513 4188 et
1566 4143 1833 4206 respectus

184 4224 247 4277 in
298 4221 483 4277 electis
536 4221 714 4276 illius.
748 4218 962 4287 Gratia,
998 4220 1231 4290 quando
1280 4220 1364 4276 eis
1413 4220 1471 4274 in
1520 4221 1612 4278 via
1651 4222 1831 4295 hujus

183 4309 380 4366 saeculi
446 4308 696 4383 gratiam
760 4307 1047 4362 virtutum
1124 4308 1365 4363 confert.
1408 4309 1825 4379 Misericordia,

184 4399 420 4471 quando
449 4414 548 4454 eos
577 4397 729 4453 inter
758 4395 1182 4462 tribulationes,
1216 4413 1286 4451 ne
1332 4397 1623 4468 deficiant,
1661 4402 1833 4456 susti-

1949 3242 2119 3297 vebat
2140 3240 2282 3296 dicit
2312 3258 2324 3296 ε
2351 3265 2378 3291 ‹‹
2409 3240 3045 3315 Vivo,inquit,ego,jam
3069 3260 3184 3300 non
3206 3262 3311 3318 ego
3335 3246 3604 3320 (Gal.n).»

1951 3332 2098 3397 Quid
2159 3348 2294 3403 ergo
2353 3329 2539 3387 vivis?
2576 3352 2603 3380 ‹‹
2634 3330 2787 3386 Vivit
2838 3331 2896 3386 in
2948 3349 3060 3402 me,
3094 3332 3305 3406 inquit,
3338 3335 3604 3395 Christus

1950 3420 2197 3490 (Ibid.).»
2230 3422 2307 3475 Ac
2342 3419 2391 3475 si
2422 3424 2622 3492 aperte
2655 3420 2810 3475 dicat
2843 3438 2855 3477 :
2890 3420 3112 3477 Malitia
3142 3423 3302 3494 prior
3321 3425 3605 3484 exstincta

1947 3514 2036 3563 est
2068 3510 2260 3575 inme,
2296 3514 2353 3563 et
2382 3508 2595 3566 Christi
2629 3510 2819 3583 gratia
2855 3510 2995 3565 vivit
3045 3511 3102 3566 in
3154 3530 3266 3569 me.
3297 3514 3423 3570 Non
3469 3515 3600 3574 vivo

1946 3597 2267 3663 malus,sed
2300 3598 2424 3653 vivo
2442 3597 3138 3673 Christianus.Abnegare
3162 3619 3297 3659 vero
3330 3603 3598 3677 proprias

1946 3705 2039 3743 res
2071 3691 2303 3743 tantum
2330 3690 2419 3742 est
2447 3686 2992 3760 perfectorum,qui,
3022 3687 3335 3761 implentes
3367 3709 3483 3748 non
3512 3711 3602 3751 so-

1945 3774 2067 3831 lum
2101 3780 2407 3848 praacepta,
2438 3776 2539 3830 sed
2571 3774 2746 3830 etiam
2779 3777 3024 3833 consilia
3052 3778 3265 3836 Christi
3298 3780 3548 3839 dicentis
3582 3801 3595 3839 :

1945 3865 2002 3921 Si
2034 3865 2121 3920 vis
2150 3865 2441 3937 perfectus
2473 3879 2621 3930 esse,
2645 3864 2807 3932 vade,
2833 3869 2890 3920 et
2918 3866 2994 3921 da
3022 3884 3149 3940 quea
3181 3867 3363 3926 habes
3386 3888 3602 3945 paupe-

1944 3952 2195 4021 ribus,et
2224 3952 2627 4025 veni,sequere
2660 3970 2753 4008 me
2786 3953 2996 4025 (Matth.
3026 3956 3104 4028 x),
3139 3980 3166 4008 ››
3201 3960 3401 4014 omnia
3434 3961 3601 4016 relin-

1944 4046 2152 4114 quunt,
2189 4047 2244 4098 et
2287 4042 2512 4096 nudum
2564 4041 2861 4097 Christum
2912 4044 3052 4099 nudi
3104 4051 3454 4118 sequuntur.
3488 4049 3597 4105 Te-

1944 4148 2154 4186 nemur
2212 4131 2451 4202 quidem
2504 4147 2573 4185 ex
2621 4131 2918 4196 mandato,
2952 4132 3165 4189 fratres
3218 4136 3356 4205 mei,
3391 4154 3597 4196 omnes

1940 4223 2061 4274 tam
2095 4219 2327 4291 perfecti
2360 4235 2537 4291 quam
2568 4218 2891 4291 imperfecti
2924 4221 3306 4294 cupiditatem
3338 4229 3394 4281 et
3440 4244 3593 4286 amo-

1942 4326 2063 4365 rem
2094 4310 2413 4381 abnegare;
2448 4308 2549 4363 sed
2584 4307 2744 4380 ipsas
2766 4325 2859 4366 res
2880 4310 3207 4384 relinquere
3228 4330 3296 4369 ex
3318 4317 3594 4374 mandato

1940 4414 2055 4453 non
2089 4402 2374 4465 tenemur,
2406 4397 2507 4453 sed
2541 4414 2610 4452 ex
2641 4397 2883 4454 consilio
2917 4401 3403 4471 admonemur,eo
3435 4406 3591 4476 quod

184 4491 303 4544 net.
338 4488 677 4560 Respectus,
710 4485 942 4559 quando
973 4485 1086 4540 cito
1118 4485 1187 4540 de
1217 4483 1413 4541 labore
1445 4488 1515 4543 ad
1567 4489 1825 4561 requiem
1859 4506 1906 4570 D
1937 4493 2281 4542 exoneratus
2310 4490 2367 4542 et
2397 4487 2592 4543 nudus
2624 4487 2812 4561 magis
2844 4490 3146 4561 expeditus
3189 4491 3265 4546 sit
3314 4492 3386 4546 ad
3435 4492 3590 4549 viam

180 4593 281 4634 eos
311 4576 607 4633 transfert.
640 4576 888 4632 Oremus
936 4574 1134 4647 igitur,
1168 4573 1375 4630 fratres
1423 4576 1556 4644 moi,
1592 4594 1825 4636 oremus

180 4665 502 4740 gemitibus
533 4668 589 4721 et
617 4662 888 4736 suspiriis
909 4663 1091 4719 Deum
1116 4665 1171 4717 et
1196 4662 1511 4719 Dominum
1536 4670 1826 4735 nostrum,

182 4757 475 4827 quatenus
508 4753 680 4810 nobis
711 4751 956 4810 servulis
987 4751 1112 4807 suis
1133 4751 1380 4824 gratiam
1403 4771 1591 4821 suam,
1601 4773 1702 4828 per
1725 4756 1831 4812 hu-

174 4844 280 4916 jus
327 4843 532 4899 mundi
576 4842 848 4899 tenebras
903 4839 1378 4897 illuminatricem
1409 4847 1464 4898 et
1494 4845 1827 4901 conductri-

182 4950 330 5001 cem,
363 4935 639 5001 conferat,
672 4936 1204 4990 sustentamentum
1246 4933 1657 4991 misericordiae
1708 4953 1825 4992 sua:

182 5021 357 5079 nobts
403 5022 554 5079 inter
600 5021 1006 5079 tribulationes
1062 5020 1241 5094 hujus
1290 5023 1495 5078 mundi
1553 5024 1823 5096 prmbeat,

180 5112 253 5167 de
278 5111 458 5184 hujus
489 5112 694 5168 mundi
723 5111 1021 5169 laboribus
1070 5111 1142 5167 ad
1191 5111 1553 5185 refrigerium
1603 5118 1825 5170 aeternae

181 5200 567 5275 beatitudinis
598 5218 703 5257 nos
731 5200 1065 5257 transferat.
1096 5201 1300 5255 Amen.

945 5305 1066 5361 XII.

423 5395 580 5447 ITEM,
621 5394 809 5435 SERMO
849 5395 919 5434 DE
964 5393 1224 5433 MATHEO.
1268 5394 1337 5433 DE
1373 5396 1580 5434 EODEM.

252 5468 408 5523 Dixit
430 5469 583 5524 Iesus
627 5467 912 5538 discipulis
959 5468 1115 5521 suis:
1148 5467 1214 5521 Si
1251 5468 1370 5539 quis
1421 5469 1535 5523 vult
1576 5477 1698 5540 post
1741 5484 1829 5524 me

178 5557 386 5624 venire,
433 5557 662 5627 abneget
715 5556 1077 5627 semetipsum,
1110 5561 1164 5609 et
1208 5555 1364 5612 tollat
1410 5572 1623 5611 crucem
1668 5574 1828 5614 suam

1933 4575 2408 4654 percurrendam.
2443 4580 2584 4631 Cum
2617 4592 2790 4633 onere
2819 4579 3039 4650 quippe
3086 4595 3292 4635 cursor
3337 4597 3452 4636 nou
3488 4599 3591 4654 po-

1937 4652 2050 4719 test
2081 4664 2227 4720 bene
2276 4681 2526 4733 currere,
2560 4682 2665 4720 nec
2714 4670 2946 4722 natator
2996 4667 3142 4723 bene
3187 4672 3406 4726 natare.
3443 4652 3591 4727 Hinc

1938 4753 2190 4808 Paulus:
2217 4751 2472 4808 «Omnis
2504 4752 2605 4824 qui
2638 4752 2697 4807 1n
2729 4771 2913 4826 agone
2943 4757 3266 4826 contendit,
3292 4759 3366 4814 ab
3398 4758 3590 4816 omni-

1936 4841 2049 4897 bus
2080 4859 2141 4898 se
2166 4841 2420 4897 abstinet
2443 4842 2490 4911 (l
2510 4841 2775 4911 Cor.1x).»
2800 4843 2900 4898 Et:
2929 4868 2955 4894 ‹‹
2981 4844 3163 4902 Nemo
3188 4846 3450 4905 militans
3470 4847 3586 4906 Deo
3654 4847 3669 4856 “

1934 4930 2196 5003 implicat
2225 4947 2287 4985 se
2318 4928 2567 5001 negotiis
2595 4930 2972 4989 saecularibus
3004 4934 3078 5006 (ΙΙ
3108 4936 3242 4990 Tim.
3278 4936 3398 5008 11).»
3433 4938 3585 4995 Dum

1936 5019 2091 5076 enim
2122 5019 2181 5074 in
2213 5018 2305 5074 via
2336 5018 2517 5090 hujus
2545 5019 2746 5075 mundi
2780 5021 2990 5090 simus,
3019 5039 3154 5079 cum
3203 5025 3431 5082 diabolo
3473 5044 3592 5085 cer-

1935 5113 2131 5165 tamen
2162 5107 2472 5170 habemus,
2504 5106 2605 5180 qui
2638 5107 2784 5163 nihil
2816 5111 3075 5182 possidet
3102 5113 3162 5167 in
3193 5112 3303 5169 hoc
3341 5117 3585 5174 mnndo.

1935 5197 2089 5253 Nudi
2135 5213 2270 5269 ergo
2320 5194 2612 5252 luctemur
2658 5213 2792 5254 cum
2843 5200 3000 5256 nudo
3035 5218 3048 5257 :
3082 5219 3219 5257 nam
3262 5201 3311 5258 si
3342 5205 3588 5263 vestitus

1936 5285 2069 5359 quis
2099 5302 2233 5340 cum
2266 5286 2423 5340 nudo
2470 5284 2741 5355 luctetur,
2778 5287 2944 5344 facile
2990 5290 3279 5361 dejicitur,
3315 5294 3453 5366 quia
3481 5293 3585 5351 ha-

1935 5376 2033 5430 bet
2057 5374 2212 5430 unde
2242 5377 2532 5430 teneatur.
2572 5374 2898 5448 Propterea,
2935 5378 3145 5436 fratres
3177 5379 3311 5450 mei,
3344 5380 3589 5455 impedi-

1936 5467 2133 5520 menta
2172 5479 2368 5519 rerum
2425 5465 2833 5536 temporalium
2884 5467 3251 5540 abjiciamus,
3286 5487 3356 5526 ne
3388 5488 3491 5545 per
3519 5488 3587 5528 ea

1934 5553 2142 5610 tentati
2177 5570 2210 5610 a
2236 5549 2466 5608 diabolo
2508 5553 2962 5628 praecipitemur,
2992 5557 3078 5616 vel
3111 5576 3145 5614 a
3180 5575 3357 5619 cursu
3388 5564 3585 5622 nostro
