4002 6078
442 254 613 348 ἠδε

455 521 841 599 perfectorum
862 522 971 583 est,
995 516 1095 590 qui
1119 533 1233 573 non
1260 516 1449 573 solum
1474 514 1709 587 propria
1728 515 1867 570 vitia
1893 520 1949 571 et
1972 533 2099 587 pro-

455 611 614 688 prias
644 608 865 676 res,sed
899 606 1073 664 etiam
1106 605 1370 678 proprias
1408 604 1737 660 voluntates
1785 605 2095 675 abnegant,

456 700 773 759 subdentes
804 715 866 754 se
896 696 1173 752 mandato
1204 693 1529 766 spiritualis
1549 694 1819 766 patris,et
1832 695 1957 765 jam
1980 712 2096 750 non

455 788 609 863 quod
642 788 752 862 ipsi
782 786 1109 849 voluerunt,
1144 783 1243 840 sed
1276 784 1431 855 quod
1463 783 1587 856 ipse
1627 783 1982 855 praceperit,
2013 784 2095 840 fa-

454 878 633 936 clant.
666 878 883 934 Omnes
913 874 1149 947 quidem
1183 878 1470 937 tenemur,
1504 872 1709 929 fratres
1741 873 1877 939 mei,
1910 873 2097 929 malas

451 968 777 1025 voluntates
823 965 1109 1036 abnegare
1143 979 1157 1019 :
1190 963 1289 1018 sed
1323 966 1378 1018 et
1408 962 1504 1017 isti
1537 962 1711 1017 etiam
1745 980 1882 1018 suas
1911 963 2096 1019 bonas

450 1057 779 1114 voluntates
805 1053 1187 1125 abnegaul,ut
1207 1053 1333 1123 jam
1366 1052 1436 1107 de
1467 1056 1672 1107 catero
1703 1068 1892 1123 neque
1921 1053 2096 1108 etiam

451 1160 830 1217 orare,neque
852 1143 1336 1214 jejunare,neque
1358 1139 1615 1212 aliquam
1648 1142 1860 1196 bonam
1895 1141 2098 1198 velun-

449 1240 630 1293 tatem
660 1248 831 1290 suam
864 1230 1189 1297 facere,nisi
1212 1232 1382 1304 juxta
1412 1229 1719 1285 arbitrium
1753 1236 1807 1285 et
1829 1230 2094 1287 volunta-

450 1329 567 1383 tem
617 1322 847 1381 abbatis
904 1320 994 1376 sui
1054 1323 1292 1392 queant,
1326 1319 1515 1375 effecti
1572 1318 1907 1391 spirituales
1954 1320 2095 1376 Jesu

449 1412 667 1473 Christi
696 1412 1043 1475 imitatores,
1076 1409 1176 1482 qui
1208 1410 1279 1464 de
1310 1408 1503 1480 seipse
1535 1408 1617 1464 ait
1650 1425 1662 1464 :
1696 1409 1821 1464 Neu
1872 1408 1999 1465 veni
2031 1414 2097 1466 ut

450 1504 660 1562 faciam
692 1501 1047 1559 voluntatem
1074 1517 1286 1567 meam,
1321 1499 1419 1556 sed
1450 1497 1805 1554 voluntatem
1837 1500 1965 1571 ejus
1995 1499 2095 1571 qui

450 1592 614 1650 ntisit
642 1609 736 1649 me
764 1591 951 1665 (Joan.
984 1590 1081 1660 IV).
1122 1611 1148 1637 ››
1179 1588 1250 1644 Et
1278 1588 1431 1660 quis,
1466 1588 1674 1643 fratres
1716 1587 1849 1655 mei,
1884 1588 2097 1643 melius

449 1685 650 1757 posset
677 1681 865 1737 facere
893 1677 1254 1735 voluntatem
1284 1694 1452 1733 suam
1485 1694 1662 1747 quam
1686 1675 1781 1732 ille
1803 1678 1972 1747 cujus
1997 1695 2097 1734 vo-

448 1770 648 1829 luntas
679 1786 910 1841 semper
940 1767 1161 1840 eptima
1187 1770 1295 1833 est,
1321 1769 1378 1822 et
1398 1765 1497 1838 qui
1528 1782 1759 1839 semper
1786 1767 1942 1822 idem
1972 1766 2096 1822 vult

449 1879 583 1920 cum
613 1859 824 1916 Patre?
853 1859 1124 1915 Attamen
1152 1855 1278 1929 ipse
1308 1854 1450 1911 dicit
1493 1872 1553 1911 se
1602 1872 1717 1911 non
1767 1873 1956 1924 suam,
1991 1858 2091 1913 sed

448 1951 637 2009 Patris
664 1949 852 2006 facere
881 1952 938 2004 et
967 1963 1224 2021 quarere
1251 1943 1631 2013 voluntatem,
1650 1950 1714 2001 ut
1733 1946 2091 2002 demonstra-

334 2048 357 2065 ‘
449 2044 537 2098 ret
563 2039 735 2097 nobis
763 2037 949 2095 multo
976 2036 1164 2108 magis
1211 2052 1339 2101 nos,
1375 2034 1475 2107 qui
1523 2035 1859 2106 frequenter
1906 2034 2092 2092 malas

448 2128 826 2204 cogitationes
853 2126 1165 2191 habemus,
1198 2141 1313 2180 non
1348 2124 1556 2179 debere
1586 2127 1841 2189 nostras,
1865 2125 1965 2180 sed
1997 2141 2093 2197 po-

444 2219 567 2277 tius
597 2215 923 2291 spiritualis
953 2212 1136 2289 patris
1166 2212 1353 2270 nostri
1397 2216 1454 2269 et
1500 2230 1757 2285 quarere
1804 2217 1861 2269 et
1905 2213 2091 2269 facere

445 2306 795 2365 voluntates.

518 2394 807 2463 Secunde,
867 2391 1129 2466 pracipit
1183 2391 1469 2447 Dominus
1522 2395 1587 2446 ut
1637 2390 1738 2464 qui
1787 2390 2094 2464 abnegavit

447 2483 852 2557 semetipsum,
885 2480 1024 2554 quia
1051 2480 1161 2537 hec
1192 2498 1305 2537 non
1339 2480 1575 2547 sufﬁcit,
1611 2482 1986 2555 aggrediatur
2015 2481 2095 2537 la-

444 2575 647 2634 berem
675 2572 982 2639 virtutum,
1017 2586 1150 2626 cum
1182 2570 1383 2626 subdit
1412 2588 1427 2626 :
1459 2571 1627 2628 Totlat
1665 2587 1883 2627 erucem
1910 2588 2088 2627 suam.

446 2662 618 2732 Crux,
651 2660 858 2718 fratres
888 2658 1023 2727 mei,
1055 2658 1221 2716 labor
1249 2662 1306 2716 et
1345 2662 1701 2716 tormentum
1735 2664 1844 2716 est.
1885 2660 2091 2716 Praci-

446 2753 645 2828 pimur
674 2750 856 2825 igitur
883 2765 1115 2805 crucem
1159 2752 1419 2805 nostram
1468 2747 1688 2815 tollere,
1722 2749 1779 2805 id
1812 2752 1901 2806 est
1928 2748 2090 2805 labo-

446 2858 569 2899 rem
617 2845 676 2898 et
721 2841 1081 2896 tormentum
1139 2837 1425 2894 virtutum
1481 2837 1970 2911 acquirendarum
2002 2837 2089 2894 vel

445 2947 550 3006 per
578 2946 685 2987 nos
714 2926 1021 3003 spontanei
1050 2944 1371 2991 assumere,
1402 2926 1490 2983 vel
1522 2945 1623 3000 per
1653 2927 1800 2984 alios
1848 2927 2091 3000 imposi-

442 3020 571 3077 tum
601 3020 898 3095 gratanter
926 3016 1235 3084 sustinere,
1269 3016 1482 3073 Tribus
1513 3016 1726 3090 quippe
1748 3017 1937 3073 modis
1960 3034 2089 3073 cru-

444 3126 570 3167 cem
602 3105 987 3179 tollimus,vel
1017 3123 1151 3163 cum
1184 3123 1286 3179 per
1306 3106 1723 3163 abstinentiam
1755 3109 1811 3162 et
1840 3107 2088 3178 castiga-

1715 290 2119 354 RADULPHI
2163 292 2582 358 ARDENTIS.

454 427 838 490 retardemur.
869 424 1168 501 Abnegare
1213 441 1347 483 vero
1396 421 1691 498 propriam
1732 423 2092 482 voluntatem
2124 423 2174 492 Α
2208 443 2324 495 me,
2359 427 2458 484 sed
2490 431 2686 485 tamen
2718 446 2823 503 per
2846 427 3323 490 indiscretionem
3371 450 3498 491 eam
3539 433 3654 492 sibi
3686 434 3861 493 inuti.
3966 466 3967 503 ι

2208 515 2321 572 lem
2353 518 2624 584 reddunt,
2658 519 2797 575 dum
2830 537 2933 594 per
2982 521 3189 578 falsam
3239 522 3511 595 pietatem
3562 542 3754 599 usque
3783 528 3856 583 ad
3966 515 3967 545 Ε

3701 296 3857 367 {538

2207 607 2792 664 condescendendum
2854 610 3010 666 vitiis
3068 628 3166 667 eos
3216 610 3478 669 inclinat.
3512 614 3857 688 Compassio

2208 694 2423 768 quippe
2455 696 2764 759 homini,et
2792 699 3079 754 rectitude
3107 699 3267 758 vitiis
3297 701 3636 771 debetur,ut
3656 704 3718 760 in
3742 723 3855 763 uno

2207 786 2528 858 eodemque
2558 786 2794 843 homine
2825 791 2881 844 et
2909 788 3229 861 diligamus
3258 790 3480 848 bonum
3529 794 3687 866 quod
3738 794 3855 850 fac-

2204 878 2331 929 tum
2365 878 2474 941 est,
2510 880 2568 931 et
2592 890 3015 948 persequamur
3044 878 3199 934 mala
3243 896 3370 952 qua
3421 881 3572 938 fecit.
3606 882 3689 938 Ne
3716 883 3849 939 dum

2205 962 2409 1035 culpas
2439 964 2668 1021 incaute
2699 965 3199 1033 remittimus,non
3221 969 3347 1040 jam
3379 986 3485 1041 per
3512 970 3850 1028 charitatem

2204 1054 2584 1124 cempati,serl
2608 1071 2710 1127 per
2740 1055 3154 1128 negligentiam
3187 1056 3512 1115 concidisse
3531 1058 3848 1117 videamur.

2206 1141 2373 1197 Multi
2406 1142 2643 1214 quidem
2673 1160 2907 1200 crucem
2934 1145 3272 1217 passionum
3307 1151 3365 1202 et
3394 1162 3636 1220 corpore
3656 1154 3716 1205 et
3734 1150 3849 1205 ani-

2206 1247 2300 1286 mo
2347 1234 2601 1303 portant,
2636 1237 2701 1287 ut
2750 1232 2997 1306 gentiles
3046 1238 3103 1290 et
3150 1234 3510 1309 philosophi,
3541 1239 3644 1294 sed
3706 1239 3848 1296 hanc

2206 1319 2315 1375 sibi
2350 1319 2617 1376 inutilem
2668 1322 2941 1390 reddunt,
2975 1322 3116 1378 dum
3166 1340 3282 1380 non
3334 1341 3438 1397 pro
3485 1324 3773 1384 charitate
3799 1334 3849 1386 et

2204 1407 2526 1465 imitatione
2556 1409 2893 1480 Christi,sed
2928 1416 3156 1468 tantum
3189 1430 3293 1486 pro
3323 1415 3582 1472 vanitate
3604 1416 3851 1489 philoso-

2206 1498 2355 1570 phia
2411 1516 2531 1555 sua
2587 1517 2715 1556 eam
2774 1501 2985 1557 ferunt.
3021 1502 3080 1558 Si
3130 1520 3286 1576 ergo,
3322 1502 3531 1561 fratres
3579 1506 3721 1573 mei,
3750 1506 3851 1564 has

2205 1603 2407 1643 cruces
2436 1588 2604 1645 nobis
2636 1589 2821 1645 facere
2851 1589 3144 1657 volumus,
3176 1609 3279 1664 per
3307 1608 3405 1649 eas
3435 1593 3736 1651 Christum
3766 1612 3852 1653 se-

2205 1692 2476 1748 quamur,
2510 1681 2577 1733 ut
2603 1676 2871 1751 videlicet
2900 1682 2957 1735 et
3003 1679 3062 1735 in
3114 1696 3285 1737 cruce
3327 1682 3737 1756 castigationis
3766 1702 3853 1741 se-

2129 1798 2173 1866 B
2205 1780 2460 1835 quamur
2487 1764 2785 1823 Christum
2816 1766 3157 1837 intentione,
3188 1774 3246 1825 et
3274 1769 3333 1825 in
3365 1786 3536 1828 cruce
3584 1786 3853 1848 compas-

2203 1853 2387 1910 sienis
2417 1870 2737 1927 sequamur
2757 1855 3127 1913 discretionis
3147 1858 3581 1929 rectitudine,et
3600 1858 3662 1917 in
3684 1876 3854 1920 cruce

2202 1944 2674 2015 persecutionum
2706 1958 3027 2018 sequamur
3067 1946 3389 2019 Christum,
3427 1965 3610 2007 causa
3640 1954 3699 2007 et
3729 1950 3856 2008 imi-

2200 2032 2438 2088 tatione.

2273 2121 2553 2194 Sequitur
2581 2139 2716 2195 pars
2747 2124 3028 2192 secunda,
3049 2123 3109 2180 in
3133 2140 3251 2198 qua
3272 2125 3644 2184 demonstrat
3664 2127 3855 2185 Domi-

2201 2228 2313 2266 nus
2345 2211 2417 2266 eb
2448 2227 2624 2283 quam
2648 2226 2885 2268 causam
2910 2213 3139 2270 animas
3161 2220 3394 2272 nostras
3417 2220 3473 2272 et
3493 2216 3693 2273 omnia
3714 2222 3852 2273 tem-

2203 2298 2427 2372 poralia
2455 2304 2688 2371 propter
2717 2316 2852 2355 eum
2902 2316 3116 2374 ponere
3164 2302 3504 2373 debeamus,
3536 2320 3672 2360 cum
3722 2306 3852 2362 sub-

2203 2388 2289 2445 dit
2321 2406 2334 2445 :
2371 2389 2477 2458 Qui
2500 2392 2647 2445 enim
2678 2391 2913 2446 voluerit
2936 2392 3183 2448 animam
3209 2408 3367 2449 suam
3394 2393 3610 2450 salvam
3649 2397 3844 2469 facere,

2196 2478 2385 2550 perdet
2412 2494 2551 2534 eam.
2584 2481 2649 2535 Et
2680 2481 2777 2551 qui
2800 2479 3106 2551 perdiderit
3140 2483 3387 2538 animam
3432 2500 3593 2539 suam
3637 2493 3851 2558 propter

2200 2584 2305 2639 me,
2335 2568 2547 2623 salvam
2568 2569 2738 2640 faciet
2782 2584 2921 2624 eam.
2956 2568 3120 2625 Sicut
3167 2575 3307 2626 sunt
3348 2572 3478 2628 dum
3530 2572 3683 2630 vires
3733 2573 3849 2630 ani-

2201 2673 2330 2723 ma,
2362 2656 2712 2714 sensualitas
2743 2657 2965 2714 scilicet
2995 2674 3172 2731 quam
3205 2660 3405 2717 anima
3433 2678 3538 2735 per
3582 2662 3845 2720 officinas

2202 2746 2460 2819 corporis
2489 2750 2735 2814 exercet,
2767 2751 2826 2803 et
2856 2748 3024 2815 ratio,
3060 2748 3141 2804 ita
3171 2753 3313 2805 sunt
3340 2751 3468 2806 dua
3501 2751 3845 2809 salvationes

2200 2840 2256 2892 et
2302 2835 2655 2908 perditiones
2701 2837 2876 2907 ejus:
2913 2853 3033 2893 una
3076 2837 3346 2896 videlicet
3393 2840 3755 2914 temporalis,
3792 2847 3847 2898 et

2200 2924 2385 2981 altera
2414 2929 2648 2981 aeterna.
2680 2926 2750 2981 Et
2776 2925 3118 3000 temporalis
3146 2927 3383 3000 quidem
3425 2929 3634 2986 anima
3667 2929 3849 2987 salva-

2198 3014 2279 3070 tio
2311 3018 2418 3081 est,
2454 3014 2688 3087 quando
2725 3014 2858 3088 quis
2908 3017 3036 3088 ejus
3085 3016 3525 3075 sensualitatem
3565 3023 3626 3075 et
3670 3018 3846 3076 vitam

2198 3101 2493 3160 carnalem
2523 3104 2667 3160 bene
2694 3104 2966 3174 custodit,
2999 3122 3128 3161 eam
3169 3106 3317 3163 bene
3358 3109 3673 3180 pascendo,
3704 3109 3847 3166 bene

441 3198 662 3257 tionem
712 3176 925 3270 corpus
970 3176 1237 3253 nostrum
1279 3194 1618 3269 efﬂigimus,
1656 3194 1743 3252 vel
1793 3212 1927 3252 cum
1986 3176 2090 3268 per
2119 3176 2162 3244 (ἶ
2199 3192 2475 3265 potando,
2508 3193 2653 3249 bene
2682 3194 3003 3263 vestiendo,
3035 3195 3281 3268 ejusque
3304 3176 3593 3253 desiderio
3623 3198 3851 3254 satist-

443 3286 913 3362 compassienem
943 3284 1189 3359 proximi
1229 3302 1397 3341 mens
1445 3288 1648 3341 nostra
1695 3284 1967 3352 afficitur,
1998 3283 2087 3340 vel

443 3393 579 3435 cum
609 3374 780 3432 illata
813 3392 849 3431 a
873 3373 1348 3448 persecutoribus
1377 3373 1604 3445 injuria
1636 3391 1875 3446 corpore
1895 3378 1953 3430 et
1973 3372 2088 3430 ani-

443 3482 540 3523 mo
571 3465 860 3539 patienter
887 3463 1256 3520 sustinentur
1288 3479 1300 3519 :
1333 3462 1392 3519 in
1426 3462 1636 3536 primo,
1656 3462 1929 3519 virtutem
1960 3464 2092 3519 abs-

444 3552 703 3610 tinentia
771 3555 828 3608 et
893 3550 1293 3621 continentiae;
1352 3551 1411 3607 in
1478 3553 1755 3619 secundo,
1813 3553 2088 3610 virtutem

444 3640 746 3698 charitatis
775 3644 833 3697 et
864 3637 1306 3708 misericordia;
1342 3638 1403 3694 in
1434 3640 1623 3710 tertio,
1656 3640 1929 3697 virtutem
1974 3641 2089 3697 for-

444 3727 716 3786 titudinis
755 3730 814 3784 et
856 3726 1148 3800 patientia
1196 3731 1639 3801 consequentes.
1673 3727 1927 3785 Primam
1957 3747 2090 3786 cru-

443 3834 571 3876 cem
600 3818 966 3874 demonstrat
993 3833 1057 3873 se
1100 3817 1313 3873 Doctor
1356 3817 1618 3890 gentium
1672 3821 1921 3890 portare,
1953 3835 2090 3875 cum

443 3905 584 3964 dicit
615 3920 629 3963 :
662 3928 693 3956 «
725 3905 954 3979 Castigo
984 3922 1196 3978 corpus
1226 3922 1446 3977 meum,
1470 3910 1526 3963 et
1546 3906 1605 3961 in
1637 3906 1973 3963 servitutem
2007 3925 2093 3965 re-

443 3994 577 4070 dige
601 3996 649 4067 (ι
668 3995 894 4067 Corax).
920 4016 949 4046 «
973 3995 1305 4052 Secundam
1336 4012 1469 4051 vero
1501 3996 1861 4051 demonstrat
1884 4013 1945 4052 se
1967 4014 2090 4069 per-

447 4089 568 4143 tare
597 4102 731 4141 cum
763 4084 906 4140 dicit
939 4100 952 4139 :
990 4106 1017 4135 «
1043 4083 1183 4150 Quis
1215 4083 1631 4152 inﬁrmatur,et
1650 4101 1755 4159 ego
1787 4102 1902 4141 non
1934 4086 2092 4142 inﬁr-

445 4172 775 4246 ωορτηψ
798 4176 924 4231 Cor.
955 4172 1059 4244 χι.)
1111 4172 1366 4229 Tertiam
1423 4190 1556 4230 vero
1616 4174 1982 4230 demonstrat
2031 4191 2092 4231 se

446 4258 593 4320 ferre
621 4279 757 4319 cum
790 4260 931 4317 dicit
962 4277 976 4317 :
1015 4283 1044 4313 «
1073 4261 1306 4319 Gaudeo
1330 4262 1565 4319 nuncin
1591 4262 1966 4335 passionibus
1988 4280 2092 4337 pro

447 4350 628 4421 vobis,
662 4354 720 4407 et
749 4348 1039 4423 adimpleo
1070 4368 1197 4425 qua
1246 4351 1462 4407 desunt
1503 4351 1845 4425 passionum
1877 4350 2093 4409 Christi

445 4438 504 4497 in
536 4454 710 4496 carne
741 4455 872 4495 mea
901 4438 1045 4512 (Col.
1082 4439 1142 4511 ι).
1180 4461 1207 4489 ››
1240 4439 1350 4494 Sed
1396 4456 1522 4507 nec,
1556 4439 1764 4496 fratres
1813 4439 1947 4505 mei,
1982 4440 2096 4496 ista

445 4526 720 4603 cuiquam
753 4526 1075 4614 sufﬁciunt,
1104 4526 1217 4583 nisi
1248 4532 1305 4583 et
1348 4526 1585 4583 tertium
1637 4527 1890 4583 addatur
1937 4529 2091 4601 quod
2126 4548 2170 4614 Ι)

446 4618 753 4692 subjungit
796 4610 1099 4685 Dominus,
1128 4624 1180 4673 et
1224 4624 1485 4689 sequatur
1527 4633 1631 4673 me.
1667 4615 1835 4672 Multi
1879 4617 2094 4690 quippe

446 4724 679 4766 crucem
734 4706 1104 4764 abstinentia
1152 4709 1209 4762 et
1261 4705 1664 4779 castigationis
1724 4706 1940 4773 ferunt,
1992 4706 2094 4763 sed

446 4796 643 4854 tamen
675 4812 777 4869 per
806 4792 1188 4851 intentionem
1218 4811 1378 4850 vana
1427 4792 1624 4867 gloria
1669 4810 1796 4849 eam
1828 4794 1939 4850 sibi
1970 4794 2098 4852 inn-

446 4884 608 4943 tilem
666 4885 939 4942 reddunt;
986 4885 1141 4950 Quos
1196 4883 1341 4939 bene
1399 4881 1601 4938 Simon
1651 4880 1747 4938 ille
1803 4883 2096 4956 signiﬁcat

449 4974 570 5049 qui,
602 4972 873 5028 inventus
902 4972 963 5026 in
991 4970 1218 5039 itinere,
1244 4987 1477 5027 crucem
1509 4971 1739 5027 Domini
1772 4971 1830 5026 in
1856 4974 2098 5045 angaria

449 5065 642 5137 portat
673 5060 877 5133 (Matth.
910 5062 1108 5131 xxvn),
1143 5060 1284 5133 quia
1313 5078 1447 5115 cum
1480 5059 1552 5115 ad
1593 5077 1741 5133 opus
1773 5060 1993 5115 bonum
2027 5078 2096 5117 ex

449 5151 604 5208 bona
649 5147 945 5204 voluntate
975 5147 1188 5220 aliquis
1237 5166 1353 5204 non
1403 5148 1658 5213 ducitur,
1691 5164 1925 5204 crucem
1945 5149 2096 5221 justi

449 5240 579 5297 sine
629 5232 820 5293 fructu
870 5240 1137 5309 peccator
1183 5241 1475 5310 operatur.
1512 5237 1670 5295 Unde
1711 5237 1865 5293 idem
1896 5237 2096 5294 Simon

451 5340 685 5386 crucem
718 5326 927 5396 portat,
962 5324 1062 5380 sed
1094 5342 1210 5380 non
1244 5326 1510 5394 moritur,
1527 5323 1665 5398 quia
1694 5324 1929 5399 gloriosi
1958 5327 2097 5383 abs-

451 5417 706 5473 tinentes
734 5429 837 5486 per
866 5411 1283 5469 abstinentiam
1314 5414 1552 5486 quidem
1579 5430 1791 5487 corpus
1812 5415 2096 5485 afﬁciunt,

454 5504 556 5562 sed
598 5519 700 5578 per
746 5501 1104 5559 desiderium
1152 5519 1311 5557 vana
1354 5502 1549 5576 gloria
1598 5504 1818 5559 mundo
1874 5503 2095 5563 vivunt.

455 5590 623 5655 Multi
651 5607 885 5667 quoque
914 5606 1145 5649 crucem
1182 5591 1610 5664 cempassionis
1658 5593 1851 5650 ferunt
1879 5592 1939 5649 in
1973 5592 2098 5651 ani-

2198 3281 2434 3350 ciende;
2468 3298 2595 3337 eam
2628 3298 2734 3337 nec
2761 3282 2936 3338 etiam
2962 3300 3066 3356 pro
3088 3281 3318 3341 Christo
3345 3300 3562 3360 ponere
3579 3284 3844 3342 valendo.

2197 3371 2303 3438 Qui
2335 3372 2420 3427 sic
2456 3370 2582 3427 vult
2629 3371 2886 3427 animam
2936 3388 3106 3428 suam
3155 3371 3380 3431 salvare
3426 3374 3844 3448 temporaliter,

2198 3460 2398 3534 procul
2430 3461 2608 3516 dubio
2639 3461 2840 3534 perdet
2887 3476 3015 3517 eam
3066 3461 3434 3519 aternaliter.
3465 3462 3685 3520 Idcirco
3716 3478 3846 3521 vero

2198 3548 2535 3623 temporalis
2562 3549 2769 3605 anima
2800 3552 2907 3619 est,
2934 3551 3168 3624 quando
3192 3550 3381 3608 ﬁdelis
3403 3550 3845 3610 sensualitatem

2199 3643 2256 3696 et
2283 3638 2643 3713 corporalem
2678 3655 2847 3695 suam
2876 3638 3054 3695 vitam
3087 3638 3296 3713 afﬂigit
3323 3639 3670 3711 laborando,
3694 3642 3849 3715 jeju-

2199 3729 2414 3795 nande,
2464 3727 2826 3801 castigando,
2879 3727 3232 3801 cupiditates
3281 3733 3340 3786 et
3386 3729 3685 3787 desideria
3726 3732 3853 3803 ejus

2199 3816 2684 3887 cehibende,et,si
2703 3815 2867 3874 locus
2899 3817 3092 3886 fuerit,
3116 3818 3294 3874 etiam
3326 3834 3455 3875 eam
3486 3836 3594 3892 pro
3625 3817 3855 3877 Christo

2199 3905 2373 3963 morti
2405 3905 2765 3979 exponendo.
2800 3905 2906 3973 Qui
2958 3905 3042 3962 sic
3090 3905 3489 3980 temporaliter
3539 3908 3859 3981 perdiderit

2200 3996 2458 4053 animam
2493 4012 2661 4052 suam
2694 3999 2931 4068 propter
2959 3993 3280 4064 Christum,
3303 3996 3509 4070 procul
3537 3994 3725 4054 dubio
3755 3996 3863 4055 sa]-

2197 4102 2331 4140 vam
2364 4100 2491 4140 eam
2524 4083 2694 4140 faciet
2725 4084 2785 4139 in
2813 4084 3220 4140 aternum.Sic
3239 4098 3375 4160 ergo
3396 4084 3569 4141 nobis
3594 4084 3863 4159 loquitur

2201 4173 2487 4230 Dominus
2517 4189 2650 4227 cum
2681 4170 2822 4228 dicit
2855 4188 2867 4226 :
2894 4171 3001 4241 Qui
3019 4174 3256 4230 voluerit
3280 4175 3531 4229 animam
3559 4188 3725 4231 nam
3754 4175 3863 4231 sat-

2200 4279 2325 4319 vam
2368 4265 2567 4335 facere,
2597 4260 2784 4333 perdet
2837 4278 2980 4316 vam.
3013 4261 3081 4317 Et
3126 4264 3224 4334 qui
3260 4262 3567 4334 perdiderit
3607 4266 3859 4320 annnam

2207 4367 2359 4409 suam
2382 4358 2607 4423 propter
2632 4366 2738 4417 me,
2768 4350 2979 4406 salvam
3016 4352 3187 4423 faciet
3231 4366 3370 4407 eam.
3402 4351 3581 4419 Quasi
3629 4348 3864 4409 dicatur

2201 4439 2463 4514 agricola
2491 4457 2504 4494 :
2530 4440 2914 4496 Frumentum
2946 4438 2996 4494 si
3028 4452 3224 4496 servas
3264 4440 3482 4514 perdis,
3517 4440 3568 4498 si
3596 4440 3861 4499 seminus

2202 4544 2466 4584 renovas.
2500 4527 2648 4583 Nam
2678 4526 2792 4584 nisi
2819 4527 3096 4601 perdatur
3119 4528 3179 4583 in
3205 4527 3463 4601 pulvere,
3489 4545 3596 4587 nec
3627 4542 3861 4589 renova-

2204 4622 2303 4673 tur
2332 4617 2392 4673 in
2424 4633 2635 4672 messe.
2658 4616 2752 4673 Sic
2773 4632 2908 4690 ergo
2930 4616 3269 4690 temporalis
3296 4616 3416 4675 vita
3444 4624 3651 4675 contra
3680 4622 3859 4677 Deum

2204 4706 2518 4778 custodita,
2551 4722 2667 4763 non
2696 4706 2957 4779 prodest,
2980 4705 3100 4762 imo
3132 4711 3319 4764 nocet.
3349 4706 3499 4782 Ergo
3521 4704 3712 4764 multo
3743 4724 3863 4765 ωι-

2204 4795 2296 4870 gis
2322 4793 2665 4868 temporalia
2684 4793 2848 4851 lucra
2869 4798 3106 4869 propter
3123 4808 3251 4851 eam
3276 4794 3428 4853 facta
3447 4802 3654 4854 contra
3674 4796 3861 4855 Deum

2206 4901 2319 4941 non
2353 4887 2617 4957 prosunt,
2652 4883 2770 4939 imo
2802 4883 3056 4939 multum
3090 4888 3321 4941 necent.
3346 4884 3415 4941 Et
3444 4886 3555 4942 hoc
3585 4890 3683 4944 est
3705 4887 3861 4960 quod

2205 4972 2512 5045 subjungit
2544 4988 2557 5027 :
2594 4970 2735 5040 Quid
2784 4972 2932 5028 enim
2985 4970 3204 5044 prodest
3256 4972 3473 5028 homini
3518 4974 3574 5029 si
3620 4970 3864 5031 litatur

2205 5068 2380 5117 totum
2405 5060 2691 5127 mundum,
2722 5075 2779 5116 se
2802 5067 2986 5116 autem
3018 5059 3213 5133 perdat
3256 5068 3309 5117 et
3353 5060 3751 5119 detrimentum
3775 5063 3863 5118 ι·ιί

2203 5152 2418 5224 faciat?
2448 5149 2876 5205 Persecutionis
2904 5152 3164 5222 tempore
3208 5148 3479 5222 ponenda
3505 5154 3597 5207 est
3625 5148 3856 5219 anima;

2206 5240 2369 5312 pacis
2396 5255 2529 5295 vero
2558 5241 2818 5312 tempore
2842 5236 3160 5312 frangenda
3180 5243 3270 5295 est
3289 5236 3583 5313 cupiditas
3606 5244 3860 5297 terrena.

2207 5332 2349 5385 Cum
2407 5329 2733 5402 persecutio
2781 5327 2857 5384 ah
2905 5328 3255 5385 adversariis
3304 5329 3490 5398 deest,
3523 5332 3671 5387 tunc
3726 5345 3860 5386 cum

2208 5435 2443 5475 summa
2469 5416 2771 5491 vigilantia
2799 5432 2899 5473 cer
2918 5416 3374 5475 custodiendum
3395 5423 3506 5476 est.
3529 5414 3681 5476 Nam
3698 5417 3857 5493 pacis

2208 5510 2489 5580 tempore,
2536 5507 2676 5579 quia
2731 5505 2865 5562 licet
2916 5505 3127 5575 vivere,
3179 5505 3317 5563 licet
3373 5506 3554 5564 etiam
3612 5506 3856 5564 ambire.

2209 5597 2393 5662 Quam
2425 5594 2827 5665 ambitionem,
2852 5594 3059 5653 fratres
3091 5594 3383 5667 mei,bene
3412 5595 3857 5671 restringemus.
