4002 6078
174 246 334 311 ιῦὓῗ
1312 247 1688 311 HOMILL‘E.
1721 279 1799 297 —-
1826 246 1907 315 Π.
1952 246 2053 309 DE
2096 246 2443 311 SANCTIS.
3422 249 3589 321 15335

171 376 227 439 si
240 377 585 439 brevitatem
605 378 731 437 vitae
753 395 985 453 semper
1004 378 1377 435 meditemur.
1405 380 1601 453 Longa
1624 381 1823 434 nostra
1852 379 1903 446 Α
1935 378 2102 450 nulli,
2137 378 2245 435 soli
2278 380 2515 437 nomine
2545 380 2879 450 Christiani,
2913 381 3015 454 qui
3054 381 3181 439 sola
3207 382 3461 440 visibilis
3489 384 3575 441 di-

172 466 470 527 desideria
515 467 778 541 increpat
826 466 1017 525 brevis
1064 467 1175 524 via.
1221 467 1369 535 Quid
1424 468 1579 524 enim
1635 467 1824 539 magis

171 554 426 615 stultum
456 572 656 630 quam,
689 556 1058 613 decrescente
1105 555 1220 624 via,
1262 556 1542 612 viaticum
1588 573 1822 629 augere,

172 647 253 713 et,
286 643 694 703 deﬁcientibus
723 644 953 713 diebus,
986 644 1201 701 dictam
1231 644 1663 718 multiplicare?

247 732 529 806 Sequitur
575 750 712 807 pars
760 734 950 801 tertia,
981 733 1042 791 in
1074 751 1193 807 qua
1235 734 1520 791 Dominus
1556 733 1828 790 minatur

174 822 339 896 quod
375 822 502 897 ipse
552 822 857 880 erubescet
899 823 956 879 in
989 823 1185 879 futuro
1216 840 1315 880 eos
1346 822 1446 897 qui
1476 823 1828 880 erubescunt

174 929 318 971 eum
347 911 514 986 sequi
548 912 741 980 modo,
775 929 910 969 cum
938 911 1275 985 subjungit:
1302 913 1410 981 Qui
1435 929 1520 968 me
1545 913 1827 969 erubuerit

173 1009 232 1063 et
280 1017 555 1059 sermones
610 1017 776 1069 meos,
825 1000 972 1058 hunc
1024 1002 1206 1059 Filius
1261 1002 1500 1058 hominis
1554 1001 1828 1057 erubescet

175 1107 309 1149 cum
350 1090 561 1151 venerit
606 1091 669 1147 in
704 1091 981 1164 majestate
1023 1107 1145 1159 sua,
1177 1098 1231 1149 et
1274 1091 1481 1158 Patris,
1523 1097 1575 1147 et
1618 1097 1829 1147 sancto-

176 1198 311 1239 rum
345 1181 693 1251 angelorum.
725 1178 843 1237 Hac
897 1179 1187 1237 sententia
1237 1178 1532 1235 invehitur
1586 1179 1645 1235 in
1696 1196 1825 1248 nos,

177 1272 394 1329 fratres
437 1268 572 1338 mei,
605 1269 705 1341 qui
766 1267 999 1327 tametsi
1056 1268 1354 1325 Christum
1409 1270 1658 1342 ejusque
1713 1285 1830 1325 ser-

178 1375 391 1417 mones
418 1374 518 1415 ore
547 1356 830 1424 conﬁteri,
872 1374 938 1414 eo
986 1357 1141 1431 quod
1171 1357 1361 1414 caeteri
1391 1373 1525 1414 eum
1557 1358 1833 1413 conﬁten-

176 1452 302 1516 tur,
337 1464 453 1505 non
484 1445 906 1512 erubescimus,
941 1448 1139 1503 tamen
1170 1446 1436 1503 moribus
1466 1448 1523 1502 et
1550 1444 1667 1501 vita
1694 1463 1831 1502 eum

178 1535 447 1595 conﬁteri
504 1535 984 1593 verecundamur.
1032 1534 1296 1607 Insignia
1351 1534 1566 1609 quippe
1620 1534 1833 1592 Christi

181 1643 317 1699 quis
347 1624 408 1682 in
438 1641 501 1682 se
531 1622 787 1683 ostendit
815 1626 872 1679 et
901 1622 1032 1679 aliis
1075 1621 1426 1697 prmdicavit,
1459 1626 1600 1678 sunt
1642 1621 1835 1679 humi-

180 1715 343 1783 litas,
374 1717 711 1788 paupertas,
744 1711 1014 1784 abjeetio,
1046 1710 1347 1784 patientia,
1378 1711 1594 1783 passio,
1627 1715 1684 1767 et
1730 1709 1836 1766 hu-

172 1803 465 1877 jusmodi.
497 1806 641 1859 Cum
686 1800 882 1874 igitur,
932 1801 1161 1868 fratres,
1195 1798 1514 1868 humiliari,
1549 1815 1834 1872 pauperes

182 1890 335 1961 fieri,
367 1891 561 1965 abjici,
590 1889 905 1958 contemni,
940 1888 1060 1962 pati
1097 1892 1333 1960 propter
1381 1887 1678 1944 Christum
1710 1904 1837 1943 eru-

182 1982 506 2048 bescimus,
539 1996 733 2038 nonne
770 1978 1067 2035 Christum
1099 1982 1156 2034 et
1185 1994 1486 2034 sermones
1534 1978 1663 2049 ejus
1711 1994 1837 2033 eru-

184 2068 524 2128 bescimus?
544 2069 605 2125 Si
636 2068 783 2125 forte
816 2083 950 2124 cum
982 2066 1246 2139 proximo
1267 2066 1536 2139 jurgium
1569 2066 1834 2135 fecimus,

186 2160 414 2234 priores
443 2156 780 2215 satisfacere
822 2155 1306 2221 verecundamur,
1338 2159 1396 2211 et
1423 2172 1557 2211 eum
1589 2160 1652 2209 ut
1681 2154 1839 2227 prior

186 2247 362 2309 nobis
411 2246 750 2316 satisfaciat,
783 2248 1208 2318 exspectamus.
1245 2244 1316 2300 Ut
1374 2245 1514 2317 quid
1572 2244 1681 2300 hoc
1727 2247 1836 2313 est,

188 2336 308 2396 nisi
339 2335 478 2411 quia
506 2334 696 2409 magis
742 2333 1016 2390 honorari
1058 2350 1237 2406 quam
1282 2332 1583 2389 humiliari
1633 2332 1839 2406 quaeri-

188 2444 348 2495 mus,
409 2428 466 2482 et
511 2422 845 2498 exemplum
904 2421 1118 2479 Christi
1168 2422 1337 2495 sequi
1390 2421 1839 2478 erubescimus?

188 2515 460 2573 Christus
507 2512 663 2570 enim
713 2528 846 2568 cum
899 2510 1188 2567 discordia
1217 2509 1368 2566 inter
1395 2527 1503 2567 nos
1531 2514 1589 2567 et
1618 2511 1835 2584 ipsum,

190 2604 445 2679 peccatis
477 2601 693 2659 nostris
723 2600 1108 2675 exigentibus,
1140 2605 1316 2669 esset,
1346 2617 1459 2655 non
1490 2599 1842 2672 exspectavit

192 2698 260 2751 ut
297 2709 404 2753 nos
454 2691 679 2767 priores
726 2707 862 2746 eum
910 2689 1364 2762 requireremus,
1397 2690 1499 2745 sed
1529 2688 1652 2761 ipse
1684 2689 1843 2760 prior

193 2800 303 2841 nos
332 2780 653 2855 requisivit,
675 2778 1199 2836 reconciliationem
1230 2772 1402 2835 nobis
1431 2778 1661 2845 obtulit,
1690 2776 1842 2851 lega-

192 2878 285 2931 tos
328 2871 494 2945 pacis
540 2867 835 2943 apostolos
883 2873 942 2924 et
988 2883 1269 2941 sequaces
1318 2883 1520 2924 eorum
1576 2866 1758 2934 misit,
1785 2869 1843 2923 et

194 2960 391 3019 adhuc
421 2958 681 3035 quotidie
719 2957 918 3014 mittit.
954 2956 1117 3013 Unde
1164 2973 1320 3013 unus
1369 2973 1591 3025 eorum,
1625 2955 1842 3011 Paulus

193 3049 485 3118 videlicet,
525 3047 701 3104 dicit:
737 3069 764 3097 ‹‹
789 3046 896 3103 Pro
927 3044 1152 3103 Christo
1180 3044 1470 3119 legatione
1518 3046 1841 3118 fungimur,

1932 466 2143 541 ligunt,
2176 467 2497 526 invisibilia
2531 486 2645 526 non
2698 474 3000 543 appetunt,
3031 470 3132 544 qui
3163 488 3268 528 nec
3297 489 3425 530 esse
3454 490 3576 530 cre-

1932 557 2100 612 dunt.
2135 559 2289 623 Quos
2325 558 2509 613 sancti
2542 562 2826 634 martyres
2855 559 3072 633 quibus
3101 559 3576 631 solemnizamus,

1933 645 2313 717 redarguunt.
2346 647 2626 720 Nunquid
2674 647 2831 704 enim
2871 665 2932 705 se
2963 647 3044 703 ita
3073 654 3375 722 promptos
3404 651 3577 713 morti
3660 644 3665 651 ’

1930 735 2249 803 traderent,
2297 734 2411 792 nisi
2468 736 2827 794 constitisset
2877 737 2962 794 eis
3009 755 3138 795 esse
3192 738 3371 797 vitam
3428 741 3581 797 futu-

1934 824 2100 878 ram?
2124 825 2193 879 Et
2222 841 2354 880 ecce
2384 824 2470 879 illi
2500 824 2600 897 qui
2631 826 2713 880 ita
2742 825 3134 895 crediderunt,
3160 832 3218 883 et
3247 828 3414 885 miris
3444 844 3578 902 ope-

1932 911 2098 968 ribus
2127 912 2490 981 eﬂ‘ulserunt,
2524 919 2580 969 et
2610 915 2825 970 mortui
2876 931 3005 971 sese
3045 915 3234 973 vivere
3278 917 3581 977 miraculis

1936 1001 2207 1074 produnt.
2224 1003 2306 1057 Ad
2331 1002 2615 1059 exstincta
2637 1021 2892 1076 namque
2906 1020 3147 1078 corpora
3168 1022 3370 1063 eorum
3392 1005 3581 1065 viven.

1933 1094 2022 1146 tes
2048 1090 2185 1162 aegri
2232 1090 2495 1158 veniunt,
2530 1095 2586 1148 et
2615 1096 2939 1161 sanantur;
2971 1094 3189 1166 perjuri
3236 1096 3496 1164 veniunt,
3525 1099 3583 1155 et

1936 1196 1971 1233 a
1996 1179 2280 1235 daemonio
2327 1185 2648 1250 vexantur;
2678 1181 3020 1239 daemoniaci
3059 1183 3322 1252 veniunt,
3353 1189 3411 1240 et
3437 1184 3581 1243 libe-

1937 1272 2160 1324 rantur.
2199 1271 2381 1335 Quam
2404 1269 2656 1341 gloriose
2686 1269 2865 1342 igitur
2892 1270 3094 1327 vivunt
3124 1272 3223 1329 ubi
3252 1272 3486 1331 vivunt!
3520 1273 3583 1333 Si

1936 1356 1997 1412 in
2028 1361 2113 1414 tot
2143 1357 2445 1413 miraculis
2475 1359 2674 1415 vivunt
2704 1357 2816 1427 hic,
2839 1358 2936 1417 ubi
2968 1359 3186 1417 mortui
3215 1361 3393 1419 sunt?
3408 1363 3572 1419 {Eleo

1940 1464 2075 1502 nam
2108 1447 2289 1519 igitur
2307 1446 2507 1515 vitam,
2530 1446 2757 1516 fratres,
2781 1448 3088 1505 credamus
3103 1448 3369 1519 ﬁrmiter,
3393 1466 3564 1524 spera

1940 1552 2072 1592 mus
2103 1540 2157 1591 et
2207 1540 2859 1609 appetamus;propter
2914 1553 3043 1592 eam
3101 1538 3301 1595 omnia
3354 1542 3565 1601 terram

1940 1628 2406 1693 contemnamus,
2442 1622 2704 1681 carnales
2762 1623 3087 1697 voluptates
3145 1631 3203 1683 et
3256 1626 3569 1689 voluntatis

1944 1718 2174 1770 nostras
2205 1714 2587 1785 abnegemus,
2619 1730 2851 1769 crucem
2902 1713 3117 1770 Christi
3165 1719 3223 1771 et
3254 1715 3313 1771 in
3343 1716 3564 1793 castig-

1942 1803 2099 1859 tione
2154 1802 2366 1869 carnis,
2414 1806 2471 1859 et
2527 1801 2586 1857 in
2645 1802 3048 1876 compassione
3103 1804 3375 1877 proximi,
3418 1803 3564 1865 etin

1943 1892 2378 1966 aequanimitate
2408 1891 2842 1965 persecutiones
2870 1892 3156 1965 patienter
3192 1894 3473 1966 feramus,
3498 1893 3567 1950 li-

1943 1986 2063 2036 tam
2095 1985 2151 2036 et
2185 1982 2511 2037 doctrinam
2542 1980 2755 2037 Christi
2785 1982 3123 2039 omnimodo
3154 1985 3320 2057 sequi
3353 1985 3564 2043 studia-

1946 2086 2098 2137 mus,
2120 2073 2412 2141 quatenus
2432 2069 2559 2141 ejus
2580 2069 2961 2127 beatitudinis
2982 2070 3296 2145 participes
3324 2089 3451 2130 esse
3470 2089 3568 2131 ne-

1946 2175 2199 2227 reamur,
2233 2157 2358 2231 ipso
2417 2157 2700 2230 largiente
2749 2158 2849 2231 qui
2898 2176 3032 2216 cum
3086 2160 3253 2217 Patre
3280 2166 3339 2219 et
3368 2162 3567 2236 Spil'tu

1947 2251 2146 2303 sancto
2167 2246 2304 2302 vivit
2326 2250 2383 2303 et
2400 2250 2607 2320 regnat
2637 2263 2739 2321 per
2768 2248 2967 2305 omnia
2987 2247 3199 2308 saecula
3220 2250 3568 2311 seculorum.

1945 2341 2151 2391 Amen.

2076 2515 2253 2570 UNIUS
2292 2531 2598 2571 MARTYRIS.
2641 2531 2831 2571 suane
2872 2532 2945 2573 ns
2984 2533 3092 2573 us.
3134 2533 3464 2577 saprmw.

2018 2603 2214 2658 Beatus
2244 2605 2331 2658 vir
2359 2605 2456 2675 qui
2487 2605 2737 2660 inventus
2762 2612 2839 2661 est
2865 2605 2986 2660 sine
3015 2607 3251 2673 macula,
3278 2615 3330 2665 et
3355 2610 3450 2680 qui
3464 2615 3576 2671 post

1947 2708 2149 2746 aurum
2175 2707 2285 2747 non
2315 2692 2473 2761 abiit,
2506 2708 2603 2748 nec
2628 2693 2868 2764 speravit
2914 2694 2975 2751 in
3018 2697 3273 2765 pecuniae
3317 2697 3575 2757 thesatrt's

1949 2779 2135 2852 (Eccli.
2166 2783 2341 2848 xxxx),
2367 2784 2475 2836 etc.
2518 2779 2954 2852 Quadripertita
2982 2785 3072 2838 est
3101 2781 3221 2839 haec
3252 2782 3442 2855 lectio,
3465 2785 3573 2851 fra-

1947 2872 2068 2924 tres
2095 2867 2227 2923 mei.
2256 2868 2446 2924 Primo
2477 2867 2692 2941 quippe
2723 2868 2857 2940 quis
2875 2868 2951 2927 sit
2970 2869 3178 2929 beatus
3206 2871 3571 2931 demonsrat.

1950 2957 2238 3024 Secundo,
2272 2973 2407 3011 eum
2456 2956 2845 3012 commendat.
2880 2956 3095 3027 Tertio,
3128 2959 3284 3015 unde
3315 2959 3578 3021 meruerit

1951 3045 2108 3100 dicit.
2171 3047 2410 3111 Quarto,
2462 3044 2524 3101 in
2580 3061 2695 3117 quo
2753 3044 3059 3117 praemium
3124 3047 3253 3119 ejus
3309 3053 3579 3108 consstat

194 3144 481 3214 tanquam
512 3136 629 3194 Deo
658 3135 1000 3193 exhortante
1029 3150 1132 3208 per
1151 3151 1257 3191 nos
1282 3150 1295 3190 :
1322 3135 1696 3191 obsecramus
1715 3151 1837 3201 vos,
1870 3122 1913 3189 C
1950 3135 2224 3192 ostendit.
2260 3135 2518 3192 Primum
2550 3135 2731 3208 igitur
2760 3134 2894 3208 quis
2937 3136 3014 3192 sit
3062 3135 3271 3194 beatus
3315 3142 3577 3211 ostendit,

198 3224 659 3286 reconciliamini
703 3229 814 3282 Deo
865 3224 937 3298 (ΙΙ
963 3228 1086 3282 (ἔον.
1117 3223 1194 3297 v).
1230 3246 1259 3275 »
1306 3224 1625 3280 Erubescat
1666 3223 1844 3296 igitur

197 3315 476 3391 superbia
503 3318 723 3373 nostra.
756 3317 908 3371 Deus
955 3312 1214 3369 oil‘ensus
1251 3329 1358 3369 nos
1386 3316 1717 3385 peccatores
1742 3329 1844 3385 per

196 3405 424 3482 legatos
465 3422 604 3463 suos
650 3405 723 3461 ad
770 3419 971 3477 pacem
1020 3402 1178 3476 prior
1208 3406 1373 3475 rogat
1401 3402 1616 3470 venire,
1649 3406 1705 3458 et
1735 3419 1841 3459 nos

193 3494 395 3555 miseri
414 3492 817 3569 peccatoribus
842 3489 1124 3565 proximis
1154 3490 1370 3547 nostris
1398 3490 1621 3563 priores
1642 3490 1842 3548 erube-

193 3584 416 3645 scimus
444 3582 778 3639 satisfacere
801 3582 814 3637 ί

264 3671 538 3748 Sequitur
580 3687 717 3747 pars
766 3674 994 3743 quarta,
1030 3670 1089 3725 in
1123 3687 1240 3743 qua
1268 3668 1572 3737 Dominus,
1603 3669 1676 3725 ad
1708 3687 1838 3742 pro-

193 3762 363 3820 missi
393 3759 558 3835 regni
589 3758 1086 3831 certiﬁcationem,
1119 3758 1409 3830 promittit
1438 3758 1725 3831 quosdam
1757 3758 1840 3814 di-

190 3851 555 3928 scipulorum
575 3850 803 3907 visuros
826 3849 992 3907 illum
1020 3848 1195 3905 etiam
1218 3853 1352 3905 ante
1374 3854 1622 3906 mortem
1644 3866 1839 3916 suam,

189 3959 326 4001 cum
348 3940 548 3997 subdit
571 3955 585 3993 :
607 3940 737 3995 Dico
754 3946 935 3995 autem
955 3939 1100 3994 vobis
1126 3937 1427 3995 vere:Sunt
1441 3937 1532 3994 hic
1548 3939 1730 4011 aliqui
1743 3940 1842 4011 qui

186 4048 303 4089 non
325 4032 621 4101 gustabunt
661 4036 910 4095 mortem,
941 4026 1109 4084 donec
1153 4026 1372 4084 videant
1414 4027 1623 4083 Filium
1668 4028 1840 4084 homi-

186 4122 279 4177 m's
309 4122 367 4177 in
399 4134 566 4191 regno
593 4133 712 4174 suo.
744 4116 815 4171 Hi
857 4115 1131 4189 discipuli
1160 4120 1301 4171 sunt
1331 4115 1554 4184 Petrus,
1586 4116 1839 4172 Jacobus

188 4213 248 4267 et
274 4208 553 4273 Joannes,
584 4205 805 4280 quibus
833 4209 966 4279 post
986 4208 1209 4278 septem
1231 4203 1375 4274 dies,
1409 4207 1474 4260 ut
1502 4203 1560 4259 in
1595 4221 1840 4277 sequen-

187 4298 349 4355 tibus
378 4296 727 4364 continetur,
760 4294 1046 4351 Dominus
1074 4292 1321 4367 gloriam
1349 4310 1519 4349 suam
1551 4293 1609 4349 in
1642 4298 1840 4349 monte

189 4385 429 4443 Thabor
473 4384 929 4457 transfiguratus
987 4382 1410 4438 demonstravit
1437 4381 1644 4453 (Matth.
1676 4384 1837 4452 xvu).

185 4472 506 4549 Discipulis
529 4472 744 4548 quippe
768 4471 961 4529 adhuc
977 4470 1223 4528 rudibus
1255 4470 1476 4543 aliquid
1498 4469 1837 4544 promitten-
1866 4494 1913 4559 Β

182 4564 329 4621 dum
358 4563 470 4620 fuit
497 4562 558 4618 in
589 4560 862 4639 praesenti
907 4560 1048 4630 vita,
1082 4563 1146 4617 ut
1174 4560 1236 4615 in
1266 4560 1381 4616 ﬁde
1424 4560 1836 4617 roborarentur

181 4658 242 4711 et
271 4653 329 4709 in
361 4668 464 4729 spe
496 4653 726 4709 futurae.
760 4649 854 4708 Sic
884 4654 941 4707 et
969 4648 1285 4707 Israelitico
1327 4647 1544 4722 populo
1587 4650 1835 4722 promis-

181 4742 367 4803 sionis
394 4746 550 4798 terra
578 4739 963 4815 promittitur,
985 4743 1060 4807 et,
1085 4755 1220 4795 cum
1250 4739 1548 4795 vocandus
1577 4744 1732 4795 esset
1758 4739 1833 4796 ad

182 4831 462 4901 cmlestia,
498 4828 747 4887 terrenis
795 4827 1286 4903 promissionibus
1330 4828 1613 4884 suadetur
1639 4829 1831 4896 (Emori.

184 4924 292 4990 In).
326 4919 401 4978 Ut
459 4918 602 4993 quid
659 4918 818 4975 hoc?
849 4917 963 4974 nisi
1022 4916 1161 4991 quia
1211 4916 1353 4973 dum
1401 4920 1555 4974 esset
1611 4916 1834 4991 aliquid

181 5008 341 5087 quod
397 5026 469 5066 ex
522 5007 713 5065 vicino
770 5007 1184 5082 perciperetur,
1244 5005 1388 5061 illud
1435 5007 1565 5078 jam
1622 5006 1836 5062 certius

184 5098 443 5157 crederet
474 5098 630 5171 quod
662 5097 716 5154 ei
754 5097 826 5153 de
877 5094 1199 5171 longinquo
1246 5095 1604 5167 promissum
1660 5099 1832 5152 esset.

182 5185 448 5245 Carnalis
497 5186 656 5245 enim
701 5184 976 5260 populus,
1012 5185 1063 5243 si
1120 5200 1299 5258 parva
1355 5200 1472 5240 non
1529 5184 1831 5257 acciperet,

182 5291 401 5349 magna
430 5292 548 5335 non
579 5274 1035 5333 crederet.Unde
1065 5278 1122 5331 et
1151 5274 1223 5330 de
1251 5271 1337 5329 eis
1367 5271 1605 5328 dicitur:
1624 5295 1649 5322 ι(
1666 5272 1836 5330 Dedit

180 5363 269 5421 eis
289 5362 557 5438 regiones
575 5362 863 5438 gentium,
879 5368 936 5419 et
950 5361 1181 5419 labores
1199 5359 1547 5434 populorum
1569 5360 1836 5434 possede-

180 5458 345 5521 runt,
374 5457 440 5511 ut
488 5450 825 5511 custodiant
877 5450 1334 5524 justiﬁcationes
1379 5449 1527 5523 ejus,
1563 5455 1619 5507 et
1645 5449 1836 5523 legem

180 5543 313 5619 ejus
353 5540 659 5621 requirant
703 5540 879 5617 (Psal.
911 5540 1043 5617 Civ).
1078 5561 1107 5591 ››
1147 5540 1220 5598 Et
1274 5542 1414 5597 sunt
1464 5538 1657 5597 adhuc
1716 5556 1834 5599 non

1950 3241 2083 3280 cum
2117 3222 2258 3280 dicit
2283 3240 2298 3279 :
2334 3229 2535 3280 Beatus
2564 3225 2652 3279 vir
2680 3225 2779 3296 qui
2822 3225 3072 3280 inventus
3100 3233 3181 3282 est
3203 3228 3326 3283 sine
3351 3229 3578 3299 macula,

1949 3318 2059 3370 etc.
2084 3312 2224 3380 Quis
2253 3316 2342 3369 est
2370 3312 2619 3369 beatus?
2642 3312 2730 3368 vir
2746 3311 2975 3369 scilicet
3003 3313 3105 3387 qui
3135 3331 3251 3373 non
3282 3320 3370 3373 est
3400 3310 3581 3375 millia

1949 3419 2055 3458 nec
2083 3402 2475 3470 etiaminatus,
2511 3401 2614 3457 sed
2667 3401 2866 3474 potius
2920 3401 3105 3461 virilis
3160 3408 3221 3461 et
3275 3404 3581 3469 virtuosus.

1949 3492 2104 3548 Deus
2122 3491 2278 3547 enim
2306 3491 2452 3546 duro
2485 3489 2668 3546 milite
2698 3491 2932 3564 gaudet,
2966 3509 3082 3549 non
3114 3509 3180 3549 eo
3211 3494 3313 3567 qui
3342 3493 3585 3567 otio,de-

1947 3580 2117 3650 liciis,
2150 3579 2548 3652 voluptatibus
2577 3596 2705 3636 sese
2733 3579 2970 3652 praebet,
3003 3581 3104 3638 sed
3132 3598 3198 3638 eo
3229 3581 3329 3656 qui
3376 3585 3435 3643 in
3465 3584 3587 3647 aba-

1946 3668 2230 3738 tinentiis,
2277 3667 2336 3723 in
2397 3667 2832 3741 asperitatibus,
2883 3673 2943 3725 et
2997 3669 3061 3727 in
3111 3669 3410 3730 laboribus
3465 3690 3587 3732 sese

1947 3761 2174 3814 exercet
2202 3772 2214 3812 :
2248 3778 2277 3807 ‹‹
2306 3756 2431 3811 Non
2464 3756 2621 3811 enim
2653 3756 3045 3825 coronabitur,
3070 3757 3180 3813 nisi
3212 3759 3312 3833 qui
3336 3758 3588 3834 legitime

1946 3845 2250 3902 certaverit
2278 3846 2351 3917 (Il
2372 3845 2506 3900 Tim.
2541 3845 2622 3917 ιι).
2646 3866 2673 3893 ››
2697 3845 2812 3901 Nec
2845 3844 3176 3918 pervenitur
3206 3847 3279 3909 ad
3311 3865 3587 3924 magnum

1947 3934 2253 4007 praemium
2285 3933 2401 3990 nisi
2444 3951 2546 4007 per
2592 3933 2853 3990 laborem
2894 3950 3196 4008 magnum.
3231 3936 3448 3996 Deinde
3474 3939 3587 3995 vir-

1946 4027 2102 4079 tutes
2131 4022 2283 4079 beati
2310 4021 2418 4078 viri
2441 4020 2693 4094 exponit,
2727 4039 2861 4077 cum
2904 4024 3108 4080 subdit
3142 4041 3155 4081 :
3191 4024 3299 4094 Qui
3342 4028 3590 4084 inventus

1944 4120 2022 4169 est
2047 4114 2169 4170 sine
2198 4112 2434 4167 macula.
2468 4112 2595 4167 Non
2627 4111 2709 4167 ait
2739 4112 2839 4185 qui
2874 4129 2991 4169 non
3021 4113 3228 4173 habuit
3275 4116 3588 4187 maculam,

1947 4200 2225 4275 quoniam
2273 4217 2443 4257 nemo
2486 4200 2745 4256 mundus
2774 4217 2809 4256 a
2834 4201 3023 4269 sorde,
3057 4219 3161 4258 nec
3191 4204 3367 4261 etiam
3402 4205 3591 4264 infans

1947 4291 2116 4365 cujus
2144 4289 2263 4345 vita
2291 4294 2380 4345 est
2409 4289 2588 4345 unius
2616 4288 2730 4346 diei
2762 4307 2940 4364 super
2974 4295 3213 4360 terram,
3243 4294 3346 4349 sed
3377 4298 3474 4367 qui
3502 4297 3590 4353 in-

1946 4389 2133 4436 ventus
2176 4387 2257 4436 est
2293 4379 2414 4435 sine
2455 4379 2696 4446 macula,
2730 4378 2787 4434 id
2820 4383 2929 4446 est,
2962 4379 3086 4452 qui,
3118 4381 3227 4437 etsi
3274 4381 3591 4456 aliquando

1947 4467 2153 4525 habuit
2182 4466 2495 4523 maculam.
2528 4470 2723 4523 tamen
2753 4465 3028 4541 lacrymis
3058 4485 3202 4524 vera:
3239 4471 3590 4543 pcenitentia

1944 4575 2072 4614 eam
2106 4556 2293 4614 abluit
2317 4559 2374 4612 et
2402 4556 2759 4624 amandavit,
2785 4558 2957 4629 juxta
3014 4557 3169 4630 quod
3232 4556 3543 4615 Psalmista
3570 4577 3588 4618 :

1944 4670 1972 4697 ‹‹
2006 4647 2187 4715 Beati,
2222 4647 2433 4719 inquit,
2468 4662 2719 4719 quorum
2750 4646 3008 4703 remissa:
3056 4651 3195 4702 sunt
3232 4645 3590 4720 iniquitates,

1944 4742 2003 4793 et
2036 4754 2287 4809 quorum
2318 4740 2470 4792 tecta
2502 4740 2640 4791 sunt
2676 4739 2912 4809 peccata
2941 4735 3112 4805 (Psal.
3143 4739 3320 4806 xm).
3352 4759 3380 4787 ››
3410 4735 3591 4793 Voca-

1945 4831 2042 4881 tur
2070 4830 2265 4882 autem
2299 4824 2704 4880 universaliter
2734 4823 2967 4880 macula
2996 4823 3317 4882 criminalis
3348 4827 3589 4899 peccati,

1945 4914 2275 4988 specialiter
2320 4931 2454 4970 vero
2502 4912 2735 4970 macula
2770 4913 2960 4970 vocari
3009 4917 3201 4986 potest
3241 4913 3491 4985 luxuria,
3525 4933 3592 4973 eo

1945 5005 2100 5078 quod
2145 5003 2278 5077 plus
2322 5020 2500 5077 quam
2549 5007 2757 5058 caetera
2799 5002 3175 5059 criminalitia
3214 5006 3335 5059 tam
3379 5021 3593 5079 corpus

1944 5111 2123 5167 quam
2202 5092 2461 5148 animam
2538 5090 2946 5147 commaculet.
3009 5091 3172 5148 Unde
3227 5093 3591 5166 Apostolus:

1945 5206 1974 5235 ‹‹
2006 5183 2191 5239 Omne
2220 5186 2549 5255 peccatum,
2576 5179 2791 5254 inquit,
2826 5181 3218 5254 quodcunque
3266 5181 3463 5239 fecerit
3492 5181 3594 5240 ho-

1943 5290 2060 5329 mo.
2082 5274 2243 5327 extra
2272 5285 2485 5344 corpus
2515 5274 2622 5325 est.
2650 5269 2758 5338 Qui
2792 5274 2989 5326 autem
3017 5269 3358 5340 fornicatur,
3381 5271 3442 5328 in
3472 5287 3596 5328 cor-

1942 5378 2053 5435 pus
2085 5377 2259 5417 suum
2290 5363 2490 5433 peccat
2519 5358 2569 5432 (l
2597 5359 2715 5417 Cor.
2749 5362 2850 5427 v1).
2874 5381 2902 5408 »
2935 5361 2997 5416 1d
3027 5363 3139 5431 est,
3173 5358 3332 5415 nullo
3364 5364 3595 5432 peccato

1943 5451 2028 5507 sic
2059 5456 2219 5507 totus
2247 5449 2423 5506 homo
2455 5449 2717 5521 corporis
2746 5446 2940 5520 ipsius
2968 5448 3254 5521 voluptati
3283 5446 3597 5517 addicitur,

1945 5537 2430 5600 etinevitabiliter
2445 5536 2718 5613 afficitur,
2733 5535 2893 5596 sicut
2908 5535 3309 5610 fornicatione,
3323 5532 3600 5615 quoniam
