4002 6078
371 286 530 349 1539

1667 284 2062 361 RADULPHI
2101 264 2497 349 hanENTIs

3621 254 3807 353 ιδιά

371 419 430 476 in
464 418 597 474 aliis
626 416 898 492 peccatis,
930 417 1048 475 illis
1094 419 1269 475 etiam
1319 435 1446 492 qua:
1483 435 1586 492 per
1615 435 1824 491 corpus
1857 435 2016 474 exer-
2044 419 2102 486 Α
2129 419 2495 493 contagiosos
2547 418 2736 475 vivere
2794 436 2935 475 sane
2955 418 2983 475 ‘I
3014 419 3123 489 Qui
3164 420 3225 475 in
3262 419 3379 488 illo,
3409 418 3623 493 inquit,
3652 437 3788 495 per-

371 512 596 573 cenlur,
642 504 838 580 qualia
869 512 1007 563 sunt
1033 507 1288 564 ebrietas
1319 510 1375 563 et
1399 509 1627 580 rapina,
1657 507 1909 563 liberum
1942 511 2031 563 est

370 597 568 653 animo
596 594 657 652 in
689 596 893 652 eodem
924 600 1187 669 tempore
1216 600 1272 653 et
1302 595 1461 652 aliud
1510 596 1759 670 operari,
1796 601 1855 653 et
1884 595 2025 652 alibi

372 683 718 759 cogitatione
749 685 1024 741 distendi.
1059 684 1166 751 Qui
1195 702 1330 742 vero
1361 685 1705 752 fornicatur,
1736 688 1894 742 totus
1927 685 2026 740 ab-

372 774 664 842 sorbetur,
685 778 751 831 ut
766 773 1000 831 animus
1020 773 1169 831 liber
1183 791 1297 831 non
1322 775 1418 841 sit,
1434 775 1534 832 sed
1557 779 1714 831 totus
1734 774 1908 831 homo
1928 774 2030 830 fiat

371 879 520 919 caro.
548 865 614 919 Et
642 865 760 936 qui,
790 863 1011 936 inquit,
1059 872 1183 937 post
1237 880 1441 920 aurum
1490 880 1601 921 non
1656 863 1812 932 abiit,
1848 863 1905 920 id
1940 867 2029 919 est

375 967 541 1024 quem
566 951 902 1008 divitiarum
927 957 985 1009 et
1007 952 1396 1009 ambitionum
1421 952 1896 1026 cupiditasavita:
1909 969 2026 1009 rec-

371 1040 615 1097 titudine
638 1058 752 1097 non
785 1041 920 1097 fecit
941 1042 1190 1098 deviare.
1210 1042 1339 1098 Haec
1357 1043 1494 1111 duo,
1509 1042 1775 1099 videlicet
1795 1042 2027 1098 luxuria

368 1134 422 1187 et
459 1131 778 1204 cupiditas,
825 1135 984 1200 sunt,
1024 1132 1197 1204 juxta
1250 1131 1622 1188 Salomonem
1654 1134 1835 1200 (Prav.
1867 1136 2020 1198 xxx),

379 1220 536 1275 «dua:
568 1219 699 1276 filim
730 1220 1165 1295 sanguisugae,»
1182 1222 1236 1276 id
1258 1226 1347 1278 est
1378 1221 2021 1294 concupiscentiae,qua3

381 1322 593 1382 semper
624 1308 852 1366 dicunt:
883 1333 909 1361 ‹‹
926 1310 1301 1378 All‘er,afl‘er.»
1319 1311 1573 1383 Utraque
1587 1310 1741 1366 enim
1765 1310 2022 1366 estinsa-

380 1396 624 1469 t'abilis;
676 1398 971 1455 luxuriam
1019 1399 1234 1473 quippe
1281 1404 1500 1473 quanto
1552 1399 1685 1472 plus
1732 1400 2014 1472 sequeris,

381 1488 521 1543 tmte
554 1486 688 1561 plus
720 1504 848 1544 eam
882 1488 1094 1561 gestis;
1120 1495 1177 1544 et
1205 1493 1335 1560 post
1366 1488 1595 1562 copiam
1628 1505 1833 1545 rursus
1863 1493 2018 1561 pate-

381 1572 448 1630 ri:
462 1580 800 1649 egestatem.
817 1576 1206 1649 Cupiditatem
1223 1594 1455 1650 quoque
1468 1577 1631 1633 nulla
1644 1578 1815 1633 satiat
1828 1579 2012 1633 abun-

380 1662 577 1733 daitia,
608 1666 732 1733 sed,
768 1682 929 1722 more
959 1665 1282 1740 hydropici,
1316 1683 1451 1723 cum
1502 1666 1637 1740 plus
1676 1665 1843 1735 bibit,
1878 1666 2013 1740 plus

378 1751 497 1810 sitt.
522 1755 594 1811 Et
625 1771 639 1812 :

413 1843 593 1901 Crescit
618 1860 773 1902 amor
798 1846 1016 1901 nummi
1042 1853 1311 1917 quantum
1342 1847 1461 1918 ipsa
1488 1848 1723 1919 pecunia
1752 1848 1963 1903 crescit.

444 1932 530 1989 Νξσ
576 1936 834 2007 speravit,
895 1933 1109 2007 inquit,
1166 1936 1227 1989 in
1280 1938 1534 2007 pecuniae
1615 1936 1900 2001 thesauris,
1942 1935 2001 1991 id

373 2026 607 2092 est,non
668 2022 779 2079 fuit
834 2040 1043 2079 avarus
1101 2022 1380 2096 pecunias,
1414 2024 1513 2079 sed
1565 2024 1761 2096 potius
1808 2024 2001 2080 distri-

372 2113 541 2180 butcr,
563 2112 734 2185 juxta
762 2111 906 2167 illud
945 2128 957 2167 :
992 2135 1019 2162 ‹‹
1054 2112 1360 2184 Dispersit,
1409 2111 1567 2167 dedit
1616 2113 1993 2185 pauperibus,

361 2202 577 2273 justtia
606 2202 733 2273 ejus
763 2204 960 2256 manet
991 2201 1047 2255 in
1082 2199 1361 2256 saeculum
1393 2199 1583 2256 saeculi
1610 2202 1777 2271 (Paul.
1812 2205 1946 2269 cxx),
1970 2225 1996 2252 ››

370 2289 510 2346 Sicu.
557 2290 713 2345 enim
773 2289 970 2361 cupidi
1020 2292 1108 2345 est
1152 2306 1268 2345 non
1299 2289 1763 2361 concupiscenda
1792 2308 1997 2345 concu-

366 2378 589 2452 piscere,
625 2379 705 2435 ita
735 2377 890 2435 avari
920 2382 1010 2434 est
1057 2396 1173 2433 non
1219 2378 1521 2434 retinenda
1571 2379 1816 2435 retinere
1848 2385 1903 2435 et
1936 2380 1994 2435 in

365 2467 450 2527 eis
487 2485 720 2542 sperare.
755 2467 918 2524 Unde
974 2467 1214 2523 avaritia
1265 2467 1555 2523 idolorum
1614 2468 1863 2524 servitus
1921 2471 1993 2525 ab

363 2557 618 2632 Aposolo
649 2561 1024 2629 nuncupatur
1051 2557 1188 2626 (Col.
1223 2558 1326 2628 ιιι).
1360 2559 1582 2613 Avarus
1630 2556 1784 2611 enim
1820 2576 1990 2613 num-

365 2662 511 2704 mun
556 2663 660 2720 pro
703 2645 820 2703 Deo
864 2645 1018 2702 colit.
1056 2647 1276 2718 itaque,
1310 2646 1519 2702 fratres
1560 2646 1692 2713 mei,
1729 2648 1829 2719 qui
1873 2666 1988 2703 non

364 2736 540 2793 molls
569 2739 782 2803 mente,
818 2735 894 2792 sit
923 2736 1238 2791 virtuosus.
1273 2734 1380 2803 Qui
1428 2740 1517 2791 est
1564 2740 1756 2791 mente
1789 2741 1843 2791 et
1870 2752 1990 2790 cor-

361 2842 501 2901 pore
538 2824 972 2894 immaculatus,
1007 2825 1105 2898 qui
1166 2823 1512 2898 temporalia
1564 2825 1901 2889 contemnit,
1933 2829 1989 2881 et

361 2931 430 2972 ea
485 2916 517 2971 ε
576 2914 810 2982 habeat,
841 2917 1077 2987 propter
1129 2913 1315 2970 Deum
1374 2913 1731 2987 pauperibus
1788 2914 1986 2971 distri-

358 3004 637 3073 buit,iste
667 3002 882 3059 dicitur
918 3004 1047 3075 jam
1098 3020 1228 3059 esse
1257 3004 1484 3060 beatus.
1517 3004 1602 3060 Ad
1632 3004 1777 3061 istas
1808 3003 1988 3078 igitur

354 3093 584 3151 virtues
606 3091 1014 3166 adipiscendae
1034 3096 1155 3149 toto
1178 3091 1465 3149 desiderio
1487 3092 1988 3167 laboremus,qua-

354 3188 520 3242 tenus
541 3186 598 3240 et
628 3199 735 3240 nos
762 3181 824 3238 in
856 3197 1103 3238 numero
1126 3252 1130 3256 Α
1155 3180 1459 3238 beatorum
1516 3182 1841 3256 computari
1870 3199 1987 3240 me-
2017 3159 2059 3226 (ἶ

547 3290 593 3328 ι’.

547 3290 593 3328 r.

355 3290 691 3435 ΓΘῐὲῐέῒυίιιιικ
720 3376 856 3433 pars
900 3359 1175 3427 secunda,
1209 3359 1268 3415 in
1315 3377 1430 3432 qua
1473 3360 1814 3433 praedictum
1859 3360 1985 3418 lau-

351 3451 472 3521 dat,
498 3462 628 3507 cum
661 3448 863 3506 subdit
894 3465 907 3505 :
944 3448 1075 3517 Quis
1103 3456 1180 3504 est
1203 3449 1310 3516 hic,
1344 3448 1402 3504 id
1445 3452 1535 3505 est
1581 3454 1836 3521 quantus
1899 3453 1988 3507 est

349 3540 465 3614 hic,
494 3547 536 3597 ει
589 3538 941 3596 laudabimus
997 3537 1321 3608 eum?/‘ecit
1375 3540 1526 3594 enim
1577 3539 1870 3596 mirabilia
1927 3542 1987 3597 in

346 3628 461 3688 vita
493 3645 613 3687 sua.
662 3626 788 3683 Non
839 3625 922 3682 ait
969 3624 1259 3693 mirabile,
1306 3627 1407 3682 sed
1453 3625 1763 3684 mirabilia.
1796 3628 1901 3694 Qui
1933 3646 1988 3685 e-

348 3718 469 3777 nim
512 3715 855 3790 hujusmodi
903 3714 1148 3771 virtutes
1198 3714 1259 3771 in
1316 3714 1425 3772 hac
1481 3715 1600 3772 vita
1654 3717 1982 3787 observant,

345 3808 459 3865 tria
482 3804 774 3863 mirabilia
803 3803 863 3860 in
912 3820 975 3860 se
1025 3804 1447 3861 demonstrant.
1484 3804 1747 3862 Mirabile
1787 3807 1987 3863 rarita-

345 3901 423 3966 te,
448 3895 723 3972 quoniam
755 3892 971 3948 mirum
996 3896 1087 3949 est
1109 3894 1264 3966 quod
1296 3892 1514 3966 aliquis
1539 3894 1857 3961 virtuosus,
1880 3895 1987 3952 im-

344 3985 1069 4055 maculatus,contemptor
1098 3981 1295 4039 saeculi
1318 3987 1375 4038 et
1394 3981 1742 4040 distributor
1774 4002 1986 4058 paupe-

341 4074 504 4132 ribus
561 4071 888 4130 inveniatur
937 4071 995 4127 in
1047 4070 1157 4128 hoc
1214 4071 1447 4141 saeculo,
1479 4072 1581 4128 ubi
1613 4078 1752 4130 sunt
1781 4091 1987 4133 omnes

340 4162 567 4232 molles,
600 4161 898 4233 maculati,
951 4165 1243 4218 amatores
1292 4161 1510 4230 saeculi,
1557 4166 1986 4237 contemptores

338 4269 664 4329 pauperum
694 4251 1004 4319 habentur,
1032 4251 1203 4322 juxta
1232 4250 1377 4307 illud
1411 4256 1593 4324 poetas
1630 4269 1644 4307 :

462 4342 605 4399 Rara
632 4342 751 4398 avis
782 4342 843 4397 in
874 4342 1037 4397 terris
1062 4342 1332 4413 nigroque
1356 4341 1651 4397 simillima
1677 4359 1862 4415 cycno.

550 4420 556 4425 ’
1328 4429 1485 4502 (Juv.
1518 4438 1620 4487 sat.
1653 4448 1730 4500 v1,
1767 4433 1913 4500 164.)

2134 510 2309 580 fectus
2338 510 2588 564 inventus
2615 515 2712 577 est,
2747 508 2805 563 id
2837 513 2925 564 est
2954 508 3014 562 in
3045 507 3453 581 praedictarum
3493 507 3789 566 virtutum

2136 596 2525 664 exsecutione,
2596 598 2705 653 erit
2738 596 2860 674 ,ἐιΖί
2933 597 3113 669 gloria
3185 605 3414 654 aeterna.
3480 598 3790 671 Magnum,

2137 684 2407 742 mirabile
2439 689 2494 742 et
2522 684 2840 760 gloriosum
2875 686 3176 754 meritum,
3208 686 3423 758 majus,
3456 686 3795 744 mirabilius

2138 776 2192 830 et
2224 773 2537 847 gloriosius
2565 775 2872 848 praemium
2903 778 3314 848 consequetur.

2208 863 2486 934 Sequitur
2515 881 2651 936 pars
2682 863 2874 931 tertia,
2905 863 2966 919 in
2997 881 3115 936 qua
3145 865 3479 920 ostenditur
3526 866 3686 922 unde
3719 866 3797 922 sit

2138 952 2435 1019 meritum,
2478 969 2611 1009 cum
2661 953 3040 1027 subjungitur
3069 970 3082 1009 :
3114 953 3223 1023 Qui
3244 956 3425 1026 potuit
3452 956 3791 1028 transgredi,

2139 1058 2255 1097 non
2290 1041 2552 1098 faciendo
2569 1059 2637 1098 ea
2661 1059 2788 1115 quae
2819 1046 3109 1115 praecepta
3136 1047 3276 1099 sunt
3304 1044 3452 1111 ﬁeri,
3471 1044 3628 1117 quod
3661 1062 3796 1118 pro-

2135 1129 2259 1202 prie
2289 1135 2378 1186 est
2408 1130 2707 1197 delictum,
2739 1138 2792 1188 et
2832 1148 2944 1187 non
2991 1139 3066 1188 est
3111 1140 3483 1206 trangressus,
3515 1137 3574 1189 et
3607 1136 3796 1206 facere

2130 1220 2282 1274 mala
2314 1236 2440 1292 quae
2471 1219 2765 1293 prohibita
2795 1224 2954 1288 sunt,
2974 1222 3129 1293 quod
3152 1220 3385 1294 preprie
3416 1221 3633 1279 dicitur
3660 1240 3796 1297 pec-

2135 1313 2351 1374 catum,
2385 1317 2435 1365 et
2462 1327 2572 1365 non
2599 1311 2749 1382 fecit.
2783 1310 2863 1365 Ex
2891 1327 2957 1366 eo
2987 1310 3164 1379 enim,
3198 1311 3408 1367 fratres
3458 1311 3595 1381 mei,
3625 1312 3785 1385 quod

2127 1396 2419 1454 habemus
2471 1397 2802 1455 libertatem
2859 1397 3107 1468 arbitrii,
3142 1399 3261 1456 sive
3301 1400 3375 1456 ad
3425 1401 3671 1467 bonum,
3704 1400 3787 1458 si-

2123 1503 2190 1542 ve
2222 1488 2291 1543 ad
2328 1486 2573 1555 malum,
2609 1487 2927 1560 promereri
2970 1487 3245 1558 dicimur,
3278 1490 3516 1561 quando
3559 1489 3788 1546 scilicet

2124 1575 2345 1632 malum
2405 1577 2558 1648 quod
2608 1576 2796 1633 facere
2844 1593 3162 1650 possumus
3209 1576 3512 1647 evitantes,
3552 1579 3780 1636 bonum

2121 1663 2397 1737 eligimus
2427 1668 2483 1721 et
2512 1681 2843 1738 operamur.
2877 1665 2984 1722 Pro
3027 1683 3200 1740 opere
3255 1666 3414 1723 enim
3474 1667 3633 1741 quod
3686 1669 3776 1724 fa-

2119 1768 2247 1808 cere
2279 1770 2394 1809 non
2425 1769 2883 1826 possumus,nec
2913 1771 3148 1828 pinnam
3177 1772 3284 1812 nec
3310 1755 3621 1829 praemium
3654 1773 3779 1815 me-

2115 1859 2329 1898 remur.
2394 1844 2621 1909 Quanto
2679 1842 2861 1916 igitur
2916 1844 3198 1916 majorem
3251 1843 3581 1902 libertatem
3633 1848 3773 1920 quis

2110 1930 2309 2000 habet,
2338 1935 2501 1988 tanto
2551 1931 2740 2005 magis
2789 1936 3063 2001 meretur,
3102 1932 3151 1989 si
3200 1933 3356 1991 malo
3404 1933 3619 1991 evitato
3658 1936 3767 1993 bo-

2110 2015 2253 2075 num
2304 2025 2595 2093 operetur.
2634 2019 2884 2077 Multum
2935 2020 3119 2095 igitur
3159 2027 3501 2079 meruerunt
3548 2025 3761 2095 sancti,

2110 2110 2210 2181 qui
2268 2109 2595 2166 libertatem
2654 2110 2901 2179 arbitrii,
2950 2116 3007 2166 et
3062 2110 3389 2171 libertatem
3447 2113 3667 2186 gratiae,
3702 2118 3767 2170 et

2106 2197 2433 2254 libertatem
2469 2199 2826 2271 corporalem
2859 2199 3163 2271 habentes,
3199 2219 3315 2258 non
3346 2202 3482 2258 inde
3514 2203 3601 2275 (ut
3630 2204 3764 2275 qui-

2107 2288 2239 2343 dam
2275 2289 2556 2357 fecerunt)
2589 2292 2749 2345 tanto
2782 2288 3055 2346 diffusius
3102 2296 3325 2362 quanto
3353 2289 3598 2350 liberius
3629 2309 3763 2365 pec-

2105 2382 2398 2446 caverunt,
2424 2379 2594 2450 juxta
2644 2377 2789 2433 illud
2842 2378 2995 2434 Petri
3030 2395 3043 2434 :
3081 2402 3108 2430 ‹‹
3142 2381 3317 2446 Quasi
3350 2379 3517 2437 liberi
3548 2386 3607 2437 et
3637 2398 3757 2438 non

2103 2467 2271 2538 quasi
2329 2466 2592 2523 velamen
2642 2467 2925 2524 habentes
2973 2468 3210 2524 malitiae
3264 2469 3618 2539 libertatem,
3650 2471 3757 2527 sed

2102 2555 2253 2611 sicut
2283 2555 2432 2611 servi
2464 2556 2563 2611 Dei
2597 2557 2643 2627 (Ι
2669 2558 2786 2612 Pet.
2823 2556 2907 2629 ιι).
2945 2580 2972 2605 ››
3002 2558 3181 2613 Juxta
3237 2557 3419 2632 igitur
3472 2558 3623 2615 hanc
3662 2577 3755 2616 re-

2099 2644 2299 2717 gulam
2330 2645 2518 2718 magis
2550 2650 2807 2702 meretur
2835 2646 2936 2718 qui
2968 2646 3026 2701 in
3060 2646 3324 2704 libertate
3355 2666 3536 2721 quam
3566 2649 3665 2721 qui
3688 2649 3754 2704 in

2098 2734 2374 2790 servitute
2402 2734 2544 2789 vivit
2574 2734 2932 2806 innocenter,
2964 2735 3063 2807 qui
3097 2736 3152 2791 in
3186 2736 3549 2794 abundantia
3569 2754 3751 2811 quam

2099 2822 2197 2896 qui
2230 2823 2289 2878 in
2341 2827 2683 2896 paupertate
2732 2823 2876 2881 vivit
2923 2825 3307 2896 abstinenter,
3341 2826 3441 2899 qui
3474 2827 3534 2883 in
3563 2843 3752 2900 popu-

2095 2911 2150 2968 lo
2201 2929 2379 2985 quam
2439 2911 2538 2985 qui
2598 2912 2657 2968 in
2709 2912 2962 2970 claustro
3018 2913 3156 2970 vivit
3211 2915 3596 2972 continenter.
3627 2916 3746 2972 Sed

2097 3001 2375 3077 qugniam
2422 3001 2660 3073 quidam
2706 3003 2778 3058 ad
2821 3003 2931 3059 hoc
2974 3021 3036 3061 se
3080 3004 3343 3060 sentiunt
3397 3004 3746 3073 imbecilles,

2097 3090 2442 3164 prmeligunt
2464 3107 2579 3146 non
2611 3091 2893 3162 majorem
2926 3108 3220 3161 coronam,
3237 3092 3337 3148 sed
3356 3093 3637 3164 majorem
3655 3109 3750 3149 se-

2098 3179 2426 3247 curitatem,
2443 3183 2777 3252 spontaneaa
2799 3179 3085 3247 servituti,
3109 3181 3459 3253 paupertati,
3484 3185 3541 3237 et
3555 3185 3753 3237 custoo

2095 3269 2205 3324 dia:
2237 3285 2298 3325 se
2328 3269 2642 3325 tradentes.
2679 3269 2742 3325 In
2772 3286 2887 3342 quo
2939 3286 3171 3342 quoque
3217 3275 3521 3327 merentur
3565 3269 3749 3343 pluri-

2095 3374 2281 3426 mum,
2315 3357 2364 3414 si
2394 3361 2830 3431 perseveranter
2858 3364 2915 3414 et
2958 3362 3163 3431 sponte
3210 3362 3447 3416 servant
3490 3359 3748 3433 promis-

2096 3464 2228 3504 sum
2261 3447 2799 3521 suum.Pr0pterea,
2816 3447 3022 3504 fratres
3054 3448 3620 3522 mei,unusquisque
3641 3448 3748 3507 eli-

2094 3541 2195 3612 gat
2221 3537 2375 3593 viam
2406 3536 2518 3593 sibi
2541 3536 2730 3610 magis
2747 3540 2943 3609 aptam
2964 3537 3069 3605 Qui
3092 3536 3432 3596 libertateet
3444 3538 3752 3595 abundan-

2095 3627 2178 3683 tia
2206 3624 2516 3698 temporali
2547 3626 2659 3681 scit
2687 3625 2771 3681 uti
2802 3626 2970 3694 bene,
2994 3626 3078 3683 eis
3096 3630 3316 3695 utatur,
3331 3630 3390 3683 et
3408 3643 3514 3700 per
3533 3642 3634 3683 eas
3658 3627 3750 3685 vi-

2095 3721 2216 3771 tam
2229 3720 2501 3770 aeternam
2518 3718 2828 3770 mereatur.
2844 3715 2950 3781 Qui
2974 3731 3108 3772 vero
3129 3715 3215 3772 eis
3235 3702 3382 3773 bene
3405 3715 3489 3773 uti
3513 3733 3629 3772 non
3646 3733 3752 3773 no-

2093 3805 2195 3873 vit,
2213 3808 2593 3877 spontaneam
2610 3803 2787 3876 eligat
2808 3804 2939 3877 subj
2946 3804 3232 3861 actionem
3244 3810 3302 3862 et
3312 3809 3746 3879 paupertatem,

2096 3898 2386 3967 quatenus
2398 3892 2640 3949 arbitrio
2660 3898 2897 3967 regatur
2916 3892 3125 3966 alieno,
3148 3894 3248 3967 qui
3272 3894 3458 3951 nescit
3474 3895 3595 3968 regi
3612 3912 3747 3952 suo.

2166 3983 2448 4055 Sequitur
2466 3999 2602 4056 pars
2625 3988 2852 4056 quarta,
2867 3982 2927 4039 in
2945 4000 3064 4056 qua
3077 3984 3515 4040 demonstratur
3534 3985 3595 4039 in
3628 4001 3748 4057 quo

2095 4072 2401 4146 praemium
2411 4071 2562 4144 justi
2584 4071 2992 4141 constituatur,
3016 4089 3149 4130 cum
3169 4073 3471 4130 subditur:
3494 4072 3617 4130 Ideo
3637 4083 3752 4130 sta-

2096 4163 2254 4219 bilita
2286 4168 2414 4217 siml
2445 4162 2583 4217 bona
2614 4162 2768 4217 illius
2800 4163 2859 4217 in
2886 4162 3134 4219 Domino.
3166 4163 3373 4220 Justus
3403 4161 3620 4236 quippe
3641 4162 3749 4235 qui

2096 4253 2267 4307 ﬁrma
2283 4267 2382 4323 spe
2399 4267 2629 4322 semper
2648 4250 2895 4308 Domino
2916 4251 3183 4319 adhaesit,
3197 4252 3298 4324 qui
3309 4251 3381 4308 ad
3394 4268 3530 4308 eum
3544 4250 3752 4308 omnia

2097 4357 2273 4414 opera
2302 4358 2410 4397 sua
2439 4338 2658 4412 retulit,
2691 4339 2791 4413 qui
2838 4357 2925 4397 res
2968 4340 3318 4414 temporales
3372 4357 3477 4414 per
3528 4357 3750 4398 manus

2093 4446 2422 4503 pauperum
2464 4429 2537 4485 ad
2581 4446 2717 4485 eum
2767 4429 3117 4497 transmisit,
3150 4429 3328 4486 habet
3355 4430 3529 4499 bona,
3563 4429 3626 4485 id
3656 4435 3753 4487 est

336 4520 601 4580 Mirabile
613 4519 845 4586 virtute,
860 4517 1140 4592 quoniam
1158 4518 1373 4575 mirum
1392 4522 1481 4575 est
1496 4520 1650 4592 quod
1669 4537 1783 4575 non
1801 4520 1987 4577 homi-
2014 4534 2062 4600 ι)
2097 4518 2336 4593 prazmia
2352 4536 2480 4587 sua,
2498 4517 2693 4576 inDeo
2711 4517 2999 4588 stabilita;
3025 4518 3085 4574 in
3108 4519 3276 4575 firmo
3296 4519 3486 4588 ﬁrma,
3505 4519 3566 4575 in
3586 4522 3753 4576 aeter-

336 4610 558 4681 nis,sed
568 4609 775 4666 divinae
787 4607 1020 4665 virtutis
1050 4612 1160 4680 est,
1177 4608 1331 4681 quod
1346 4608 1521 4665 homo
1538 4609 1765 4681 positus
1781 4608 1840 4665 in
1859 4626 1983 4665 car-

336 4716 550 4770 ne,non
568 4698 894 4755 secundum
908 4714 1140 4755 carnem
1159 4696 1245 4766 ;in
1266 4697 1509 4765 mundo,
1523 4715 1637 4753 non
1657 4699 1981 4755 secundum

335 4789 627 4847 mundum
653 4805 667 4858 ;
690 4786 845 4844 inter
873 4787 1298 4853 homines,non
1331 4787 1658 4843 secundum
1688 4787 1978 4857 homines,

334 4878 436 4935 sed
468 4878 662 4951 potius
707 4875 1111 4951 spiritualiter,
1145 4875 1371 4932 ccelitus
1414 4880 1472 4931 et
1513 4876 1771 4949 angelice
1806 4879 1978 4934 vivat.

336 4967 496 5026 Unde
524 4967 635 5024 Job
667 4967 738 5022 ad
772 4966 954 5022 Deum
986 4964 1200 5021 clamat
1231 4982 1244 5021 :
1282 4986 1311 5015 ‹‹
1339 4963 1479 5032 Quis
1525 4968 1736 5037 potest,
1769 4965 1978 5036 inquit,

332 5057 521 5113 facere
554 5054 844 5110 mundum
877 5053 947 5108 de
977 5053 1287 5109 immundo
1335 5056 1679 5125 conceptum
1721 5054 1984 5111 semine?

331 5145 536 5202 Nonne
565 5148 628 5199 tu
662 5142 762 5213 qui
794 5138 955 5197 solus
984 5141 1267 5209 es?»(Job
1282 5145 1421 5210 x1v.)
1442 5141 1706 5198 Mirabile
1738 5143 1984 5200 difﬁcul-

330 5237 469 5305 tate,
485 5229 764 5306 quoniam
796 5228 1011 5284 mirum
1045 5235 1134 5285 est
1157 5234 1214 5285 et
1234 5247 1479 5286 summa:
1510 5231 1875 5288 difﬁcultatis
1898 5232 1981 5289 in-

331 5328 422 5380 ter
447 5318 717 5377 homines
748 5321 917 5374 nocte
948 5322 1005 5373 et
1034 5317 1129 5373 die
1150 5320 1501 5387 conversari,
1537 5323 1594 5376 et
1623 5337 1824 5377 eorum
1855 5339 1985 5395 pra-

330 5425 401 5465 vo
450 5406 711 5463 convictu
757 5423 873 5463 non
919 5406 1238 5479 corrumpi,
1288 5424 1490 5465 eorum
1549 5410 1822 5467 sordibus
1868 5428 1984 5467 non

333 5493 556 5552 illiniri.
591 5496 739 5562 Quid
771 5496 927 5554 enim
976 5494 1311 5553 mirabilius
1370 5514 1547 5570 quam
1595 5498 1748 5555 inter
1793 5498 1986 5555 ebrios

333 5584 395 5659 et,
418 5589 720 5648 vomentes
750 5586 973 5648 siccum
1003 5589 1063 5645 et
1095 5583 1361 5646 sobrium
1410 5602 1559 5660 esse,
1606 5603 1784 5663 quam
1833 5589 1987 5647 inter

2097 4626 2171 4665 no
2205 4613 2439 4676 aeterna,
2472 4608 2532 4664 in
2563 4609 2729 4665 beato
2759 4609 2947 4664 beata.
2979 4608 3045 4665 Et
3089 4608 3472 4682 eleemosynas,
3526 4609 3750 4682 inquit,

2091 4699 2247 4755 illius
2274 4700 2560 4755 enarrabit
2582 4700 2759 4754 omnis
2788 4698 3025 4754 Ecclesia
3050 4705 3383 4766 sanctorum,
3400 4701 3459 4754 et
3485 4696 3752 4755 Ecclesia

2091 4788 2317 4845 scilicet
2368 4785 2632 4844 militans
2671 4791 2728 4842 et
2768 4785 3012 4843 ecclesia
3058 4786 3454 4861 triumphans.
3487 4785 3755 4845 Ecclesia

2091 4876 2358 4933 militans
2408 4876 2479 4932 ad
2527 4875 2938 4942 imitationem,
2969 4875 3227 4932 Ecclesia
3264 4875 3640 4949 triumphans
3669 4877 3751 4933 ad

2090 4965 2506 5021 laudationem.
2532 4964 2649 5021 Nos
2679 4963 2915 5038 quippe,
2946 4965 3155 5021 fratres
3185 4964 3570 5039 mei,quando
3601 4983 3740 5022 nar-

2093 5071 2315 5119 ramus,
2348 5052 2437 5109 vel
2469 5052 2693 5109 narrari
2751 5054 3027 5110 audimus
3070 5071 3248 5127 quam
3292 5054 3657 5128 compatiens
3689 5060 3752 5112 et

2092 5141 2425 5200 misericors
2454 5142 2565 5198 fuit
2594 5142 2868 5199 Nicolaus
2899 5160 3077 5217 super
3108 5142 3574 5217 afﬂictos,quam
3608 5144 3749 5218 pius

2092 5237 2149 5289 et
2160 5231 2651 5305 eleemosynarius
2667 5231 3038 5289 t‘uitJoannes
3050 5232 3383 5306 patriarcha
3409 5232 3751 5290 Alexandri-

2093 5339 2227 5389 nus,
2262 5321 2570 5394 caeteriqne
2599 5322 2787 5378 sancti
2821 5339 2997 5395 super
3042 5339 3273 5397 egenos,
3303 5322 3661 5381 instruimur
3686 5327 3749 5381 et

2093 5411 2164 5468 ad
2184 5410 2403 5467 similia
2433 5410 2765 5481 incitamur,
2785 5415 3076 5484 quatenus
3097 5429 3201 5485 per
3228 5410 3448 5469 similia
3476 5428 3654 5486 opera
3668 5413 3744 5469 ad

2095 5499 2347 5557 similem
2391 5516 2666 5557 coronam
2707 5499 3007 5572 pervenire
3054 5505 3415 5576 satagamus,
3447 5505 3745 5577 quatenus

2094 5589 2250 5650 bona
2279 5605 2454 5667 opera
2481 5593 2682 5650 nostra
2710 5588 2972 5651 stabilita
3000 5587 3140 5665 sint,
3172 5607 3290 5652 non
3316 5590 3379 5654 in
3403 5591 3745 5666 terramubi
