4002 6078
144 240 294 301 1541

1289 236 1665 303 ΗΟΜΙΕΙΛΕ.
1693 269 1770 283 -
1798 237 1876 299 II.
1921 234 2024 298 DE
2068 236 2407 301 SANCTlS.

3385 241 3541 305 1542

139 369 299 427 tinea
326 374 385 426 et
411 385 606 443 aerugo
635 369 968 443 demolitur,
997 374 1057 428 et
1092 371 1249 428 fures
1296 371 1579 429 eﬁ‘odiunt
1619 372 1677 427 et
1705 370 1789 425 fu-
1815 371 1870 438 Α
1900 368 2296 425 ret.Similiter
2325 369 2373 426 si
2404 370 2646 427 affectus
2674 372 2983 442 parentum
3025 370 3113 428 vel
3152 368 3407 429 ﬁliorum
3436 390 3544 431 nos
3644 440 3655 449 υ

141 462 347 516 rantur
376 457 582 531 (Matth.
612 475 669 527 v,
692 480 720 510 »
754 459 854 516 sed
886 458 947 515 in
992 459 1259 529 Domino,
1299 459 1402 533 qui
1442 476 1545 533 pro
1593 459 1788 532 parvis

139 546 423 622 ingentia,
453 563 559 619 pro
581 548 817 604 caducis
847 553 1080 618 aeterna,
1114 566 1218 622 pro
1248 549 1496 606 terrenis
1536 546 1791 604 coelestia

139 636 381 710 praemia
411 635 535 692 suis
566 635 929 711 largitur,cui
962 636 1148 694 honor
1177 642 1232 693 et
1252 636 1438 712 gloria
1467 654 1570 710 per
1594 635 1791 692 omnia

140 724 358 783 secula
385 723 754 783 saeculorum.
788 728 995 784 Amen.

891 824 1035 881 XIV.

439 919 617 961 UNIUS
656 922 957 963 MABTYRIS.
1000 922 1187 963 SIRMO
1224 922 1297 962 DE
1329 922 1493 962 LUCA.

215 995 373 1050 Discit
398 997 559 1051 Iesus
606 993 893 1068 discipulis
919 1014 938 1051 :
966 995 1030 1052 Si
1052 997 1175 1069 quis
1204 998 1352 1053 venit
1378 996 1449 1052 ad
1474 1011 1579 1063 me,
1608 1002 1659 1051 et
1684 1010 1796 1050 non

146 1081 263 1140 odit
286 1090 499 1156 patrem
541 1100 701 1140 suum
740 1091 793 1141 et
819 1092 1070 1153 matrem,
1120 1093 1173 1142 et
1215 1101 1463 1152 uxorem,
1495 1092 1546 1141 et
1573 1085 1793 1156 fratres,

147 1181 199 1229 ct
227 1188 460 1240 sorores,
491 1173 669 1230 adhuc
694 1181 874 1230 autem
916 1182 969 1231 et
993 1176 1240 1231 animam
1266 1191 1446 1241 suam,
1473 1191 1586 1230 non
1630 1180 1800 1245 potest

145 1278 299 1319 meus
326 1278 441 1319 esse
481 1262 786 1336 discipulus
818 1264 967 1336 (Luc.
1013 1263 1149 1335 xxv),
1180 1267 1289 1321 etc.
1341 1264 1404 1319 In
1455 1262 1564 1319 hac
1611 1262 1798 1318 sancti

146 1351 444 1426 Evangelii
495 1351 760 1421 lectione,
790 1353 999 1410 fratres
1047 1353 1405 1423 charissimi,
1435 1352 1800 1408 demonstrat

147 1443 320 1499 nobis
345 1441 632 1499 Dominus
665 1459 793 1515 quae
818 1442 938 1499 sint
958 1442 1126 1500 nobis
1150 1440 1577 1510 nccessaria,ad
1600 1438 1801 1507 hoc,ut

149 1530 223 1587 de
256 1547 501 1587 numero
530 1529 847 1587 electorum
878 1547 1121 1587 suorum
1151 1546 1281 1587 esse
1307 1529 1628 1587 valeamus.
1652 1528 1803 1584 Sunt

149 1623 350 1676 autem
381 1618 485 1676 illa
515 1623 769 1692 quatuor
801 1637 815 1674 :
844 1619 984 1674 vitia
1013 1619 1224 1688 odisse,
1257 1618 1502 1676 virtutes
1541 1616 1799 1690 diligere,

148 1707 212 1763 in
244 1707 336 1763 his
366 1723 755 1781 perseverare,
782 1724 886 1763 nec
917 1708 988 1765 de
1017 1707 1141 1764 suis
1173 1707 1418 1777 meritis,
1452 1708 1551 1764 sed
1578 1708 1650 1763 de
1680 1706 1804 1763 sola

150 1796 255 1853 Dei
304 1794 707 1853 misericordia
755 1813 1122 1869 praesumere.
1164 1797 1425 1853 Primum
1471 1796 1653 1871 igitur
1697 1812 1803 1851 nos

150 1884 424 1941 hortatur
453 1883 737 1941 Dominus
769 1885 841 1941 ad
874 1885 1074 1941 odium
1104 1884 1540 1956 vitiorum,cum
1563 1883 1762 1942 subdit
1787 1900 1802 1939 :

149 1974 219 2031 Si
245 1975 369 2046 quis
413 1975 561 2030 venit
606 1973 676 2029 ad
712 1990 817 2041 me,
867 1981 918 2030 et
944 1991 1057 2031 non
1104 1973 1219 2030 odit
1260 1984 1473 2047 patrem
1518 1991 1700 2041 suum,
1756 1981 1807 2029 et

146 2069 408 2131 murem,
441 2070 493 2120 et
522 2078 770 2132 uxorem,
803 2070 857 2119 et
901 2064 1067 2135 ﬁlios,
1113 2072 1165 2119 et
1205 2066 1425 2136 fratres,
1474 2071 1527 2119 et
1573 2079 1805 2131 sorores,

149 2151 331 2208 adhuc
357 2159 540 2207 autem
567 2159 619 2207 et
642 2154 890 2208 animam
918 2169 1097 2219 suam,
1128 2169 1239 2208 non
1288 2161 1460 2224 potest
1504 2170 1656 2211 meus
1695 2168 1808 2207 csse

153 2239 480 2313 discipulus.
512 2239 639 2297 Non
694 2241 853 2296 enim
895 2240 957 2296 in
1007 2240 1100 2296 his
1144 2241 1337 2298 verbis
1367 2242 1670 2308 Dominus,
1705 2241 1805 2313 qui

150 2328 294 2388 alibi
325 2329 599 2403 praecepit
629 2330 799 2387 nobis
832 2329 1118 2387 honorare
1150 2335 1373 2403 patrem
1397 2336 1454 2387 ct
1475 2335 1809 2399 matrem,et

151 2418 397 2492 diligere
426 2418 759 2492 proximum
793 2419 982 2491 (Emod.
1014 2419 1096 2491 x,)
1128 2419 1402 2492 praecepit
1429 2437 1527 2476 eos
1554 2419 1684 2476 odio
1704 2419 1807 2475 ha-

155 2510 314 2574 bere,
347 2509 447 2564 sed
496 2512 728 2565 tantum
771 2508 914 2565 vitia
945 2509 1233 2582 ipsorum.
1270 2509 1344 2565 Eo
1398 2509 1579 2582 igitur
1636 2509 1808 2565 modo

157 2613 278 2670 quo
300 2595 582 2652 debemus
604 2595 797 2652 odisse
818 2595 1233 2669 nosmetipsos,
1257 2613 1323 2652 eo
1343 2597 1513 2652 modo
1528 2597 1810 2653 debemus

158 2684 361 2742 odisse
390 2689 660 2758 parentes
681 2688 738 2740 et
756 2683 1052 2756 proximos
1075 2685 1622 2741 nostros.chcmus
1649 2685 1745 2758 qui
1753 2703 1814 2757 p-

159 2792 233 2849 pe
263 2773 459 2831 odisse
492 2771 1114 2846 uosmetipsos,quales
1144 2773 1363 2829 scilicet
1383 2774 1674 2847 peccando
1705 2791 1812 2830 nos

162 2863 434 2933 fecimus,
468 2866 526 2919 et
549 2861 831 2919 debemus
880 2861 1122 2937 diligere
1165 2863 1578 2936 nosmetipsos,
1611 2861 1813 2936 quales

158 2952 432 3011 videlicet
473 2969 507 3008 a
555 2951 672 3007 Deo
722 2951 859 3007 facti
906 2968 1134 3007 sumus.
1193 2951 1485 3007 Debemus
1541 2951 1813 3024 persequi

158 3042 307 3099 vitia
335 3045 553 3109 nostra,
588 3057 716 3113 qua:
746 3056 781 3095 a
809 3039 979 3096 nobis
1010 3056 1125 3095 non
1156 3056 1191 3096 a
1222 3040 1337 3096 Deo
1388 3044 1548 3109 sunt,
1583 3043 1639 3097 et
1667 3030 1816 3097 fove-

1898 457 2228 530 impediunt
2259 475 2293 514 a
2322 458 2604 514 charitate
2633 458 2754 528 Dei,
2776 460 2929 516 sicut
2956 459 3133 516 ﬁebat
3161 459 3219 515 in
3251 460 3547 534 primitiva

1898 545 2176 613 Ecclesia,
2222 548 2584 620 parentibus,
2617 547 2753 604 ﬁliis
2810 553 2868 605 et
2923 549 3129 605 amicis
3186 549 3544 619 infidelibus,

1900 633 2129 691 ﬁdelem
2177 654 2212 692 a
2243 636 2355 693 fide
2398 637 2850 704 retrahentibus,
2882 655 2981 694 eos
3007 642 3289 712 tanquam
3330 638 3549 696 alienos

1900 725 2259 797 ignoremus.
2292 725 2413 781 Etsi
2444 742 2506 782 se
2536 726 2705 783 nobis
2756 726 3056 799 objicient,
3090 727 3174 783 eis
3208 726 3446 785 calcatis
3478 728 3551 785 ad

1902 813 2087 870 Deum
2119 813 2793 887 confugiamus.Pietatis
2824 816 2979 871 enim
3017 832 3203 890 genus
3233 821 3323 873 est
3351 817 3462 874 hac
3490 816 3549 873 in

1903 919 1964 959 re
1994 920 2121 965 esse
2154 902 2467 960 crudelem.

1975 991 2243 1047 Secundo
2271 1010 2405 1048 vero
2436 1010 2542 1049 nos
2572 993 2843 1049 hortatur
2871 995 2943 1050 ad
2971 993 3217 1052 virtutes
3248 1011 3383 1052 cum
3413 996 3553 1053 sub-

1905 1079 2032 1135 dit:
2063 1082 2128 1136 Et
2154 1083 2250 1152 qui
2275 1097 2382 1137 non
2416 1082 2626 1153 bajulat
2653 1099 2866 1139 erucem
2914 1099 3072 1139 suam
3123 1091 3175 1140 et
3232 1086 3383 1141 venit
3430 1089 3556 1158 post

1905 1185 2006 1234 me,
2034 1187 2144 1226 non
2170 1179 2341 1242 potest
2368 1187 2519 1227 meus
2547 1188 2662 1228 esse
2706 1172 3033 1245 discipulus.
3088 1172 3256 1228 Multi
3315 1173 3555 1246 quidem

1907 1258 2178 1331 discipuli
2198 1259 2410 1316 Christi
2436 1261 2793 1334 fuerunt,qui
2816 1265 3011 1317 tamen
3025 1261 3214 1318 crucis
3226 1261 3557 1335 patibulum

1906 1348 2122 1421 experti
2154 1365 2268 1404 non
2301 1351 2590 1406 sunt.Non
2614 1350 2803 1406 solum
2825 1350 3005 1423 igitur
3020 1352 3209 1408 crucis
3226 1350 3558 1424 patibulum

1906 1440 2072 1494 vocat
2101 1436 2384 1494 Dominus
2414 1440 2773 1506 crucem,sed
2798 1439 2973 1495 etiam
3000 1438 3323 1511 quemlibet
3350 1456 3560 1514 corpo-

1909 1526 1991 1582 ris
2020 1525 2108 1582 vel
2141 1526 2349 1582 animae
2374 1526 2631 1584 laborem
2664 1527 2750 1584 vel
2799 1527 3194 1585 afﬂictionem.
3228 1529 3403 1586 Porro
3434 1529 3560 1586 sine

1911 1632 2125 1689 magno
2180 1615 2377 1673 labore
2435 1621 2493 1672 et
2546 1617 2861 1673 afﬂictione
2892 1618 2964 1674 de
3002 1617 3120 1674 imo
3153 1618 3223 1674 ad
3253 1617 3458 1687 altum,
3491 1619 3562 1675 de

1913 1704 2071 1761 vitiis
2100 1706 2173 1761 ad
2203 1705 2446 1762 virtutes
2468 1707 2783 1763 ascendere
2804 1724 2921 1763 non
2943 1705 3381 1763 valemus.Nam
3400 1706 3566 1765 vitio-

1915 1811 2045 1849 rum
2077 1795 2168 1850 via
2199 1793 2387 1850 facilis
2405 1798 2494 1851 est
2516 1814 2530 1865 ;
2563 1794 2848 1851 virtutum
2870 1811 3004 1852 vero
3019 1794 3286 1852 viavalde
3306 1795 3564 1853 difﬁcilis

1914 1882 2191 1939 est.Unde
2219 1883 2505 1939 Dominus
2540 1901 2597 1939 :«
2632 1883 2863 1958 Ampla,
2896 1884 3108 1958 inquit,
3132 1888 3191 1942 et
3215 1884 3334 1942 lata
3360 1890 3450 1943 est
3472 1885 3566 1942 via

1916 1989 2042 2045 qua:
2075 1972 2237 2028 ducit
2266 1972 2337 2027 ad
2369 1972 2547 2028 vitam
2582 1972 2787 2044 (Matth.
2833 1974 2954 2046 vn).
2982 1996 3011 2024 »
3045 1972 3196 2029 Dicit
3243 1972 3422 2048 igitur
3467 1973 3562 2030 hic

1915 2062 2084 2116 nobis
2115 2061 2399 2117 Dominus
2432 2062 2585 2134 quod
2616 2061 2888 2134 discipuli
2920 2063 3047 2133 ejus
3075 2079 3202 2119 esse
3226 2061 3560 2135 nequimus,

1916 2151 2029 2206 nisi
2058 2167 2287 2206 crucem
2322 2154 2581 2206 nostram
2612 2150 3028 2223 bajulemus,id
3059 2155 3149 2207 est
3172 2151 3282 2208 nisi
3304 2138 3565 2209 laborem

1916 2246 1974 2296 et
2004 2239 2408 2295 difﬁcultatem
2440 2239 2722 2295 virtutum
2754 2239 3197 2313 amplectamur.
3232 2240 3385 2297 Sane
3423 2257 3568 2297 crux

1916 2329 2029 2385 ista
2054 2329 2359 2400 tripliciter
2386 2328 2725 2400 bajulatur;
2758 2333 2859 2384 aut
2887 2329 3045 2385 enim
3078 2346 3183 2402 per
3219 2328 3481 2386 laborem
3511 2333 3568 2386 et

1917 2418 2332 2494 abstinentiam
2371 2434 2583 2490 corpus
2623 2416 2964 2491 castigatur,
3007 2422 3107 2474 aut
3154 2434 3257 2491 per
3300 2435 3566 2492 compas-

1918 2508 2141 2564 sionem
2166 2506 2411 2579 proximi
2443 2524 2610 2563 mens
2640 2506 2940 2578 afﬂigitur,
2974 2511 3075 2563 aut
3113 2524 3248 2563 cum
3280 2506 3453 2564 illatae
3483 2507 3569 2564 in-

1910 2597 2081 2669 juria:
2113 2595 2517 2668 aequanimiter
2544 2595 3002 2651 sustinentur.ln
3034 2596 3246 2668 primo,
3270 2596 3569 2654 abstinen-

1922 2686 2062 2741 tiam
2107 2690 2163 2740 et
2207 2683 2622 2740 continentiam
2650 2683 2747 2754 ;in
2792 2685 3069 2755 secundo,
3121 2684 3464 2743 charitatem
3514 2689 3572 2743 et

1921 2772 2385 2831 misericordiam
2411 2790 2425 2841 ;
2444 2773 2503 2828 in
2525 2773 3127 2843 tertio,fortitudinem
3148 2778 3206 2830 et
3226 2773 3568 2847 patientiam

1922 2863 2312 2936 possidemus.
2347 2862 2455 2918 Sed
2510 2860 2649 2934 quia
2695 2861 2937 2934 quidam
2980 2878 3212 2918 crucem
3251 2861 3571 2936 corporalis

1923 2951 2324 3025 castigationis
2373 2951 2568 3006 ferunt
2608 2953 2843 3023 propter
2885 2966 3098 3006 vanam
3150 2948 3420 3024 gloriam,
3469 2955 3574 3008 aut

1925 3057 2154 3097 crucem
2186 3039 2612 3113 compassionis
2640 3043 2875 3112 propter
2899 3038 3191 3097 carnalem
3213 3042 3271 3096 et
3290 3038 3572 3098 indiscre-

162 3146 227 3187 re
256 3134 529 3187 naturam
563 3111 775 3203 ipsam,
803 3145 928 3202 quae
962 3145 996 3185 a
1025 3129 1162 3197 Deo,
1213 3145 1330 3185 non
1378 3146 1448 3185 ex
1495 3128 1666 3185 nobis
1702 3132 1809 3185 est.
1843 3111 1887 3179 (ἶ
1924 3136 2043 3187 tam
2077 3111 2370 3203 pietatem,
2396 3132 2497 3184 aut
2526 3111 2765 3184 crucem
2789 3127 3068 3200 injuriam
3097 3132 3336 3202 propter
3359 3146 3570 3186 vanam

161 3219 251 3276 Ita
280 3235 513 3292 quoque
557 3216 618 3273 in
647 3217 990 3290 parentibus
1037 3221 1096 3273 et
1142 3217 1423 3291 proximis
1471 3216 1690 3274 nostris
1735 3216 1814 3275 vi-

158 3308 246 3364 tia
275 3323 477 3363 eorum
527 3305 810 3361 debemus
853 3305 984 3362 odio
1036 3304 1272 3371 habere,
1305 3309 1364 3362 et
1408 3310 1680 3362 naturam
1728 3306 1813 3363 fo-

157 3412 298 3453 vere
325 3411 461 3451 cum
512 3398 676 3451 tanta
722 3394 1072 3455 discretione
1120 3399 1187 3450 ut
1215 3394 1530 3468 aliquando
1577 3399 1816 3468 propter

159 3484 304 3541 vitia
360 3499 563 3540 eorum
616 3487 887 3540 naturam
936 3500 1139 3540 eorum
1195 3501 1311 3540 non
1368 3501 1809 3558 persequamur,

163 3589 275 3631 nec
330 3571 644 3646 aliquando
694 3576 929 3647 propter
972 3571 1341 3630 dilectionem
1400 3577 1621 3630 natura:
1672 3574 1815 3631 vitia

162 3678 370 3721 eorum
400 3661 719 3719 foveamus.
754 3662 993 3735 Propter
1038 3661 1148 3719 hoc
1197 3664 1354 3719 enim
1403 3662 1638 3719 nomine
1687 3680 1812 3719 car-

162 3750 391 3808 nalium
441 3750 777 3820 affectuum,
836 3750 1106 3807 videlicet
1161 3756 1386 3823 patrem
1442 3756 1501 3808 et
1543 3756 1812 3821 matrem,

161 3856 428 3905 uxorem,
461 3842 518 3894 et
550 3838 721 3907 filios,
754 3843 811 3895 et
857 3839 1119 3895 animam
1158 3840 1476 3912 propriam,
1508 3839 1818 3913 vigilanter

161 3928 382 4003 posuit,
415 3932 481 3983 ut
528 3929 858 3985 ostenderet
902 3929 1056 4001 quod
1089 3933 1324 4002 propter
1352 3927 1579 3985 nullum
1610 3947 1816 3986 carna-

161 4018 283 4076 lem
315 4017 589 4073 all‘ectum
641 4021 765 4073 erat
819 4016 1036 4091 aliquis
1067 4019 1127 4073 in
1181 4022 1416 4090 peccato
1470 4035 1577 4075 suo
1620 4020 1816 4077 foven-

161 4106 298 4174 dus,
347 4105 436 4161 vel
495 4109 698 4161 contra
753 4106 936 4162 Deum
991 4105 1347 4180 diligendus,
1406 4106 1525 4164 imo
1584 4112 1819 4181 propter

143 4203 426 4252 Inmorem
451 4193 631 4261 Dei,si
662 4210 895 4251 necesse
924 4194 1023 4266 sit,
1054 4211 1256 4251 omnes
1282 4194 1545 4252 carnales
1576 4197 1817 4253 affectus

160 4287 307 4340 sunt
321 4281 927 4355 abjiciendi.Quandiu
950 4281 1216 4340 carnales
1236 4284 1479 4341 affectus
1504 4284 1591 4341 vel
1608 4285 1816 4341 anima:

161 4370 494 4441 nostraa,vel
526 4375 857 4444 parentum,
889 4371 977 4428 vel
1026 4371 1281 4429 ﬁliorum
1334 4378 1670 4430 nostrorum
1702 4391 1818 4431 non

1921 3219 2190 3294 gloriam,
2214 3217 2352 3290 quia
2380 3216 2443 3272 hi
2475 3233 2680 3274 omnes
2731 3233 2965 3274 crucem
2990 3218 3352 3290 portant,sed
3382 3217 3576 3275 Domi-

1921 3325 2065 3364 num
2096 3324 2213 3363 non
2243 3304 2904 3380 sequuntur,subjungit
2919 3305 3280 3374 Dominus,et
3298 3308 3444 3363 venit
3452 3315 3575 3380 post

1918 3414 2042 3467 me;
2071 3401 2137 3453 ut
2164 3396 2451 3465 videlicet,
2487 3395 2695 3452 fratres
2744 3394 2877 3464 mei,
2909 3399 2967 3451 et
2993 3393 3254 3452 laborem
3282 3395 3569 3453 virtutum

1920 3487 1981 3543 in
2013 3485 2397 3559 castigatione
2427 3484 2709 3557 corporis,
2723 3487 2779 3541 et
2806 3483 2868 3539 in
2898 3483 3302 3557 compassione
3330 3485 3569 3555 mentis,

1921 3580 1978 3631 et
2004 3575 2067 3630 in
2097 3574 2379 3647 patientia
2414 3572 2837 3646 persecutionis
2867 3572 3312 3646 amplectamur,
3343 3577 3401 3630 et
3444 3574 3568 3632 haec

1920 3663 2330 3722 tantummodo
2374 3666 2609 3736 propter
2665 3662 3010 3719 charitatem
3071 3666 3128 3719 et
3184 3663 3567 3720 imitationem

1922 3752 2137 3810 Christi
2182 3752 2486 3807 faciamus.
2539 3751 2733 3807 Tertio
2792 3768 3026 3824 quoque
3081 3752 3570 3825 perseverantiam

1923 3859 2050 3900 esse
2082 3840 2248 3897 nobis
2270 3839 2659 3897 necessariam
2681 3841 3094 3910 ostendit,cum
3116 3856 3220 3912 per
3235 3840 3573 3915 parabolam

1924 3931 2160 3988 subdit:
2219 3930 2349 3999 Quis
2404 3931 2551 3986 enim
2601 3946 2671 3984 cx
2722 3931 2874 3986 vobis
2920 3929 3104 3986 volens
3160 3931 3363 3986 turrim
3440 3929 3574 3987 mdi-

1923 4022 2109 4093 ﬁcare,
2164 4036 2273 4076 non
2322 4020 2483 4091 prius
2538 4017 2725 4075 sedens
2791 4026 3066 4090 computat
3148 4027 3396 4091 sumptus
3478 4021 3578 4093 qui

1922 4110 2220 4166 necessarii
2272 4114 2419 4175 sunt,
2488 4107 2539 4162 si
2612 4107 2773 4162 habet
2864 4106 2938 4162 ad
3010 4107 3425 4179 perﬁciendum,
3508 4125 3577 4165 ne

1922 4206 2106 4272 postea
2133 4213 2260 4253 cum
2283 4198 2529 4269 posuerit
2555 4195 2996 4268 fundamentum,
3055 4204 3107 4253 et
3168 4213 3283 4253 non
3336 4199 3578 4265 potuerit

1922 4289 2202 4362 perﬁcere,
2234 4302 2416 4343 omnes
2444 4286 2542 4357 qui
2568 4285 2810 4340 viderint
2840 4286 3114 4357 incipiant
3142 4284 3380 4342 illudere
3425 4302 3573 4353 eum,

1928 4378 2163 4434 dicentes
2187 4393 2200 4430 :
2236 4376 2386 4449 Quia
2413 4376 2504 4430 hic
2529 4375 2686 4430 homo
2707 4375 2865 4446 carpit
2879 4373 3172 4446 aediﬁcare,
3195 4383 3246 4431 et
3272 4390 3383 4431 non
3397 4376 3580 4447 potuit

162 4460 467 4519 obsistunt
488 4460 656 4517 nobis
686 4461 748 4517 in
777 4460 872 4517 via
889 4460 1117 4532 Dei,eos
1136 4461 1533 4519 teneamus.Si
1555 4480 1688 4519 vero
1711 4480 1818 4520 nos
1848 4481 1894 4546 D
1925 4463 2509 4524 consummare?Cum
2539 4463 2600 4518 in
2646 4462 2889 4520 mdiﬁcio
2936 4463 3039 4519 Dei
3084 4462 3438 4533 laborantes,
3474 4465 3575 4521 bo-

160 4548 620 4622 impediunt,eos
649 4549 1018 4621 abjiciamus.
1046 4552 1210 4607 Certe
1240 4551 1381 4607 dum
1412 4550 1626 4608 Paulus
1654 4551 1819 4609 Jeru-

161 4636 351 4695 salem
383 4642 668 4712 pergeret,
700 4637 984 4712 propheta
1013 4639 1243 4712 Agabus
1268 4656 1475 4697 zonam
1505 4640 1666 4697 illius
1714 4659 1817 4715 ap-

160 4726 558 4801 prehendit,et
578 4726 824 4801 pedibus
845 4728 969 4784 suis
996 4726 1482 4802 alligavit,dicens
1503 4747 1515 4786 :
1543 4730 1813 4802 «Virum,

160 4815 337 4887 cujus
365 4821 455 4872 est
483 4815 605 4872 haec
634 4833 800 4888 zona,
846 4816 932 4873 sic
990 4814 1318 4890 alligabunt
1372 4816 1433 4875 in
1490 4819 1815 4876 Jerusalem

161 4904 180 4978 (
206 4910 314 4960 4ct.
346 4906 487 4977 xxx).
514 4927 542 4956 »
575 4905 687 4962 Sed
719 4905 820 4978 qui
852 4905 1102 4980 perfecte
1133 4907 1391 4962 animam
1414 4924 1585 4964 suam
1617 4909 1818 4965 oderat

160 4993 434 5050 dicebat:
463 5018 491 5045 ‹‹
516 4995 631 5068 Ego
653 5011 770 5051 non
793 4994 981 5053 solum
1005 4994 1360 5069 alligari,sed
1382 4997 1557 5053 etiam
1586 4997 1731 5054 mori
1756 4999 1814 5054 in

155 5082 490 5140 Jerusalem
539 5089 780 5158 paratus
811 5101 943 5141 sum
984 5102 1087 5158 pro
1136 5085 1372 5142 nomine
1419 5086 1558 5142 Jesu
1604 5086 1813 5143 Christi

161 5171 372 5245 (ibid.).
398 5194 427 5223 »
457 5203 528 5215 -
555 5195 584 5225 ‹‹
611 5173 727 5230 Nec
746 5173 892 5229 facio
913 5172 1172 5230 animam
1200 5190 1391 5232 meam
1415 5175 1815 5247 pretiosiorem

161 5276 346 5334 quam
378 5278 471 5318 me
502 5262 633 5335 (Act.
666 5262 783 5336 xx).
810 5285 838 5313 »
871 5263 1010 5319 Ecce
1040 5264 1332 5337 quomodo
1364 5264 1621 5321 animam
1646 5283 1815 5321 suam

157 5350 387 5417 oderat,
419 5350 539 5408 imo
569 5350 773 5409 odiens
803 5352 1059 5420 amabat,
1092 5354 1262 5425 cujus
1309 5351 1602 5409 carnalem
1646 5354 1817 5411 affec-

152 5441 290 5496 tum
323 5439 655 5512 abjiciebat,
687 5439 885 5497 volens
915 5456 1044 5497 eam
1079 5440 1225 5497 mori
1268 5440 1664 5514 temporaliter
1692 5460 1821 5517 pro-

136 5530 297 5606 “pter
322 5527 668 5590 charitatem
698 5527 939 5603 Christi,
955 5532 1020 5589 ut
1043 5545 1180 5591 cum
1208 5546 1275 5589 eo
1304 5528 1653 5595 eternaliter
1670 5532 1819 5595 vive-

1927 4573 2070 4612 num
2147 4570 2296 4627 opus
2352 4554 2504 4609 bono
2573 4550 2754 4625 operi,
2822 4551 3098 4609 virtutem
3172 4551 3394 4621 virtuti,
3471 4553 3575 4609 ad-

1919 4644 2197 4719 jiciendo,
2244 4642 2616 4699 escensiones
2645 4640 2707 4697 in
2750 4642 2921 4699 corde
2968 4644 3167 4698 nostro
3206 4640 3577 4715 disponimus

1927 4734 2098 4810 (Psal.
2128 4732 2381 4801 Lxxxm),
2415 4730 2557 4804 quid
2613 4730 2771 4787 aliud
2829 4747 3009 4804 quam
3066 4731 3278 4787 turrim
3324 4729 3574 4788 aediﬁca-

1926 4824 2098 4880 mus?
2129 4821 2291 4878 Sicut
2321 4820 2476 4876 enim
2508 4818 2797 4889 turris,ita
2826 4823 2883 4875 et
2909 4819 3264 4877 constructio
3292 4819 3576 4876 virtutum

1924 4930 2033 4969 nos
2055 4912 2127 4967 ab
2159 4909 2416 4966 inimicis
2446 4907 2725 4975 defendit,
2758 4912 2816 4964 et
2860 4909 2934 4965 ad
2984 4910 3102 4965 alta
3144 4926 3252 4966 nos
3299 4906 3574 4966 sustollit.

1924 5002 2084 5058 Hanc
2114 4998 2325 5056 turrim
2358 4998 2504 5054 fides
2535 4997 2902 5070 fundat,spes
2932 4997 3186 5071 parietes
3216 4997 3405 5072 erigit,
3438 4997 3577 5055 cha-

1925 5092 2070 5146 ritas
2116 5087 2342 5161 lapides
2392 5086 2690 5159 lapidibus
2718 5085 2881 5159 ligat,
2923 5086 3161 5158 imaque
3188 5090 3374 5144 virtus
3399 5103 3579 5144 suum

1926 5176 2434 5251 propugnaculum
2458 5174 3041 5233 fabricat.tlumilitas
3056 5178 3246 5232 totum
3268 5175 3580 5233 aediﬁcium

1927 5266 2209 5324 sublimat
2226 5270 2283 5321 et
2304 5264 2891 5329 consummat.0uam
2911 5265 3116 5339 utique
3136 5263 3349 5321 turrim
3379 5264 3427 5322 si
3451 5263 3585 5320 tedi-

1927 5356 2102 5412 ﬁcare
2130 5351 2423 5422 volumus,
2457 5358 2685 5426 oportet
2713 5353 2879 5429 prius
2908 5360 2979 5413 ut
3007 5352 3297 5420 sedentes,
3327 5352 3389 5408 id
3431 5355 3522 5408 est
3552 5368 3587 5408 a

1926 5441 2284 5502 tumultibus
2310 5441 2513 5499 mundi
2549 5444 2948 5517 quiescentes,
2980 5447 3257 5517 sumptus
3296 5443 3591 5512 compute-

1928 5552 2082 5597 mus.
2117 5532 2284 5595 Tunc
2329 5535 2605 5609 sumptus
2644 5535 3096 5609 computamus,
3135 5544 3273 5594 cum
3318 5523 3593 5589 discerni-
