4008 6072
169 381 325 441 1545

1300 382 1675 444 HOMILUE.
1711 414 1788 425 —
1816 379 1895 442 ΙΙ.
1941 377 2042 440 DE
2087 379 2429 444 SANC'I‘IS.

3410 380 3567 442 1546

165 508 633 585 stianorum,qui
663 512 805 568 dum
836 530 952 568 non
982 530 1151 587 pene,
1173 515 1275 571 sed
1296 515 1445 571 male
1475 518 1809 587 operantur,
1843 514 1897 580 Α
1925 513 2298 569 inimicorum
2331 530 2480 587 saepe
2509 513 2570 569 in
2604 514 2801 587 fugam
2826 517 3125 570 verterunt
3151 513 3324 569 multi
3355 516 3475 567 tam
3504 510 3567 568 in

162 620 280 660 non
309 602 627 659 ostendunt
676 602 845 658 nobis
895 608 1307 676 argumentum
1345 605 1499 677 quod
1545 604 1655 677 ipsi
1688 620 1811 659 cre-

158 693 322 761 dant,
354 691 475 747 imo
520 690 714 765 potius
746 692 901 765 quod
939 691 1051 764 ipsi
1100 710 1214 748 non
1263 694 1505 749 credant
1552 694 1809 748 futuram

156 781 646 840 resurrectionem
669 785 725 836 et
740 781 1203 837 retributionem.
1228 782 1613 838 Commendat
1633 782 1812 855 igitur

152 869 471 945 Apostolus
487 870 581 926 hic
598 887 793 926 veram
812 871 985 927 ﬁdem
1001 872 1323 943 justornm,
1340 873 1653 928 ostendens
1672 871 1807 941 duo,

152 959 444 1027 videlicet,
460 964 517 1016 et
542 964 765 1032 quanta
786 960 935 1031 justi
967 966 1204 1033 propter
1234 962 1406 1017 ﬁdem
1440 966 1807 1035 peregerunt,

153 1054 215 1106 et
244 1054 465 1122 quanta
496 1052 733 1122 propter
760 1049 936 1105 ﬁdem
968 1050 1127 1122 passi
1175 1056 1333 1106 sunt.
1362 1052 1432 1106 Et
1462 1050 1650 1124 primo
1681 1050 1811 1123 qui-

159 1140 293 1196 dem
318 1142 535 1212 quanta
554 1154 658 1211 per
678 1138 852 1194 ﬁdem
873 1143 1223 1212 peregerunt
1243 1141 1502 1196 ostendit
1524 1157 1657 1196 cum
1681 1140 1815 1195 sub-

159 1228 251 1285 dit
275 1244 288 1283 :
311 1228 502 1285 Sancti
537 1242 639 1300 per
684 1226 845 1298 ﬁdem
872 1230 1120 1284 vicerunt
1149 1246 1342 1300 regna,
1366 1229 1519 1286 sicut
1560 1231 1808 1302 Moyses,

158 1318 360 1385 Josue,
384 1317 637 1384 Gedeon,
661 1320 926 1386 Samson,
951 1317 1152 1386 David,
1177 1318 1237 1373 in
1256 1319 1451 1375 Veteri
1470 1320 1811 1375 Testamen-

157 1412 250 1477 to;
299 1406 359 1462 in
405 1406 562 1462 Novo
596 1409 790 1461 autem
821 1405 1242 1463 Constantinus
1282 1425 1384 1481 per
1413 1409 1587 1465 ﬁdem
1620 1408 1811 1465 crucis

157 1495 373 1553 Christi
402 1494 582 1550 vincit
629 1494 987 1551 Maxentium
1039 1500 1097 1551 et
1153 1497 1470 1552 exercitum
1530 1498 1811 1553 Barbaro-

159 1603 315 1643 rum.
340 1586 410 1641 Et
459 1583 773 1641 Heracleus
802 1583 1088 1641 Chosroes
1148 1602 1341 1659 regem
1396 1587 1724 1656 Persarum,
1759 1588 1815 1642 et

156 1676 416 1733 Joannes
447 1677 504 1730 et
534 1673 751 1730 Paulus
781 1690 978 1747 regem
1020 1675 1389 1748 Scytharum,
1422 1680 1479 1732 et
1508 1675 1679 1732 multi
1713 1675 1812 1732 alii

157 1779 325 1838 rcges
351 1761 540 1819 multa
576 1779 757 1836 regna
785 1761 1068 1820 vicerunt.
1093 1766 1318 1836 Operati
1345 1773 1477 1821 sunt
1510 1766 1811 1837 justitiam,

155 1852 373 1910 divinis
395 1851 701 1925 praeceptis
736 1851 1157 1956 obediendo,se
1196 1852 1324 1925 ipso
1360 1853 1724 1927 castigando,
1756 1856 1814 1909 et
1848 1892 1894 1956 Β

159 1943 347 1998 bonos
379 1941 765 2009 defendendo,
790 1945 847 1996 et
868 1940 1054 1997 malos
1075 1942 1396 2017 puniendo,
1422 1947 1487 1998 ut
1507 1943 1734 2016 Moyses
1758 1943 1813 1997 in

159 2030 355 2088 Veteri
400 2032 778 2087 Testamento
838 2030 1110 2087 occidens
1166 2030 1528 2098 idololatras,
1571 2031 1820 2087 Pbinees

160 2120 520 2194 transﬁgens
553 2117 873 2176 Israelitam
899 2118 1282 2175 fornicantem
1305 2136 1438 2175 cum
1467 2120 1818 2191 Madianita;

162 2209 229 2266 in
260 2209 415 2266 Novo
448 2225 604 2275 vero,
625 2212 690 2264 ut
722 2208 924 2265 Petrus
956 2208 1056 2282 qui
1087 2209 1374 2265 Ananiam
1415 2213 1473 2264 et
1513 2209 1820 2283 Sapbiram

167 2297 290 2373 zelo
310 2294 553 2371 justitiae
605 2295 846 2365 occidit;
898 2300 953 2352 et
1002 2295 1235 2364 Paulus,
1271 2296 1369 2369 qui
1403 2297 1648 2352 Elimam
1699 2314 1822 2353 ma‘

170 2403 356 2463 gnum
390 2387 645 2443 cacitate
684 2385 994 2457 percussit.
1028 2386 1095 2441 Et
1125 2385 1222 2441 alii
1254 2385 1423 2442 multi
1471 2387 1654 2459 adepti
1697 2395 1826 2443 sunt

173 2477 644 2550 repromissiones,
668 2478 734 2530 ut
777 2474 1072 2531 Abraham
1122 2475 1338 2549 recepit
1386 2476 1571 2532 ﬁlium
1622 2476 1731 2532 sibi
1764 2476 1824 2531 in

175 2568 475 2622 senectute
506 2562 885 2636 promissum,
910 2567 967 2617 et
1009 2562 1111 2619 ﬁlii
1159 2564 1333 2621 Israel
1367 2569 1583 2621 terram
1616 2564 1830 2639 pomis-

175 2653 379 2723 sionis,
422 2656 479 2709 et
524 2655 714 2708 Aaron
763 2651 1211 2725 promissionem
1267 2655 1595 2723 sacerdotii,
1650 2655 1825 2711 David

176 2742 631 2818 promissionem
662 2741 846 2815 regni.
872 2741 935 2797 In
966 2742 1122 2799 Novo
1142 2760 1276 2798 vero
1299 2744 1673 2799 Testamento
1706 2761 1832 2800 sus-

176 2832 405 2906 cipiunt
433 2829 704 2904 discipuli
739 2830 1094 2903 promissum
1119 2831 1229 2888 sibi
1254 2832 1617 2889 Paracletum
1650 2833 1708 2887 in
1737 2834 1832 2888 die

179 2922 569 2989 Pentecostes,
594 2923 651 2977 et
679 2918 999 2976 efﬁcaciam
1020 2919 1295 2977 virtutem
1319 2926 1375 2977 et
1405 2921 1706 2995 signorum
1739 2938 1832 2977 su.

176 3029 283 3086 per
313 3010 464 3067 male
487 3010 795 3077 habentes,
820 3013 875 3065 et
897 3026 1101 3066 omnes
1122 3009 1322 3065 ﬁdeles
1347 3011 1406 3065 in
1428 3012 1697 3083 praesenti
1717 3011 1835 3067 vita

178 3101 459 3175 gratiam;
509 3102 641 3173 post
686 3102 936 3154 mortem
989 3115 1141 3165 vero,
1162 3099 1342 3155 vitam
1390 3100 1828 3172 sempiternam.

181 3192 594 3267 Obturaverunt
622 3205 719 3245 ora
749 3189 988 3255 leonum,
1012 3190 1097 3256 ut,
1132 3187 1190 3242 in
1221 3187 1412 3243 Veteri
1437 3189 1832 3254 Testamento.

1920 603 2112 658 Veteri
2144 620 2321 675 quam
2354 604 2411 657 in
2445 603 2600 658 Novo
2647 605 3039 660 Testamento.
3073 604 3401 675 Acceperunt
3443 619 3568 657 mu-

1920 691 2080 747 lieres
2107 693 2251 762 ﬁlios
2275 708 2398 747 suos
2428 700 2665 748 mortuos
2702 692 2766 748 de
2808 695 3213 759 resurrectione,
3245 691 3303 746 id
3348 694 3439 746 est
3470 707 3571 762 per

1921 781 2405 836 resurrectionem
2435 798 2446 836 :
2472 785 2537 836 ut
2566 798 2665 838 eos
2696 781 2794 854 qui
2838 798 2941 853 per
2968 782 3153 838 Eliam
3203 785 3262 837 et
3308 779 3568 836 Eliseum

1919 869 2247 925 resuscitati
2279 873 2437 925 sunt.
2474 871 2535 926 In
2580 870 2735 926 Novo
2764 888 2898 927 vero
2929 872 3301 927 Testamento
3332 885 3436 942 per
3463 870 3567 925 Pe-

1919 961 2077 1013 trum
2104 962 2161 1014 et
2184 957 2452 1028 Paulum,
2476 976 2578 1031 per
2610 963 2964 1032 ceterosque
2995 958 3308 1032 apostolos,
3333 962 3389 1014 et
3409 975 3569 1014 mar-

1919 1050 2095 1120 tyres,
2120 1051 2177 1103 et
2206 1048 2666 1115 confessores,ut
2699 1067 2801 1122 per
2830 1049 3149 1105 Martinum
3173 1052 3231 1105 et
3261 1046 3568 1117 Hilarium,

1920 1127 2149 1209 perque
2170 1137 2387 1194 multos
2419 1136 2565 1193 alios
2596 1137 2767 1194 multi
2798 1138 3127 1195 resuscitati
3159 1142 3319 1195 sunt.

1993 1225 2122 1281 Haec
2171 1226 2389 1292 omnia,
2423 1227 2630 1283 fratres
2679 1227 2814 1297 mei,
2846 1228 2955 1284 etsi
3003 1245 3120 1284 non
3169 1226 3566 1300 corporaliter,

1920 1318 2137 1381 tamen,
2163 1316 2318 1387 quod
2355 1314 2566 1372 melius
2596 1316 2978 1389 est,quotidie
3009 1316 3280 1386 facimus,
3311 1317 3362 1373 si
3392 1317 3568 1373 ﬁdem

1922 1408 2259 1476 operantem
2280 1421 2383 1476 per
2401 1403 2745 1461 charitatem
2768 1405 3392 1463 habemus.Vincimus
3410 1406 3569 1462 enim

1922 1492 2180 1564 quotidie
2211 1510 2390 1567 regna
2438 1498 2495 1549 et
2542 1494 2790 1567 imperia
2818 1495 3260 1563 daemoniorum,
3286 1495 3335 1552 si
3367 1495 3452 1552 eis
3480 1512 3570 1551 re-

1923 1580 2212 1653 sistimus,
2234 1587 2290 1639 et
2320 1600 2418 1640 eos
2446 1601 2480 1639 a
2510 1584 2679 1639 nobis
2719 1586 2776 1639 et
2818 1585 2890 1641 ab
2939 1585 3069 1642 aliis
3113 1584 3481 1658 repellimus;
3515 1588 3574 1641 et

1902 1669 2102 1726 etiam
2132 1688 2312 1745 regna
2356 1676 2760 1745 tyrannorum,
2795 1673 2845 1729 si
2876 1673 3061 1730 Deum
3109 1673 3425 1747 plusquam
3473 1690 3573 1732 eos

1921 1759 2217 1827 timentes,
2243 1760 2325 1816 eis
2366 1778 2470 1834 pro
2511 1761 2749 1834 justitia
2778 1762 2878 1819 Dei
2930 1762 3255 1819 obviamus.
3278 1762 3572 1820 Justitiam

1924 1864 2158 1920 quoque
2180 1865 2511 1921 operamur,
2534 1850 2582 1905 si
2609 1850 2711 1906 Dei
2734 1851 3029 1909 mandatis
3058 1851 3415 1917 obedientes,
3449 1867 3575 1907 ma-

1926 1936 2013 1992 los
2043 1937 2414 2009 corripimus,
2440 1939 2623 1995 bonos
2645 1940 3035 2013 defendimus,
3056 1942 3105 1998 si
3127 1957 3233 1998 nec
3253 1941 3429 1998 etiam
3450 1956 3579 2014 pee-

1928 2025 2074 2082 catis
2103 2027 2319 2083 nostris
2366 2044 2662 2100 paremus,
2688 2029 2737 2085 si
2787 2046 2892 2086 nos
2943 2048 3146 2105 aspere
3191 2031 3574 2105 castigamus.

1930 2115 2433 2188 Repromissiones
2455 2117 2628 2174 etiam
2651 2118 3210 2192 adipiscimur,dum
3232 2122 3305 2179 de
3335 2122 3486 2178 bono
3515 2120 3577 2177 in

1932 2204 2143 2260 melius
2174 2206 2550 2277 proﬁciendo,
2571 2208 2819 2280 gratiam
2844 2196 2962 2278 Dei,
2990 2210 3142 2268 sicut
3168 2210 3339 2269 nobis
3368 2209 3580 2285 promi-

1932 2292 2030 2363 sit,
2053 2298 2390 2365 operantem
2419 2299 2476 2350 et
2506 2301 2912 2368 cooperantem
2944 2298 3285 2372 accipimus,
3309 2305 3367 2358 et
3395 2299 3479 2359 sic
3504 2300 3578 2358 ab

1933 2380 2041 2436 hac
2073 2382 2192 2437 vita
2221 2382 2565 2456 migrantes,
2587 2389 2862 2443 aeternam
2895 2389 3215 2462 accipimus
3244 2390 3582 2463 promissio-

1934 2486 2089 2526 nem.
2116 2470 2591 2545 Obturamusque
2629 2492 2729 2531 ora
2760 2476 3019 2543 leonum,
3043 2479 3092 2535 si
3135 2481 3333 2539 fauces
3363 2482 3579 2538 daemo-

1936 2576 2100 2627 num,
2127 2561 2356 2618 animas
2377 2568 2608 2619 nostras
2628 2566 3036 2636 esurientium,
3065 2586 3135 2625 ne
3155 2570 3325 2627 nobis
3345 2569 3432 2626 vel
3451 2570 3581 2626 aliis

1937 2653 2213 2718 noceant,
2274 2652 2634 2708 orationibus
2700 2655 3084 2715 refrenamus.
3144 2659 3583 2732 Exstinguimus

1937 2738 2115 2793 etiam
2148 2739 2434 2811 impetum
2460 2741 2633 2813 ignis,
2657 2742 2706 2798 si
2737 2744 3072 2802 incendium
3099 2746 3361 2806 libidinis
3390 2753 3448 2805 et
3477 2765 3584 2805 cu-

1938 2827 2201 2899 piditatis
2232 2828 2291 2883 in
2324 2829 2491 2885 nobis
2521 2834 2577 2886 et
2605 2830 2665 2887 in
2696 2832 2825 2888 aliis
2863 2835 3109 2906 jejuniis
3138 2841 3197 2894 et
3224 2838 3584 2895 orationibus

1939 2917 2338 2989 consopimus.
2389 2919 2728 2992 Eﬂ‘ugamus
2779 2939 3011 2995 quoque
3061 2925 3244 2982 aciem
3291 2926 3492 3002 gladii,
3535 2925 3587 2984 si

1939 3005 2226 3062 exercitus
2245 3007 2599 3075 daemonum,
2623 3010 2850 3067 animas
2881 3017 3114 3070 nostras
3133 3014 3408 3088 jugulare
3438 3032 3588 3089 que-

1940 3094 2593 3162 rentium,orationibus
2609 3103 2667 3154 et
2688 3099 2857 3157 bonis
2879 3102 3090 3159 studiis
3113 3120 3147 3159 a
3166 3104 3336 3161 nobis
3355 3104 3588 3178 propul-

1941 3200 2164 3239 samus.
2198 3184 2669 3243 Convalescimus
2718 3206 2948 3262 quoque
2995 3191 3096 3248 Dei
3142 3192 3500 3264 inﬁrmitate,
3534 3194 3588 3251 si

178 3260 363 3336 David
392 3282 450 3335 et
480 3278 728 3335 Samson
758 3293 860 3332 ora
908 3275 1338 3349 insurgentium
1386 3276 1624 3332 leonum
1656 3276 1829 3332 dissi-
1861 3260 1904 3326 C
1942 3275 2253 3344 postquam
2277 3291 2382 3330 nos
2406 3292 2675 3348 peccasse
2696 3260 3238 3350 animadvertimus,
3263 3282 3462 3340 statim
3485 3260 3589 3356 per

178 3369 397 3442 pando,
427 3371 485 3424 et
514 3365 713 3423 Daniel
762 3381 865 3421 ora
913 3363 1299 3420 esurientium
1348 3364 1605 3433 leonum,
1640 3382 1711 3420 ne
1742 3365 1828 3437 ip-

180 3474 317 3516 sum
364 3458 723 3527 devorarent,
769 3453 1250 3527 constringendo;
1298 3453 1357 3509 in
1407 3455 1561 3511 Novo
1611 3460 1830 3527 autem,

179 3546 379 3603 leones
409 3543 733 3601 esurientes
763 3547 997 3600 sanctos
1023 3542 1135 3598 sibi
1165 3543 1459 3616 expositos
1491 3560 1607 3599 non
1639 3544 1832 3600 solum

181 3651 301 3691 non
360 3632 655 3701 luserunt,
688 3633 787 3689 sed
845 3632 1020 3688 etiam
1069 3632 1153 3688 eis
1205 3637 1544 3705 paruerunt,
1581 3634 1833 3706 pecudes

172 3739 387 3780 eorum
408 3725 804 3791 servaverunt,
819 3724 877 3777 et
898 3722 969 3777 ad
992 3720 1323 3793 sepelienda
1345 3727 1682 3778 sanctorum
1707 3740 1832 3778 cor-

179 3828 327 3887 pora
356 3811 547 3867 foveas
596 3811 889 3884 unguibus
920 3814 1289 3882 paraverunt.
1333 3812 1398 3866 Et
1443 3813 1835 3869 exstinxerunt

178 3904 445 3974 impetum
474 3902 641 3972 ignis,
665 3904 733 3956 ut
761 3904 881 3956 tres
911 3899 1075 3972 pueri
1126 3899 1185 3954 in
1237 3899 1427 3955 Teteri
1461 3902 1834 3957 Testamento

182 3989 350 4047 missi
374 3989 963 4046 aNabuchodonosor
993 3989 1052 4044 in
1086 3988 1414 4057 fornacem;
1448 3989 1509 4043 in
1539 3990 1694 4046 Novo
1728 4006 1836 4045 au-

181 4084 304 4136 tem
334 4082 573 4136 sanctus
603 4077 977 4151 Polycarpus,
1005 4080 1209 4134 sancta
1233 4079 1446 4150 Agnes,
1472 4082 1674 4134 sancta
1693 4080 1837 4152 Aga-

182 4166 308 4235 tha,
332 4171 534 4224 sancta
563 4166 812 4236 Caecilia,
839 4166 1129 4238 multique
1175 4164 1271 4221 alii
1319 4166 1507 4222 sancti
1538 4170 1594 4221 et
1624 4170 1836 4223 sanctas

182 4257 546 4326 incendium,
573 4273 645 4312 ne
676 4255 787 4313 sibi
818 4258 1074 4323 noceret,
1095 4271 1198 4327 per
1217 4255 1392 4310 ﬁdem
1416 4255 1834 4312 exstinxerunt.

183 4346 575 4419 Eﬂ'ugaverunt
602 4347 776 4401 aciem
817 4344 1013 4416 gladii,
1035 4343 1094 4399 id
1125 4348 1213 4399 est
1252 4344 1536 4400 exercitus
1584 4350 1837 4401 armato-

186 4452 343 4504 rum,
393 4439 459 4492 ut
505 4436 702 4504 Josue,
737 4435 1006 4503 Samson,
1060 4433 1258 4503 David,
1309 4433 1368 4489 in
1399 4434 1590 4491 Veteri
1638 4437 1837 4492 Testa-

188 4529 414 4594 mento;
449 4524 507 4581 in
539 4525 694 4581 Novo
725 4529 923 4580 autem
948 4526 1273 4580 Germanus
1298 4523 1761 4591 Antissiodorus,
1785 4528 1842 4581 et

188 4614 395 4687 Lupus
423 4613 755 4687 episcopus,
781 4617 837 4668 et
866 4612 965 4668 alii
1006 4611 1195 4667 multi.
1223 4613 1627 4668 Convaluerunt
1657 4613 1721 4669 de
1752 4615 1840 4669 in-
1870 4632 1917 4696 Β

186 4703 466 4774 ﬁrmitate,
492 4706 559 4758 ut
585 4703 696 4758 Job
727 4706 783 4758 et
810 4700 1087 4757 Ezechias
1119 4700 1177 4755 in
1206 4700 1399 4757 Veteri
1431 4702 1837 4770 Testamento;

185 4790 250 4845 in
282 4790 439 4847 Novo
471 4795 668 4847 autem
714 4790 929 4846 Paulus
980 4790 1041 4846 in
1094 4788 1417 4862 Laycaonia
1463 4789 1758 4861 lapidatus
1786 4795 1845 4847 et

189 4882 461 4935 mortuus
493 4883 817 4953 reputatus.
844 4880 1067 4935 Tamen
1107 4894 1210 4951 per
1248 4878 1347 4934 Dei
1380 4878 1842 4935 misericordiam

190 4966 486 5024 convaluit
511 4969 581 5023 ad
606 4968 929 5040 profectum
953 4967 1363 5040 plurimorum.
1384 4968 1453 5021 Et
1472 4971 1711 5023 sanctus
1742 4968 1844 5023 Se-

189 5054 500 5113 bastianus
531 5075 565 5113 a
598 5056 957 5113 Diocletiano
990 5056 1396 5129 sagittatus,et
1424 5055 1653 5129 sagittis
1675 5057 1844 5129 quasi

190 5145 404 5202 ericius
436 5146 686 5214 obsitus,
704 5150 904 5202 tamen
931 5162 1035 5218 per
1054 5145 1156 5201 Dei
1179 5145 1426 5218 gratiam
1454 5144 1766 5211 convaluit,
1790 5149 1847 5201 et

192 5234 291 5291 alii
325 5233 517 5291 multi.
548 5239 736 5292 Fortes
763 5236 905 5307 facti
946 5243 1074 5291 sunt
1120 5236 1179 5289 in
1227 5234 1382 5301 bello,
1407 5232 1465 5287 in
1513 5250 1627 5306 quo
1676 5233 1847 5306 pauci

194 5322 413 5380 multos
442 5323 726 5393 vicerunt,
762 5324 908 5379 duce
938 5324 1135 5391 Josue,
1157 5322 1248 5379 vel
1279 5323 1548 5388 Samson,
1576 5320 1665 5377 vel
1693 5322 1848 5377 Juda

194 5411 551 5469 Macbabaao.
577 5413 640 5469 In
684 5413 841 5470 Novo
890 5417 1086 5469 autem
1117 5411 1553 5478 Constantinus,
1582 5410 1846 5467 Theodo-

195 5499 341 5570 sius,
367 5500 699 5569 Heracleus,
723 5501 982 5571 Carolus,
1018 5501 1305 5574 multique
1337 5499 1436 5556 alii
1468 5501 1847 5572 imperatores

194 5593 251 5646 et
280 5589 573 5664 principes
603 5607 707 5665 per
737 5591 912 5647 ﬁdem
944 5591 1003 5647 in
1034 5589 1186 5646 bello
1215 5590 1453 5646 fuerunt
1478 5590 1655 5645 fortes
1686 5593 1743 5644 et
1769 5588 1851 5644 vi-

195 5682 407 5741 ctores.
441 5680 632 5741 Castra
687 5686 966 5739 verterunt
1017 5687 1347 5754 exterarum,
1398 5678 1458 5737 id
1513 5680 1603 5738 est
1659 5680 1850 5737 castra

516 5806 784 5896 Parion.
827 5806 1001 5875 CLV.

1940 3361 2340 3433 pmnitentiam
2363 3369 2419 3419 et
2441 3367 2906 3424 emendationem
2931 3370 3002 3425 ad
3029 3372 3283 3443 priorem
3305 3376 3363 3429 et
3384 3372 3586 3430 melio-

1940 3467 2061 3507 rem
2082 3452 2331 3523 gradum
2352 3454 2639 3511 cautiores
2665 3459 3060 3531 resurgimus;
3093 3461 3270 3518 fortes
3294 3462 3473 3519 etiam
3495 3479 3590 3520 su-

1942 3556 2077 3596 mus
2105 3540 2165 3595 in
2197 3541 2365 3609 bello,
2392 3542 2441 3598 si
2471 3549 2674 3601 contra
2694 3546 2834 3603 vitia
2856 3549 3323 3624 teutationesque
3343 3551 3587 3608 viriliter

1941 3628 2330 3687 obluctamur.
2355 3631 2556 3689 Castra
2587 3652 2819 3708 quoque
2863 3637 3238 3696 inimicorum
3277 3640 3338 3696 in
3385 3641 3586 3715 fugam

1943 3718 2240 3787 vertimus,
2258 3720 2305 3775 si
2338 3721 2655 3780 diabolicae
2704 3727 3062 3785 munitiones
3101 3734 3158 3785 et
3194 3730 3440 3788 insidias
3473 3731 3587 3788 for-

1942 3807 2072 3863 tiori
2096 3808 2306 3865 virtute
2332 3811 2685 3881 orationum,
2692 3814 2716 3885 j
2725 3815 3057 3886 ejuniorum
3074 3822 3131 3875 et
3151 3819 3439 3876 bonorum
3462 3836 3592 3895 ope-

1945 3914 2076 3952 rum
2121 3898 2510 3971 dissipamus;
2562 3906 2618 3958 et
2674 3904 3002 3978 eifugamus
3050 3909 3120 3965 de
3169 3910 3592 3967 resurrectione

1945 3989 2207 4043 mortuos
2239 4005 2397 4057 suos,
2427 3990 2476 4045 si
2508 3991 2659 4048 ﬁlios
2702 3998 3040 4051 sanctarum
3085 3997 3498 4067 Ecclesiarum,
3530 3998 3592 4054 in

1946 4075 2198 4147 peccatis
2229 4081 2510 4147 mortuos,
2535 4081 2811 4151 oratione,
2837 4086 3198 4157 correptione
3228 4091 3285 4143 et
3316 4086 3593 4144 eruditio-

1947 4179 2017 4218 ne
2051 4164 2109 4218 in
2141 4164 2338 4221 anima
2369 4168 2810 4226 resuscitamus.

2017 4250 2284 4307 Secundo
2313 4269 2445 4310 vero
2469 4260 2688 4326 quanta
2715 4259 2874 4330 passi
2906 4261 3024 4318 sint
3053 4264 3239 4321 sancti
3260 4282 3364 4338 per
3392 4266 3590 4337 ﬁdem,

1947 4339 2202 4395 ostendit
2227 4356 2363 4396 cum
2413 4343 2612 4399 subdit
2644 4363 2656 4401 :
2690 4348 2807 4403 Alii
2834 4357 3014 4407 autem
3058 4354 3281 4412 distenti
3307 4366 3455 4426 sunt,
3489 4374 3595 4413 su-

1948 4428 2125 4483 baudi
2166 4428 2225 4483 in
2274 4432 2602 4502 tormentis,
2652 4452 2767 4491 non
2813 4439 3198 4512 suscipientes
3241 4444 3594 4517 redemptio-

1949 4534 2103 4587 nem,
2138 4517 2195 4574 id
2226 4523 2333 4588 est,
2371 4538 2485 4577 non
2529 4529 2803 4582 curantes
2848 4534 3192 4600 prasentem
3223 4550 3257 4588 a
3284 4534 3595 4591 tormentis

1950 4606 2373 4677 liberationem,
2398 4614 2464 4665 ut
2500 4613 2800 4671 meliorem
2848 4619 3175 4676 invenirent
3219 4624 3594 4680 resurrectio-

1951 4700 2189 4764 nem,ut
2222 4698 2281 4752 in
2313 4697 2506 4756 Veteri
2557 4703 2929 4762 Testamento
2967 4707 3294 4780 Eleazarus,
3327 4713 3428 4785 qui
3459 4730 3595 4770 cum

1951 4803 2131 4841 uxore
2160 4791 2216 4842 et
2245 4792 2467 4860 septem
2499 4790 2633 4849 ﬁliis
2665 4794 2736 4850 ab
2765 4796 3046 4854 Antiocho
3066 4800 3241 4858 variis
3287 4803 3597 4861 tormentis

1951 4879 2191 4931 vexatus
2221 4880 2276 4931 et
2305 4878 2533 4936 occisus
2581 4886 2697 4951 est;
2732 4883 2792 4939 in
2822 4885 2977 4942 Novo
3027 4893 3222 4946 autem
3254 4891 3410 4948 idem
3441 4910 3598 4950 mar-

1951 4969 2109 5037 tyres
2130 4966 2389 5022 fecerunt
2410 4969 2883 5030 innumerabiles.
2912 4976 3026 5033 Alii
3046 4979 3290 5037 ludibria
3307 4990 3359 5037 et
3378 4985 3600 5041 verbera

1952 5056 2183 5125 experti,
2218 5057 2443 5129 insuper
2470 5062 2693 5117 vincula
2722 5072 2774 5118 et
2801 5080 3061 5122 carceres.
3088 5046 3360 5138 Verbera,
3389 5075 3455 5127 ut
3481 5073 3601 5130 Noe

1954 5146 2011 5198 et
2040 5142 2296 5213 Eliseus;
2329 5146 2561 5204 vincula
2592 5154 2647 5205 et
2678 5159 3038 5223 carceres,ut
3056 5157 3293 5230 Joseph,
3328 5160 3601 5219 Micbaaas

1953 5232 2241 5305 propheta
2270 5240 2326 5289 et
2367 5235 2466 5291 alii
2515 5239 2710 5295 multi.
2746 5242 2807 5296 In
2840 5243 2995 5300 Novo
3044 5263 3178 5304 vero
3226 5249 3601 5307 Testamento

1956 5321 2157 5375 eadem
2180 5325 2399 5395 experti
2423 5331 2562 5382 sunt
2582 5330 2850 5401 apostoli,
2864 5335 2921 5387 et
2941 5339 3223 5408 martyres
3242 5337 3478 5407 inﬁniti.
3501 5340 3606 5396 La-

1955 5409 2134 5481 pidati
2159 5419 2307 5479 sunt,
2353 5417 2435 5482 ut,
2470 5414 2529 5470 in
2562 5419 2753 5474 Veteri
2800 5421 3193 5495 Testamento,
3226 5427 3511 5484 Jeremias
3540 5427 3603 5485 in

1956 5498 2218 5571 Egypto,
2242 5501 2501 5559 Ezechiel
2526 5505 2584 5561 in
2620 5508 2940 5582 Babylone;
2964 5511 3023 5567 in
3045 5513 3200 5570 Novo
3242 5520 3437 5571 autem
3476 5508 3603 5574 Ste-

1958 5586 2189 5675 pbanus
2236 5595 2644 5668 protomartyr,
2676 5602 2733 5654 et
2782 5599 2998 5657 Paulus
3050 5605 3372 5675 apostolus,
3405 5609 3462 5660 et
3503 5604 3605 5664 alii

1956 5674 2175 5755 plures.
2207 5678 2348 5740 Secti
2372 5691 2517 5760 sunt,
2553 5689 2638 5760 ut,
2670 5686 2732 5749 in
2761 5687 2955 5750 Veteri
2983 5693 3353 5782 testamento,
3383 5692 3603 5772 Isaias;

3209 5819 3289 5886 49
