4002 6078
434 309 591 370 1547

1712 308 2109 372 RADULPHI
2153 307 2573 373 ABDENTIS.

3684 311 3849 375 1548

425 442 488 498 in
514 441 670 497 Novo
700 455 854 508 vero,
888 442 953 494 ut
1000 438 1458 496 Bartholomaeus
1515 440 1814 514 apostolus
1861 445 1920 497 et
1975 441 2072 497 alii
2099 442 2159 512 Α
2188 458 2342 511 mus,
2369 445 2434 498 ut
2451 443 2774 499 moriamur
2793 442 3314 513 mundo,vivamus
3333 447 3532 502 autem
3555 445 3696 502 Deo.
3721 444 3852 502 Cir-

433 529 653 604 plures.
679 530 889 585 Tentali
910 536 1059 597 sunt,
1092 529 1343 586 subaudi
1370 530 1884 603 promissionibus,
1908 534 1974 587 ut
1991 531 2084 587 Jo-

433 618 578 693 seph
610 617 682 674 ab
714 634 890 674 uxore
918 617 1219 689 Putiphar,
1240 623 1298 674 et
1326 618 1641 676 Machabazi
1673 621 1745 676 ab
1772 619 2079 677 Antiocho.

438 708 501 765 In
532 707 689 764 Novo
718 723 852 763 vero
874 706 1247 763 Testamento
1289 706 1460 763 multi
1506 709 1694 764 sancti
1742 708 2083 782 promissio—

438 797 616 854 nibus
647 813 682 853 a
723 794 954 852 diabolo
1011 799 1070 851 et
1120 794 1425 852 diabolicis
1483 797 1824 855 hominibus
1878 797 2085 854 tentati

437 889 597 956 sunt,
649 887 734 954 ut,
776 884 1005 940 Christo
1036 883 1330 953 derelicto,
1383 886 1699 943 simulacra
1751 889 2080 957 adorarent,

435 979 504 1032 ut
532 977 772 1033 sanctus
803 972 1204 1042 Sebastianus,
1240 979 1479 1031 sanctus
1512 975 1874 1051 Hippolytus,
1907 977 2083 1034 Joan-

436 1081 541 1122 nes
563 1067 621 1120 et
646 1062 883 1131 Paulus,
908 1066 1110 1119 sancta
1127 1064 1341 1135 Agnes,
1366 1069 1569 1121 saneta
1596 1065 1840 1139 Agatha,
1883 1070 2087 1122 sancta

433 1152 749 1211 Catharina
786 1156 844 1208 et
888 1150 1058 1207 multi
1088 1151 1206 1207 alii.
1239 1154 1303 1209 In
1353 1155 1616 1211 occisione
1658 1154 1837 1226 gladii
1878 1156 2086 1212 mortui

432 1249 580 1311 sunt,
614 1245 682 1297 ut
724 1240 785 1296 in
831 1240 1016 1296 Veteri
1048 1241 1422 1297 Testamento
1466 1242 1800 1299 Abimelech
1851 1260 1983 1299 cum
2012 1245 2085 1299 7O

434 1330 662 1388 indutis
692 1329 893 1403 Ephod
944 1332 1001 1385 et
1031 1329 1218 1386 Urias.
1255 1331 1318 1385 In
1360 1330 1517 1387 Novo
1576 1336 1769 1387 autem
1829 1332 2085 1389 Joannes

435 1419 716 1495 Baptista,
760 1418 975 1475 Paulus
1023 1418 1341 1491 apostolus,
1370 1424 1429 1475 et
1476 1420 1573 1476 alii
1623 1420 1796 1477 multi
1839 1423 2085 1480 Circuie-

434 1517 589 1578 runt,
621 1507 870 1565 subaudi
906 1507 1131 1563 diversa
1151 1508 1355 1564 mundi
1385 1508 1530 1577 loca,
1554 1511 1613 1565 in
1637 1511 1868 1577 melotis,
1891 1510 1948 1566 id
1973 1515 2084 1579 est,

434 1599 655 1656 vilibus
693 1602 752 1653 et
797 1597 1022 1669 asperis
1050 1596 1268 1654 tunicis
1316 1598 1600 1654 tecti.Vel
1649 1601 1804 1670 quod
1852 1600 1996 1656 dicit
2025 1600 2084 1655 in

438 1686 690 1757 melotis,
719 1686 956 1759 exponit
986 1686 1245 1742 subdens
1277 1688 1337 1742 in
1368 1689 1605 1759 pellibus
1640 1691 1904 1762 caprinis.
1937 1688 2088 1746 Dicit

2192 530 2424 589 cuimus
2445 549 2678 605 quoque
2698 533 3224 608 peregrinationem
3244 533 3418 591 istius
3439 534 3669 603 mundi,
3688 534 3743 591 si
3768 534 3853 591 in-

2191 619 2522 695 telligentes
2554 638 2661 678 nos
2691 639 2806 679 non
2838 622 3054 679 habere
3101 622 3197 678 hic
3228 644 3256 673 ‹‹
3288 623 3582 680 civitatem
3614 639 3849 696 perma-

2191 714 2449 779 nentem,
2484 711 2742 768 futuram
2796 711 3156 784 inquirimus
3197 712 3378 783 (Hebr.
3400 711 3597 785 καθ.»
3618 714 3691 769 Et
3739 711 3849 769 hoc

2192 799 2252 854 in
2282 798 2535 869 melotis,
2561 801 2620 855 in
2653 800 2908 873 pellibus
2933 799 3315 874 caprinis,vel
3346 802 3419 859 ad
3441 800 3703 858 litteram
3730 800 3848 859 cili-

2192 887 2300 945 ciis
2329 892 2387 945 et
2415 888 2598 946 sacris
2628 888 3131 962 poenitentialibus
3162 907 3268 947 nos
3300 890 3633 958 induentes,
3654 889 3750 947 vel
3772 889 3849 946 vi-

2190 975 2438 1045 litatem,
2462 981 2518 1034 et
2549 977 2946 1052 asperitatem,
2979 983 3039 1035 et
3087 979 3542 1053 corruptionem,
3565 996 3687 1053 qua
3735 979 3845 1036 cir-

2193 1067 2563 1133 cumdamur,
2587 1083 2821 1140 semper
2849 1067 3303 1125 considerantes.
3332 1069 3580 1143 Egentes
3610 1085 3845 1141 quoque

2194 1171 2424 1222 sumus,
2440 1154 2650 1212 fratres
2670 1155 2805 1224 mei,
2825 1156 3016 1230 magis
3041 1156 3247 1213 divinas
3267 1158 3465 1231 gratiae
3482 1162 3543 1214 et
3562 1156 3843 1230 spiritua-

2192 1242 2337 1299 lium
2366 1243 2648 1300 virtutum
2680 1260 2859 1317 quam
2903 1249 3266 1302 terrenorum
3299 1245 3757 1319 stipendiorum,
3783 1250 3844 1302 ut

2194 1332 2352 1388 dicat
2380 1333 2790 1406 unusquisque
2830 1339 3097 1391 nostrum
3136 1334 3397 1408 quotidie
3425 1352 3562 1392 cum
3593 1334 3843 1392 Psalmi-

2194 1424 2322 1477 sta:
2347 1444 2375 1471 «
2411 1421 2530 1495 Ego
2560 1439 2694 1479 vero
2726 1438 2948 1496 egenus
2987 1426 3045 1480 et
3083 1440 3305 1498 pauper
3333 1441 3498 1494 sum;
3531 1424 3713 1492 Deus,
3745 1425 3844 1482 ad-

2186 1509 2329 1580 juva
2379 1526 2472 1566 me
2502 1510 2673 1583 (Psal.
2716 1513 2886 1581 inx).
2916 1511 3390 1586 nAngustiamur
3416 1529 3655 1587 quoque
3703 1529 3845 1586 quo-

2195 1598 2502 1665 tidie,cum
2527 1599 2783 1656 vidimus
2803 1599 2979 1656 aliam
2999 1599 3187 1675 legem
3219 1601 3279 1657 in
3312 1602 3597 1659 membris
3628 1602 3847 1660 nostris

2194 1691 2618 1760 repugnantem
2665 1687 2777 1761 legi
2826 1688 3040 1746 mentis
3085 1692 3315 1760 nostris,
3350 1694 3409 1747 et
3454 1691 3847 1765 captivantem

439 1776 594 1836 enim
628 1775 868 1848 quidam
899 1775 1177 1832 melotam
1208 1793 1337 1833 esse
1382 1777 1561 1834 vestis
1589 1794 1796 1851 genus,
1822 1780 1985 1834 facta:
2020 1795 2088 1834 ex
2115 1815 2163 1880 Β
2194 1790 2302 1832 nos
2333 1775 2392 1831 in
2436 1774 2560 1849 lege
2589 1776 2808 1850 peccati
2841 1778 3013 1850 (Rom.
3038 1781 3161 1847 vn),
3185 1781 3242 1835 et
3286 1778 3616 1837 clamamus
3664 1798 3850 1838 unus-

438 1866 691 1942 pellibus
735 1864 1012 1938 caprinis,
1037 1881 1172 1937 qua,
1206 1870 1442 1939 propter
1482 1868 1857 1940 asperitatem
1905 1868 2084 1935 Elias,

436 1956 690 2014 Joannes
714 1953 998 2027 Baptista,
1018 1958 1075 2009 et
1104 1953 1295 2009 adhuc
1325 1954 1507 2027 aliqui
1534 1956 1785 2012 eremitae
1816 1960 2083 2013 utuntur.

435 2045 657 2118 Semper
701 2050 932 2114 egentes,
967 2041 1219 2098 subaudi
1266 2043 1629 2113 necessariis,
1679 2047 1982 2115 angustiati
2025 2046 2085 2101 in

437 2135 655 2201 animo,
692 2134 891 2205 afﬂicti
932 2130 1174 2187 diversis
1224 2131 1723 2189 tribulationibus.
1760 2134 1985 2205 Quibus,
2027 2134 2086 2191 id

436 2226 528 2281 est
558 2238 809 2295 quorum
841 2220 1279 2276 conversatione
1307 2238 1420 2276 non
1456 2229 1572 2278 erat
1600 2222 1836 2280 mundus
1863 2223 2084 2296 dignus,

436 2312 497 2369 id
527 2316 618 2368 est
646 2313 935 2368 amatores
966 2309 1192 2366 mundi.
1222 2312 1286 2366 In
1314 2311 1706 2368 solitudinibus
1734 2321 1995 2383 errantes,
2028 2316 2089 2370 in

437 2401 735 2469 montibus,
771 2401 831 2454 in
882 2399 1176 2471 speluncis,
1210 2400 1270 2454 in
1297 2402 1546 2456 cavernis
1595 2408 1790 2468 terra};
1821 2406 1887 2457 ut
1910 2402 2085 2472 Elias,

440 2493 499 2547 et
526 2489 630 2545 filii
663 2487 1104 2561 prophetarum,
1130 2504 1277 2560 quos
1309 2489 1522 2546 Abdias
1546 2494 1687 2547 tunc
1717 2491 2085 2565 quinquage-

444 2595 551 2637 nos
580 2577 756 2652 pavit.
791 2578 855 2632 In
895 2577 1051 2633 Novo
1089 2581 1284 2633 autem
1327 2579 1702 2637 Testamento
1747 2579 1918 2636 multi
1948 2579 2088 2637 soli-

444 2667 579 2724 tarii
608 2666 694 2724 sic
730 2665 1019 2721 vixerunt.
1045 2665 1109 2721 lli
1151 2683 1376 2737 omnes,
1404 2667 1613 2725 fratres
1652 2668 1789 2736 mei,
1813 2674 1869 2725 et
1899 2686 2005 2726 nos
2037 2668 2089 2726 si

441 2773 574 2816 vero
588 2754 790 2812 ﬁdeles
810 2771 1039 2822 sumus,
1056 2755 1313 2827 quotidie
1341 2773 1445 2828 pro
1476 2757 1713 2814 modulo
1736 2761 1934 2815 nostro
1956 2776 2086 2815 sus-

440 2846 724 2903 tinemus.
746 2844 801 2900 Si
834 2844 991 2900 enim
1020 2860 1153 2899 vere
1183 2844 1384 2901 ﬁdeles
1424 2863 1634 2902 sumus
1664 2847 2085 2917 distondimur;

440 2935 549 2994 etsi
581 2952 697 2991 non
726 2933 786 2990 in
818 2933 1144 3000 tormentis,
1168 2932 1376 2990 saltem
1399 2935 1666 3007 jejuniis,
1694 2934 1995 2994 laboribus
2025 2938 2084 2994 in

440 3024 731 3082 anteriora
755 3040 862 3080 nos
882 3023 1278 3090 extendentes,
1301 3040 1417 3080 non
1448 3024 1835 3097 suscipientes
1865 3025 2088 3083 redem-

437 3114 700 3188 ptionem
716 3110 1035 3186 corporalis
1055 3111 1410 3179 al'ilictionis,
1433 3117 1499 3168 ut
1518 3113 1813 3170 meliorem
1835 3114 2089 3173 invenia-

439 3184 575 3260 mus
604 3184 1109 3260 resurrectionem.
1141 3200 1202 3256 Si
1240 3217 1371 3257 vere
1422 3201 1624 3260 fideles
1671 3220 1901 3275 sumus,
1933 3204 2085 3261 ludi-
2117 3184 2160 3252 Ο

437 3292 567 3349 bria
584 3290 918 3365 experimur
936 3307 971 3346 a
990 3288 1309 3345 mundanis
1339 3288 1679 3347 hominibus
1700 3297 1968 3349 nostrum
1991 3294 2087 3351 bo-

437 3396 583 3438 num
613 3378 982 3453 propositum
1026 3377 1431 3447 irridentibus,
1464 3382 1522 3434 ot
1550 3396 1659 3436 nos
1685 3379 1773 3436 vel
1820 3380 2084 3455 insanos,

435 3467 524 3526 vel
553 3467 908 3541 hypocritas,
929 3465 1019 3521 vel
1058 3466 1408 3537 impostores
1449 3468 1813 3526 vocantibus.
1833 3469 2088 3529 Verbera

436 3572 672 3629 quoque
700 3556 1037 3626 frequenter
1080 3554 1359 3626 patimur,
1385 3554 1473 3611 vel
1519 3556 1591 3612 ab
1644 3556 1899 3627 homine,
1932 3559 2022 3616 vel
2052 3578 2087 3618 a

433 3650 572 3716 Deo,
596 3649 880 3717 tanquam
911 3643 1008 3716 pia
1037 3646 1220 3716 patre,
1245 3660 1352 3700 nos
1379 3643 1625 3718 flagellis
1654 3646 1975 3718 erudiente,
2010 3649 2083 3706 ad

435 3737 696 3791 nostram
735 3730 1143 3806 purgationem
1191 3730 1279 3788 vel
1338 3733 1763 3805 probationem.
1815 3735 2085 3795 Carceres

437 3838 691 3897 quoque,
715 3821 765 3879 si
796 3819 997 3878 ﬁdeles
1041 3838 1269 3891 sumus,
1286 3822 1545 3894 quotidie
1586 3824 1937 3897 experimur,
1957 3827 2084 3883 vin-

434 3910 567 3970 cula
594 3910 817 3969 scilicet
842 3909 1048 3966 divina:
1078 3908 1223 3984 legis
1254 3914 1311 3966 et
1337 3910 1656 3980 charitatis,
1686 3913 1903 3986 quibus
1931 3918 2086 3972 tene-

435 4016 571 4057 mur
591 4016 664 4056 ne
694 4002 899 4055 contra
928 3998 1028 4055 Dei
1060 3998 1423 4056 voluntatem
1455 4005 1556 4056 aut
1585 4000 1834 4059 velimus
1863 4008 1965 4059 aut
1994 4006 2084 4060 fa-

433 4090 682 4159 ciamus,
696 4090 867 4161 juxla
887 4089 1041 4161 quod
1071 4088 1386 4162 Apostolus
1407 4088 1489 4145 ait
1511 4106 1563 4145 :«
1584 4089 1825 4148 Solliciti
1856 4109 2084 4150 servare

434 4177 719 4235 unitatem
750 4176 993 4251 spiritus
1019 4177 1078 4233 in
1103 4176 1337 4234 vinculo
1367 4178 1528 4250 pacis
1550 4179 1761 4251 (Ephes.
1787 4181 1922 4252 1v).»
1946 4182 2082 4239 Car-

433 4282 594 4324 ceres
611 4282 844 4340 quoque
859 4265 1119 4338 quotidie
1137 4265 1359 4339 patitur
1375 4266 1573 4323 anima
1590 4272 1810 4336 nostra,
1825 4274 1882 4326 et
1899 4269 1947 4326 si
1965 4287 2080 4328 non

432 4355 578 4413 alios
607 4354 814 4413 saltem
845 4354 1150 4427 angustias
1180 4358 1237 4411 et
1280 4354 1580 4413 molestias
1612 4357 1890 4430 corporis,
1916 4359 2079 4428 dum,

430 4445 732 4518 cupientes
753 4442 993 4500 dissolvi
1020 4446 1077 4499 et
1102 4459 1230 4499 esse
1254 4459 1389 4499 cum
1411 4443 1641 4502 Christo
1666 4445 1834 4518 (Phil.
1860 4446 1921 4520 1),
1945 4464 2080 4504 cum

431 4534 717 4608 Propheta
739 4535 811 4590 ad
828 4532 1493 4623 Dominumclamamus
1513 4549 1563 4623 :a
1580 4535 1740 4592 Educ
1761 4536 1831 4592 de
1853 4552 2083 4597 carcere
2112 4558 2159 4623 Β

428 4623 691 4680 animam
712 4638 926 4693 meam,
941 4626 1008 4676 ut
1026 4621 1374 4677 confiteatur
1392 4622 1615 4678 nomini
1638 4626 2077 4697 tuo(Ps.cxm).»

428 4712 904 4785 Lepidamurque
926 4710 1276 4783 frequenter,
1293 4710 1341 4766 si
1367 4709 1568 4767 ﬁdeles
1598 4729 1828 4783 sumus,
1853 4731 1888 4770 a
1907 4730 2080 4771 mun-

426 4800 597 4858 danis
622 4800 984 4866 hominibus,
1018 4798 1226 4856 saltem
1259 4797 1554 4872 lapidibus
1586 4801 2077 4860 contumeliarum

423 4888 802 4961 injuriarum,
826 4887 1253 4945 detractionum
1302 4891 1358 4944 et
1396 4890 1859 4946 accusationum.
1881 4894 2077 4949 Secta-

423 4994 561 5035 mur
581 4977 757 5033 etiam
780 4978 852 5033 ab
876 4977 967 5032 his
986 4977 1260 5033 omnibus
1277 4977 1505 5034 diversa
1521 4979 1590 5034 de
1608 4978 1776 5036 nobis
1792 4980 2079 5052 opinanti-

422 5066 536 5123 bus
559 5064 808 5138 aliisque
832 5065 1163 5122 dicentibus
1183 5084 1233 5121 ;‹‹
1256 5066 1451 5122 Bonus
1472 5071 1560 5123 est
1581 5069 1930 5140 (Joan.x1i),»
1943 5069 2075 5129 aliis

421 5153 756 5212 dicentibus
780 5171 829 5209 zu
854 5154 998 5221 Non,
1021 5155 1121 5209 sed
1144 5155 1371 5210 seducit
1390 5156 1595 5212 turbas
1611 5157 1851 5230 (ibid.).»
1870 5159 2077 5217 Tenta-

422 5259 560 5302 mur
579 5258 811 5315 quoque
834 5259 867 5297 a
889 5242 1123 5314 propria
1146 5242 1440 5311 carne,vel
1462 5260 1497 5299 a
1516 5244 1768 5314 diabolo,
1790 5245 1882 5303 vel
1903 5264 1938 5303 a
1956 5248 2076 5304 dia-

420 5330 629 5389 bolicis
658 5329 997 5387 hominibus
1028 5346 1135 5386 nos
1165 5331 1443 5388 seducere
1462 5332 1791 5391 volentibus
1823 5351 1836 5391 :
1871 5340 2075 5394 contra

421 5435 571 5494 quos
591 5436 739 5492 opus
760 5422 849 5477 est
871 5416 1041 5475 nobis
1067 5419 1281 5475 auxilio
1304 5419 1498 5477 divino
1522 5425 1578 5477 et
1601 5420 1760 5478 lucta
1778 5425 2070 5496 quotidia-

419 5525 517 5583 na.
540 5511 608 5566 In
630 5509 918 5568 occisione
939 5525 1055 5583 quo
1080 5508 1259 5581 gladii
1282 5508 1588 5577 morimur,
1609 5510 1657 5566 si
1689 5511 1882 5585 gladio
1909 5516 2067 5572 verbi

415 5596 517 5701 Rei
532 5614 719 5677 usque
734 5600 807 5662 ad
827 5598 1105 5663 interiora
1122 5599 1504 5676 penetrantia,
1521 5615 1628 5657 nos
1650 5599 1811 5677 ipsos
1829 5604 2070 5665 mortifi-

2195 1864 2445 1938 quisque
2460 1868 2727 1921 nostrum
2747 1883 2882 1922 cum
2898 1866 3174 1941 Apostolo
3190 1884 3238 1923 :«
3260 1867 3464 1925 Infelix
3479 1868 3660 1927 homo
3672 1869 3701 1926 ?
3715 1870 3850 1943 quis

2196 1969 2289 2008 me
2310 1951 2581 2009 liberabit
2601 1954 2671 2009 de
2693 1971 2933 2027 corpore
2955 1954 3133 2027 hujus
3144 1955 3651 2028 ?»(Ibid.).Aftlicti
3671 1958 3849 2015 etiam

2196 2058 2403 2099 sumus
2435 2059 2538 2115 pro
2563 2043 2816 2114 peccatis
2847 2044 3067 2100 nostris
3100 2044 3432 2117 frequenter
3453 2049 3511 2101 et
3531 2062 3779 2120 corpore
3797 2052 3853 2104 et

2195 2134 2411 2200 mente,
2434 2130 2522 2187 vel
2554 2131 2731 2187 etiam
2777 2148 2881 2204 pro
2921 2131 3127 2189 alienis
3168 2136 3381 2203 mente,
3408 2134 3550 2190 dum
3581 2135 3852 2192 conside-

2196 2223 2392 2275 rantes
2422 2219 2684 2276 inﬁnitos
2714 2219 2923 2275 divinae
2961 2219 3106 2294 legis
3146 2225 3640 2294 transgressores,
3661 2224 3853 2283 dicere

2195 2325 2514 2381 possumus
2566 2308 2977 2382 unusquisque
3021 2326 3156 2366 cum
3190 2311 3484 2385 Propheta
3530 2313 3605 2369 ad
3655 2313 3850 2370 Domi-

2197 2414 2340 2453 num
2366 2414 2418 2452 :«
2447 2398 2767 2455 Tabeseere
2810 2415 2906 2454 me
2938 2397 3074 2456 fecit
3111 2398 3275 2457 zelus
3302 2416 3489 2471 meus,
3514 2400 3660 2475 quia
3688 2401 3852 2460 obliti

2197 2490 2336 2544 sunt
2365 2487 2541 2543 verba
2571 2490 2673 2543 tua
2701 2485 2926 2543 inimici
2950 2486 3063 2545 mei
3078 2487 3249 2561 (Psal.
3272 2492 3487 2560 CXVIII).
3506 2509 3540 2543 ι
3561 2490 3628 2547 In
3653 2491 3857 2548 solitu-

2198 2575 2437 2633 dinibus
2468 2592 2702 2649 quoque
2751 2592 3040 2645 erramus,
3063 2576 3114 2634 si
3140 2578 3453 2635 mundanae
3500 2580 3852 2652 perditionis

2198 2666 2566 2738 frequentata
2594 2670 2654 2721 et
2690 2664 2811 2721 lata
2855 2664 3068 2723 itinera
3110 2666 3423 2741 fugientes,
3457 2672 3518 2724 et
3562 2673 3851 2727 secretam

2196 2754 2377 2810 vitam
2404 2754 3037 2825 ducentes,mundanis
3067 2754 3409 2814 hominibus
3437 2772 3634 2815 errare
3663 2757 3853 2816 vides-

2198 2860 2332 2899 mur
2368 2842 2627 2900 dicentes
2657 2842 3067 2918 unusquisque
3112 2861 3249 2902 cum
3306 2845 3593 2919 Propheta
3623 2864 3673 2904 :c
3708 2847 3853 2904 Ecce

2196 2932 2459 3006 elongavi
2516 2929 2768 3005 fugiens,
2824 2935 2882 2988 et
2937 2932 3130 2990 mansi
3186 2933 3246 2989 in
3299 2933 3617 2993 solitudine
3674 2937 3849 3006 (Psal.

2198 3022 2326 3096 uv),
2358 3044 2385 3071 »
2405 3022 2477 3080 ad
2529 3025 2758 3078 montes
2802 3020 3086 3078 virtutum
3136 3021 3394 3094 quotidie
3438 3025 3846 3096 ascendentes,

2194 3116 2253 3169 et
2281 3116 2477 3168 tamen
2508 3110 2568 3167 in
2600 3109 2898 3183 speluncis
2924 3128 3030 3168 nos
3059 3110 3448 3182 humiliando,
3471 3116 3531 3168 et
3556 3113 3619 3170 in
3651 3132 3847 3173 caver-

2192 3200 2285 3257 nis
2331 3200 2577 3274 gloriam
2625 3199 2947 3257 humanam
2995 3200 3274 3274 fugiendo
3321 3200 3644 3259 latitantes.
3674 3206 3745 3261 Et
3779 3207 3847 3277 ii,

2193 3289 2406 3362 inquit,
2456 3291 2766 3346 testimonio
2812 3288 2963 3361 ﬁdei.
3013 3289 3268 3346 subaudi
3315 3306 3583 3363 operum,
3631 3295 3849 3365 probati

2191 3386 2339 3435 sunt.
2370 3379 2451 3434 Ac
2483 3378 2533 3434 si
2566 3376 2759 3433 dicat:
2783 3377 3135 3451 Hujusmodi
3180 3394 3386 3435 omnes
3417 3379 3519 3451 qui
3562 3383 3734 3439 tanta
3762 3381 3845 3439 fe-

2192 3471 2399 3524 cerunt
2428 3471 2485 3523 et
2512 3466 2672 3540 passi
2710 3470 2868 3536 sunt,
2904 3465 3241 3524 testimonio
3288 3466 3551 3525 ﬁdelium
3601 3484 3843 3543 operum

2193 3555 2421 3630 probati
2453 3558 2593 3612 sunt
2622 3555 2778 3627 apud
2808 3555 3014 3612 Deum.
3048 3554 3271 3625 Quibus
3304 3573 3413 3613 nos
3450 3557 3732 3628 adjuvare
3757 3557 3843 3615 di-

2192 3648 2404 3719 gnetur
2433 3647 2490 3701 et
2520 3643 2757 3718 praemio
2782 3646 2840 3699 ‘et
2858 3643 3089 3712 merito,
3115 3644 3300 3717 Pater,
3325 3648 3382 3703 et
3406 3643 3614 3715 Filius,
3640 3650 3701 3703 et
3720 3648 3843 3721 Spi-

2193 3732 2340 3790 ritus
2370 3737 2633 3791 sanctus.
2656 3734 2862 3789 Amen.

2949 3821 3092 3879 XVI.

2360 3926 2748 3968 PLURIMORUM
2788 3927 3134 3980 MARTYBUM,
3174 3927 3363 3969 SERMO
3401 3929 3473 3970 DE
3510 3929 3674 3972 LUCA.

2263 4004 2401 4058 Cum
2457 4000 2749 4057 audieritis
2799 4000 3002 4073 praelia
3056 4009 3109 4057 et
3162 4000 3474 4072 seditiones,
3504 4005 3674 4061 nolite
3733 4014 3845 4063 ter-

2191 4092 2308 4146 reri
2332 4091 2485 4160 (Luc.
2517 4091 2654 4158 xm),
2678 4092 2735 4145 et
2776 4088 2881 4146 rel.
2913 4089 3201 4156 Quoniam
3249 4089 3659 4148 tribulationes
3686 4096 3748 4150 et
3775 4109 3847 4151 ex

2191 4178 2507 4251 improviso
2539 4178 2861 4249 venientes,
2888 4181 3183 4250 prostrare
3211 4176 3403 4236 solent
3432 4179 3609 4236 etiam
3641 4181 3845 4239 fortio-

2191 4285 2304 4337 res,
2338 4267 2465 4324 ideo
2513 4265 2799 4324 Dominus
2827 4271 2884 4324 et
2916 4267 3270 4340 Redemptor
3315 4271 3514 4325 noster
3557 4274 3846 4330 venturus

2188 4355 2360 4430 longe
2390 4361 2523 4413 ante
2553 4355 2812 4429 praedixit
2844 4354 3153 4428 discipulis
3184 4356 3310 4412 suis
3348 4357 3838 4430 perturbationes,

2189 4449 2257 4502 ut
2284 4450 2445 4501 tanto
2476 4444 2673 4501 minus
2702 4460 2801 4500 eos
2832 4445 3243 4518 perturbarent
3272 4450 3491 4519 quanto
3524 4446 3713 4521 magis
3740 4462 3840 4506 eos

2189 4534 2388 4609 clypeo
2416 4533 2789 4606 praescientia'.
2820 4533 3035 4590 muniti
3065 4539 3280 4591 essent.
3309 4535 3503 4591 Primo
3534 4535 3839 4609 igitur,eis

2189 4623 2453 4697 praedixit
2498 4621 2906 4679 tribulationes
2953 4623 3343 4696 praecedentes
3385 4627 3443 4679 et
3496 4623 3839 4699 signiﬁcan-

2189 4716 2278 4768 tes
2308 4712 2484 4768 ﬁnem
2515 4711 2746 4780 mundi,
2768 4715 2827 4767 et
2856 4716 3059 4769 contra
3085 4728 3186 4768 eas
3228 4711 3713 4770 consolationem.
3746 4715 3840 4772 Se-

2187 4801 2379 4858 cundo
2417 4816 2573 4870 vero,
2603 4798 2871 4872 praedixit
2916 4815 3016 4857 eos
3058 4800 3364 4869 tenendos,
3396 4804 3453 4856 et
3482 4801 3556 4857 ad
3602 4802 3838 4874 judieos

2185 4890 2522 4957 trahendos,
2578 4893 2637 4944 et
2693 4892 2892 4946 contra
2945 4905 3044 4946 eos
3098 4887 3583 4946 consolationem.
3618 4891 3834 4962 Tertio,

2185 4979 2329 5036 dixit
2357 4995 2456 5035 eos
2511 4977 2584 5034 ab
2642 4976 2898 5034 inimicis
2949 4977 3320 5046 occidendos,
3351 4982 3410 5034 et
3466 4983 3672 5036 contra
3730 4981 3837 5039 hoc

2183 5067 2660 5125 consolationem.
2695 5065 2887 5123 Primo
2936 5067 3134 5140 itaque
3179 5066 3589 5124 tribulationes
3621 5085 3839 5142 prace-

2181 5158 2386 5213 dentes
2417 5160 2474 5212 et
2522 5154 2920 5229 signiﬁcantes
2950 5155 3128 5212 finem
3174 5155 3403 5225 mundi,
3436 5155 3523 5212 eis
3570 5159 3839 5230 predixit

2181 5263 2316 5304 cum
2347 5245 2516 5313 dixit,
2530 5262 2654 5301 cum
2689 5243 2982 5303 audieritis
3005 5244 3212 5317 praelia
3240 5247 3295 5301 ei
3320 5245 3634 5302 seditiones.
3659 5246 3835 5305 Porro

2179 5335 2350 5403 bella,
2383 5334 2594 5390 fratres
2638 5333 2775 5402 mei,
2798 5333 2871 5389 ad
2919 5332 3118 5390 hostes
3164 5332 3482 5407 pertinent,
3513 5334 3834 5393 seditiones

2178 5426 2248 5481 ad
2282 5424 2456 5480 cives.
2482 5422 2554 5478 Ut
2583 5438 2719 5496 ergo
2764 5439 2871 5479 nos
2900 5422 3120 5480 indicet
3166 5422 3421 5479 exterius
3468 5423 3835 5497 interiusque

2176 5512 2521 5581 turbandos,
2547 5509 2813 5585 praedixit
2842 5527 2949 5568 nos
2979 5511 3053 5568 ab
3097 5511 3368 5570 hostibus
3400 5514 3458 5569 et
3487 5529 3523 5569 a
3549 5512 3831 5573 fratribus

2176 5618 2302 5663 esse
2330 5616 2630 5678 passuros.
2656 5598 2820 5661 Sicut
2847 5598 3004 5683 enim
3033 5600 3365 5685 humanum
3396 5616 3612 5680 corpus
3640 5600 3705 5664 in
3732 5615 3831 5667 so-
