  <div class='ocr_page' id='page_1' title='image "/cluster/home/n/w/nwhite01/storage/ocr_20150623/155/hvd.32044054760137/778.png"; bbox 0 0 4002 6078; ppageno 0'>
   <div class='ocr_carea' id='block_1_1' title="bbox 212 270 370 338">
    <p class='ocr_par' dir='ltr' id='par_1_1' title="bbox 212 270 370 338">
     <span class='ocr_line' id='line_1_1' title="bbox 212 270 370 338; baseline -0.013 0"><span class='ocrx_word' id='word_1_1' title='bbox 212 270 370 338; x_wconf 73' lang='grc'><strong>1549</strong></span> 
     </span>
    </p>
   </div>
   <div class='ocr_carea' id='block_1_2' title="bbox 1344 274 2484 341">
    <p class='ocr_par' dir='ltr' id='par_1_2' title="bbox 1344 274 2484 341">
     <span class='ocr_line' id='line_1_2' title="bbox 1344 274 2484 341; baseline -0.003 -1"><span class='ocrx_word' id='word_1_2' title='bbox 1344 274 1725 341; x_wconf 70' lang='grc' dir='ltr'><strong>ΗΟΜῙῙᾹΕ.</strong></span> <span class='ocrx_word' id='word_1_3' title='bbox 1758 306 1838 326; x_wconf 89' lang='lat'><strong>--</strong></span> <span class='ocrx_word' id='word_1_4' title='bbox 1863 274 1942 341; x_wconf 91' lang='lat' dir='ltr'><strong>II.</strong></span> <span class='ocrx_word' id='word_1_5' title='bbox 1986 278 2089 340; x_wconf 88' lang='lat' dir='ltr'><strong>DE</strong></span> <span class='ocrx_word' id='word_1_6' title='bbox 2134 274 2484 341; x_wconf 84' lang='lat' dir='ltr'><strong>SANCTIS.</strong></span> 
     </span>
    </p>
   </div>
   <div class='ocr_carea' id='block_1_3' title="bbox 3460 280 3619 342">
    <p class='ocr_par' dir='ltr' id='par_1_3' title="bbox 3460 280 3619 342">
     <span class='ocr_line' id='line_1_3' title="bbox 3460 280 3619 342; baseline 0.013 -1"><span class='ocrx_word' id='word_1_7' title='bbox 3460 280 3619 342; x_wconf 74' lang='grc'><strong>1550</strong></span> 
     </span>
    </p>
   </div>
   <div class='ocr_carea' id='block_1_4' title="bbox 209 407 3623 484">
    <p class='ocr_par' dir='ltr' id='par_1_4' title="bbox 209 407 3623 484">
     <span class='ocr_line' id='line_1_4' title="bbox 209 407 3623 484; baseline 0.001 -20"><span class='ocrx_word' id='word_1_8' title='bbox 209 413 442 465; x_wconf 88' lang='lat' dir='ltr'><strong>nectute</strong></span> <span class='ocrx_word' id='word_1_9' title='bbox 473 407 695 482; x_wconf 88' lang='lat' dir='ltr'><strong>patitur</strong></span> <span class='ocrx_word' id='word_1_10' title='bbox 723 409 985 466; x_wconf 82' lang='lat' dir='ltr'><strong>crebrius</strong></span> <span class='ocrx_word' id='word_1_11' title='bbox 1032 409 1335 484; x_wconf 86' lang='lat' dir='ltr'><strong>passiones</strong></span> <span class='ocrx_word' id='word_1_12' title='bbox 1380 410 1587 467; x_wconf 88' lang='lat' dir='ltr'><strong>mortis</strong></span> <span class='ocrx_word' id='word_1_13' title='bbox 1618 427 1859 484; x_wconf 75' lang='lat' dir='ltr'><strong>prmam-</strong></span> <span class='ocrx_word' id='word_1_14' title='bbox 1889 412 1943 480; x_wconf 79' lang='grc' dir='ltr'><strong>Α</strong></span> <span class='ocrx_word' id='word_1_15' title='bbox 1974 428 2149 478; x_wconf 72' lang='lat' dir='ltr'><strong>roum,</strong></span> <span class='ocrx_word' id='word_1_16' title='bbox 2182 410 2263 466; x_wconf 89' lang='lat' dir='ltr'><strong>ita</strong></span> <span class='ocrx_word' id='word_1_17' title='bbox 2309 411 2419 466; x_wconf 87' lang='lat' dir='ltr'><strong>erit</strong></span> <span class='ocrx_word' id='word_1_18' title='bbox 2449 410 2532 467; x_wconf 89' lang='lat' dir='ltr'><strong>eis</strong></span> <span class='ocrx_word' id='word_1_19' title='bbox 2562 426 2742 467; x_wconf 88' lang='lat' dir='ltr'><strong>causa</strong></span> <span class='ocrx_word' id='word_1_20' title='bbox 2789 409 3186 467; x_wconf 81' lang='lat' dir='ltr'><strong>damnationis</strong></span> <span class='ocrx_word' id='word_1_21' title='bbox 3224 414 3469 466; x_wconf 58' lang='lat' dir='ltr'><strong>aeterna.</strong></span> <span class='ocrx_word' id='word_1_22' title='bbox 3504 411 3623 468; x_wconf 87' lang='lat' dir='ltr'><strong>Un-</strong></span> 
     </span>
    </p>
   </div>
   <div class='ocr_carea' id='block_1_5' title="bbox 208 495 1868 566">
    <p class='ocr_par' dir='ltr' id='par_1_5' title="bbox 208 495 1868 566">
     <span class='ocr_line' id='line_1_5' title="bbox 208 495 1868 566; baseline 0.002 -13"><span class='ocrx_word' id='word_1_23' title='bbox 208 496 405 565; x_wconf 88' lang='lat' dir='ltr'><strong>bulas,</strong></span> <span class='ocrx_word' id='word_1_24' title='bbox 438 501 497 553; x_wconf 93' lang='lat' dir='ltr'><strong>et</strong></span> <span class='ocrx_word' id='word_1_25' title='bbox 525 495 598 555; x_wconf 87' lang='lat' dir='ltr'><strong>ab</strong></span> <span class='ocrx_word' id='word_1_26' title='bbox 629 497 1011 556; x_wconf 77' lang='lat' dir='ltr'><strong>exterioribus</strong></span> <span class='ocrx_word' id='word_1_27' title='bbox 1055 498 1459 556; x_wconf 89' lang='lat' dir='ltr'><strong>accidentibus</strong></span> <span class='ocrx_word' id='word_1_28' title='bbox 1505 499 1781 566; x_wconf 84' lang='lat' dir='ltr'><strong>exterius,</strong></span> <span class='ocrx_word' id='word_1_29' title='bbox 1812 512 1868 562; x_wconf 81' lang='lat' dir='ltr'><strong>et</strong></span> 
     </span>
    </p>
   </div>
   <div class='ocr_carea' id='block_1_6' title="bbox 208 585 1865 658">
    <p class='ocr_par' dir='ltr' id='par_1_6' title="bbox 208 585 1865 658">
     <span class='ocr_line' id='line_1_6' title="bbox 208 585 1865 658; baseline 0.001 -14"><span class='ocrx_word' id='word_1_30' title='bbox 208 586 282 644; x_wconf 88' lang='lat' dir='ltr'><strong>ab</strong></span> <span class='ocrx_word' id='word_1_31' title='bbox 314 585 678 645; x_wconf 81' lang='lat' dir='ltr'><strong>dissonantia</strong></span> <span class='ocrx_word' id='word_1_32' title='bbox 726 586 1043 645; x_wconf 90' lang='lat' dir='ltr'><strong>humorum</strong></span> <span class='ocrx_word' id='word_1_33' title='bbox 1092 589 1362 658; x_wconf 88' lang='lat' dir='ltr'><strong>interius,</strong></span> <span class='ocrx_word' id='word_1_34' title='bbox 1411 589 1495 646; x_wconf 90' lang='lat' dir='ltr'><strong>sic</strong></span> <span class='ocrx_word' id='word_1_35' title='bbox 1544 590 1643 646; x_wconf 81' lang='lat' dir='ltr'><strong>fiet</strong></span> <span class='ocrx_word' id='word_1_36' title='bbox 1671 590 1865 645; x_wconf 91' lang='lat' dir='ltr'><strong>immi-</strong></span> 
     </span>
    </p>
   </div>
   <div class='ocr_carea' id='block_1_7' title="bbox 208 675 1867 750">
    <p class='ocr_par' dir='ltr' id='par_1_7' title="bbox 208 675 1867 750">
     <span class='ocr_line' id='line_1_7' title="bbox 208 675 1867 750; baseline 0.001 -17"><span class='ocrx_word' id='word_1_37' title='bbox 208 680 385 734; x_wconf 89' lang='lat' dir='ltr'><strong>nente</strong></span> <span class='ocrx_word' id='word_1_38' title='bbox 428 676 544 734; x_wconf 79' lang='lat' dir='ltr'><strong>line</strong></span> <span class='ocrx_word' id='word_1_39' title='bbox 572 675 634 732; x_wconf 92' lang='lat' dir='ltr'><strong>in</strong></span> <span class='ocrx_word' id='word_1_40' title='bbox 684 693 922 750; x_wconf 88' lang='lat' dir='ltr'><strong>corpore</strong></span> <span class='ocrx_word' id='word_1_41' title='bbox 952 677 1238 735; x_wconf 67' lang='lat' dir='ltr'><strong>machina:</strong></span> <span class='ocrx_word' id='word_1_42' title='bbox 1281 677 1621 734; x_wconf 83' lang='lat' dir='ltr'><strong>mundialis.</strong></span> <span class='ocrx_word' id='word_1_43' title='bbox 1669 677 1867 749; x_wconf 79' lang='lat' dir='ltr'><strong>Surget</strong></span> 
     </span>
    </p>
   </div>
   <div class='ocr_carea' id='block_1_8' title="bbox 206 764 1866 839">
    <p class='ocr_par' dir='ltr' id='par_1_8' title="bbox 206 764 1866 839">
     <span class='ocr_line' id='line_1_8' title="bbox 206 764 1866 839; baseline 0 -16"><span class='ocrx_word' id='word_1_44' title='bbox 206 768 376 832; x_wconf 89' lang='lat' dir='ltr'><strong>enim,</strong></span> <span class='ocrx_word' id='word_1_45' title='bbox 409 764 623 839; x_wconf 83' lang='lat' dir='ltr'><strong>inquit,</strong></span> <span class='ocrx_word' id='word_1_46' title='bbox 654 781 786 835; x_wconf 89' lang='lat' dir='ltr'><strong>gens</strong></span> <span class='ocrx_word' id='word_1_47' title='bbox 804 774 995 822; x_wconf 88' lang='lat' dir='ltr'><strong>contra</strong></span> <span class='ocrx_word' id='word_1_48' title='bbox 1014 774 1247 836; x_wconf 78' lang='lat' dir='ltr'><strong>gentem,</strong></span> <span class='ocrx_word' id='word_1_49' title='bbox 1278 774 1330 822; x_wconf 93' lang='lat' dir='ltr'><strong>et</strong></span> <span class='ocrx_word' id='word_1_50' title='bbox 1360 782 1590 835; x_wconf 82' lang='lat' dir='ltr'><strong>regnum</strong></span> <span class='ocrx_word' id='word_1_51' title='bbox 1609 765 1866 823; x_wconf 86' lang='lat' dir='ltr'><strong>adversus</strong></span> 
     </span>
    </p>
   </div>
   <div class='ocr_carea' id='block_1_9' title="bbox 206 856 1866 928">
    <p class='ocr_par' dir='ltr' id='par_1_9' title="bbox 206 856 1866 928">
     <span class='ocr_line' id='line_1_9' title="bbox 206 856 1866 928; baseline 0.002 -18"><span class='ocrx_word' id='word_1_52' title='bbox 206 870 459 925; x_wconf 82' lang='lat' dir='ltr'><strong>regnum,</strong></span> <span class='ocrx_word' id='word_1_53' title='bbox 475 862 529 910; x_wconf 92' lang='lat' dir='ltr'><strong>et</strong></span> <span class='ocrx_word' id='word_1_54' title='bbox 541 861 882 912; x_wconf 69' lang='lat' dir='ltr'><strong>terra’nwtus</strong></span> <span class='ocrx_word' id='word_1_55' title='bbox 891 872 994 927; x_wconf 87' lang='lat' dir='ltr'><strong>per</strong></span> <span class='ocrx_word' id='word_1_56' title='bbox 1008 857 1125 912; x_wconf 88' lang='lat' dir='ltr'><strong>loca</strong></span> <span class='ocrx_word' id='word_1_57' title='bbox 1136 856 1328 925; x_wconf 88' lang='lat' dir='ltr'><strong>magni</strong></span> <span class='ocrx_word' id='word_1_58' title='bbox 1340 862 1521 920; x_wconf 88' lang='lat' dir='ltr'><strong>erunt,</strong></span> <span class='ocrx_word' id='word_1_59' title='bbox 1537 856 1866 928; x_wconf 71' lang='lat' dir='ltr'><strong>pestilentia?</strong></span> 
     </span>
    </p>
   </div>
   <div class='ocr_carea' id='block_1_10' title="bbox 206 943 1863 1016">
    <p class='ocr_par' dir='ltr' id='par_1_10' title="bbox 206 943 1863 1016">
     <span class='ocr_line' id='line_1_10' title="bbox 206 943 1863 1016; baseline 0.001 -16"><span class='ocrx_word' id='word_1_60' title='bbox 206 952 263 1000; x_wconf 87' lang='lat' dir='ltr'><strong>et</strong></span> <span class='ocrx_word' id='word_1_61' title='bbox 290 946 488 1016; x_wconf 81' lang='lat' dir='ltr'><strong>fames,</strong></span> <span class='ocrx_word' id='word_1_62' title='bbox 521 950 857 1016; x_wconf 82' lang='lat' dir='ltr'><strong>terroresque</strong></span> <span class='ocrx_word' id='word_1_63' title='bbox 888 943 953 1001; x_wconf 86' lang='lat' dir='ltr'><strong>de</strong></span> <span class='ocrx_word' id='word_1_64' title='bbox 971 945 1120 1009; x_wconf 67' lang='lat' dir='ltr'><strong>calo,</strong></span> <span class='ocrx_word' id='word_1_65' title='bbox 1151 947 1211 1000; x_wconf 88' lang='lat' dir='ltr'><strong>et</strong></span> <span class='ocrx_word' id='word_1_66' title='bbox 1240 943 1393 1001; x_wconf 90' lang='lat' dir='ltr'><strong>sicut</strong></span> <span class='ocrx_word' id='word_1_67' title='bbox 1419 943 1479 999; x_wconf 90' lang='lat' dir='ltr'><strong>in</strong></span> <span class='ocrx_word' id='word_1_68' title='bbox 1505 943 1863 1016; x_wconf 88' lang='lat' dir='ltr'><strong>quibusdam</strong></span> 
     </span>
    </p>
   </div>
   <div class='ocr_carea' id='block_1_11' title="bbox 208 1031 1865 1106">
    <p class='ocr_par' dir='ltr' id='par_1_11' title="bbox 208 1031 1865 1106">
     <span class='ocr_line' id='line_1_11' title="bbox 208 1031 1865 1106; baseline -0.001 -16"><span class='ocrx_word' id='word_1_69' title='bbox 208 1031 512 1090; x_wconf 88' lang='lat' dir='ltr'><strong>codicibus</strong></span> <span class='ocrx_word' id='word_1_70' title='bbox 571 1031 807 1106; x_wconf 80' lang='lat' dir='ltr'><strong>legitur,</strong></span> <span class='ocrx_word' id='word_1_71' title='bbox 862 1041 914 1089; x_wconf 91' lang='lat' dir='ltr'><strong>et</strong></span> <span class='ocrx_word' id='word_1_72' title='bbox 961 1040 1315 1106; x_wconf 78' lang='lat' dir='ltr'><strong>tempestates,</strong></span> <span class='ocrx_word' id='word_1_73' title='bbox 1363 1040 1416 1089; x_wconf 87' lang='lat' dir='ltr'><strong>et</strong></span> <span class='ocrx_word' id='word_1_74' title='bbox 1456 1034 1620 1103; x_wconf 85' lang='lat' dir='ltr'><strong>signa</strong></span> <span class='ocrx_word' id='word_1_75' title='bbox 1664 1050 1865 1105; x_wconf 87' lang='lat' dir='ltr'><strong>magna</strong></span> 
     </span>
    </p>
   </div>
   <div class='ocr_carea' id='block_1_12' title="bbox 206 1121 1860 1195">
    <p class='ocr_par' dir='ltr' id='par_1_12' title="bbox 206 1121 1860 1195">
     <span class='ocr_line' id='line_1_12' title="bbox 206 1121 1860 1195; baseline -0.001 -16"><span class='ocrx_word' id='word_1_76' title='bbox 206 1130 390 1180; x_wconf 84' lang='lat' dir='ltr'><strong>erant.</strong></span> <span class='ocrx_word' id='word_1_77' title='bbox 424 1122 577 1178; x_wconf 82' lang='lat' dir='ltr'><strong>Sane</strong></span> <span class='ocrx_word' id='word_1_78' title='bbox 597 1121 769 1195; x_wconf 88' lang='lat' dir='ltr'><strong>signa</strong></span> <span class='ocrx_word' id='word_1_79' title='bbox 796 1121 910 1178; x_wconf 89' lang='lat' dir='ltr'><strong>ista</strong></span> <span class='ocrx_word' id='word_1_80' title='bbox 939 1122 1418 1179; x_wconf 82' lang='lat' dir='ltr'><strong>demonstrantur</strong></span> <span class='ocrx_word' id='word_1_81' title='bbox 1444 1138 1573 1178; x_wconf 91' lang='lat' dir='ltr'><strong>esse</strong></span> <span class='ocrx_word' id='word_1_82' title='bbox 1596 1126 1860 1189; x_wconf 90' lang='lat' dir='ltr'><strong>ventura,</strong></span> 
     </span>
    </p>
   </div>
   <div class='ocr_carea' id='block_1_13' title="bbox 208 1208 1927 1286">
    <p class='ocr_par' dir='ltr' id='par_1_13' title="bbox 208 1208 1927 1286">
     <span class='ocr_line' id='line_1_13' title="bbox 208 1208 1927 1286; baseline 0 -18"><span class='ocrx_word' id='word_1_83' title='bbox 208 1212 476 1286; x_wconf 61' lang='lat' dir='ltr'><strong>quadam</strong></span> <span class='ocrx_word' id='word_1_84' title='bbox 507 1227 539 1267; x_wconf 92' lang='lat' dir='ltr'><strong>e</strong></span> <span class='ocrx_word' id='word_1_85' title='bbox 569 1208 732 1276; x_wconf 71' lang='lat' dir='ltr'><strong>cmlo,</strong></span> <span class='ocrx_word' id='word_1_86' title='bbox 779 1211 1045 1284; x_wconf 75' lang='lat' dir='ltr'><strong>quaedam</strong></span> <span class='ocrx_word' id='word_1_87' title='bbox 1076 1228 1109 1268; x_wconf 92' lang='lat' dir='ltr'><strong>e</strong></span> <span class='ocrx_word' id='word_1_88' title='bbox 1138 1215 1314 1280; x_wconf 88' lang='lat' dir='ltr'><strong>terra,</strong></span> <span class='ocrx_word' id='word_1_89' title='bbox 1354 1211 1622 1284; x_wconf 76' lang='lat' dir='ltr'><strong>quaedam</strong></span> <span class='ocrx_word' id='word_1_90' title='bbox 1651 1228 1721 1268; x_wconf 77' lang='lat' dir='ltr'><strong>ex</strong></span> <span class='ocrx_word' id='word_1_91' title='bbox 1746 1211 1860 1268; x_wconf 88' lang='lat' dir='ltr'><strong>ele-</strong></span> <span class='ocrx_word' id='word_1_92' title='bbox 1906 1264 1927 1275; x_wconf 78' lang='lat'><strong>-</strong></span> 
     </span>
    </p>
   </div>
   <div class='ocr_carea' id='block_1_14' title="bbox 208 1299 1865 1374">
    <p class='ocr_par' dir='ltr' id='par_1_14' title="bbox 208 1299 1865 1374">
     <span class='ocr_line' id='line_1_14' title="bbox 208 1299 1865 1374; baseline -0.001 -16"><span class='ocrx_word' id='word_1_93' title='bbox 208 1300 446 1372; x_wconf 86' lang='lat' dir='ltr'><strong>mentis,</strong></span> <span class='ocrx_word' id='word_1_94' title='bbox 479 1300 748 1374; x_wconf 76' lang='lat' dir='ltr'><strong>quaedam</strong></span> <span class='ocrx_word' id='word_1_95' title='bbox 776 1300 851 1356; x_wconf 91' lang='lat' dir='ltr'><strong>ab</strong></span> <span class='ocrx_word' id='word_1_96' title='bbox 897 1299 1257 1357; x_wconf 90' lang='lat' dir='ltr'><strong>hominibus.</strong></span> <span class='ocrx_word' id='word_1_97' title='bbox 1311 1300 1407 1356; x_wconf 85' lang='lat' dir='ltr'><strong>Ait</strong></span> <span class='ocrx_word' id='word_1_98' title='bbox 1434 1300 1628 1356; x_wconf 88' lang='lat' dir='ltr'><strong>enim:</strong></span> <span class='ocrx_word' id='word_1_99' title='bbox 1677 1307 1865 1371; x_wconf 85' lang='lat' dir='ltr'><strong>surget</strong></span> 
     </span>
    </p>
   </div>
   <div class='ocr_carea' id='block_1_15' title="bbox 205 1388 1863 1463">
    <p class='ocr_par' dir='ltr' id='par_1_15' title="bbox 205 1388 1863 1463">
     <span class='ocr_line' id='line_1_15' title="bbox 205 1388 1863 1463; baseline -0.001 -15"><span class='ocrx_word' id='word_1_100' title='bbox 205 1409 338 1463; x_wconf 87' lang='lat' dir='ltr'><strong>gens</strong></span> <span class='ocrx_word' id='word_1_101' title='bbox 353 1398 541 1448; x_wconf 86' lang='lat' dir='ltr'><strong>contra</strong></span> <span class='ocrx_word' id='word_1_102' title='bbox 560 1397 794 1461; x_wconf 80' lang='lat' dir='ltr'><strong>gentem,</strong></span> <span class='ocrx_word' id='word_1_103' title='bbox 814 1405 945 1446; x_wconf 91' lang='lat' dir='ltr'><strong>ecce</strong></span> <span class='ocrx_word' id='word_1_104' title='bbox 962 1388 1321 1462; x_wconf 82' lang='lat' dir='ltr'><strong>perturbatio</strong></span> <span class='ocrx_word' id='word_1_105' title='bbox 1338 1388 1666 1445; x_wconf 88' lang='lat' dir='ltr'><strong>hominum.</strong></span> <span class='ocrx_word' id='word_1_106' title='bbox 1685 1390 1863 1446; x_wconf 86' lang='lat' dir='ltr'><strong>Erunt</strong></span> 
     </span>
    </p>
   </div>
   <div class='ocr_carea' id='block_1_16' title="bbox 206 1476 1863 1551">
    <p class='ocr_par' dir='ltr' id='par_1_16' title="bbox 206 1476 1863 1551">
     <span class='ocr_line' id='line_1_16' title="bbox 206 1476 1863 1551; baseline -0.003 -12"><span class='ocrx_word' id='word_1_107' title='bbox 206 1489 548 1539; x_wconf 69' lang='lat' dir='ltr'><strong>terraemotus</strong></span> <span class='ocrx_word' id='word_1_108' title='bbox 589 1495 690 1551; x_wconf 89' lang='lat' dir='ltr'><strong>per</strong></span> <span class='ocrx_word' id='word_1_109' title='bbox 737 1480 874 1546; x_wconf 90' lang='lat' dir='ltr'><strong>loca,</strong></span> <span class='ocrx_word' id='word_1_110' title='bbox 925 1493 1057 1534; x_wconf 90' lang='lat' dir='ltr'><strong>ecce</strong></span> <span class='ocrx_word' id='word_1_111' title='bbox 1099 1477 1187 1534; x_wconf 90' lang='lat' dir='ltr'><strong>ira</strong></span> <span class='ocrx_word' id='word_1_112' title='bbox 1231 1476 1333 1533; x_wconf 91' lang='lat' dir='ltr'><strong>Dei</strong></span> <span class='ocrx_word' id='word_1_113' title='bbox 1363 1478 1636 1549; x_wconf 89' lang='lat' dir='ltr'><strong>desuper.</strong></span> <span class='ocrx_word' id='word_1_114' title='bbox 1684 1479 1863 1534; x_wconf 83' lang='lat' dir='ltr'><strong>Erunt</strong></span> 
     </span>
    </p>
   </div>
   <div class='ocr_carea' id='block_1_17' title="bbox 200 1566 1858 1645">
    <p class='ocr_par' dir='ltr' id='par_1_17' title="bbox 200 1566 1858 1645">
     <span class='ocr_line' id='line_1_17' title="bbox 200 1566 1858 1645; baseline -0.002 -18"><span class='ocrx_word' id='word_1_115' title='bbox 200 1571 553 1645; x_wconf 74' lang='lat' dir='ltr'><strong>pestilentiae,</strong></span> <span class='ocrx_word' id='word_1_116' title='bbox 585 1584 717 1625; x_wconf 90' lang='lat' dir='ltr'><strong>ecce</strong></span> <span class='ocrx_word' id='word_1_117' title='bbox 748 1566 1114 1640; x_wconf 66' lang='lat' dir='ltr'><strong>inaequalitas</strong></span> <span class='ocrx_word' id='word_1_118' title='bbox 1145 1566 1316 1624; x_wconf 90' lang='lat' dir='ltr'><strong>aeris.</strong></span> <span class='ocrx_word' id='word_1_119' title='bbox 1351 1566 1498 1634; x_wconf 86' lang='lat' dir='ltr'><strong>Quia</strong></span> <span class='ocrx_word' id='word_1_120' title='bbox 1527 1566 1705 1639; x_wconf 79' lang='lat' dir='ltr'><strong>igitur</strong></span> <span class='ocrx_word' id='word_1_121' title='bbox 1733 1583 1858 1624; x_wconf 91' lang='lat' dir='ltr'><strong>om-</strong></span> 
     </span>
    </p>
   </div>
   <div class='ocr_carea' id='block_1_18' title="bbox 205 1655 1861 1727">
    <p class='ocr_par' dir='ltr' id='par_1_18' title="bbox 205 1655 1861 1727">
     <span class='ocr_line' id='line_1_18' title="bbox 205 1655 1861 1727; baseline -0.004 -9"><span class='ocrx_word' id='word_1_122' title='bbox 205 1661 308 1717; x_wconf 87' lang='lat' dir='ltr'><strong>nia</strong></span> <span class='ocrx_word' id='word_1_123' title='bbox 336 1657 805 1717; x_wconf 89' lang='lat' dir='ltr'><strong>consummanda</strong></span> <span class='ocrx_word' id='word_1_124' title='bbox 831 1660 989 1727; x_wconf 90' lang='lat' dir='ltr'><strong>sunt,</strong></span> <span class='ocrx_word' id='word_1_125' title='bbox 1013 1655 1212 1712; x_wconf 87' lang='lat' dir='ltr'><strong>omnia</strong></span> <span class='ocrx_word' id='word_1_126' title='bbox 1241 1658 1374 1712; x_wconf 84' lang='lat' dir='ltr'><strong>ante</strong></span> <span class='ocrx_word' id='word_1_127' title='bbox 1404 1655 1861 1712; x_wconf 89' lang='lat' dir='ltr'><strong>consummatio-</strong></span> 
     </span>
    </p>
   </div>
   <div class='ocr_carea' id='block_1_19' title="bbox 1978 498 3624 570">
    <p class='ocr_par' dir='ltr' id='par_1_19' title="bbox 1978 498 3624 570">
     <span class='ocr_line' id='line_1_19' title="bbox 1978 498 3624 570; baseline 0.001 -16"><span class='ocrx_word' id='word_1_128' title='bbox 1978 499 2048 554; x_wconf 89' lang='lat' dir='ltr'><strong>de</strong></span> <span class='ocrx_word' id='word_1_129' title='bbox 2094 502 2151 554; x_wconf 91' lang='lat' dir='ltr'><strong>et</strong></span> <span class='ocrx_word' id='word_1_130' title='bbox 2199 498 2435 554; x_wconf 76' lang='lat' dir='ltr'><strong>subdit:</strong></span> <span class='ocrx_word' id='word_1_131' title='bbox 2486 501 2773 570; x_wconf 79' lang='lat' dir='ltr'><strong>Continget</strong></span> <span class='ocrx_word' id='word_1_132' title='bbox 2822 506 3006 556; x_wconf 87' lang='lat' dir='ltr'><strong>autem</strong></span> <span class='ocrx_word' id='word_1_133' title='bbox 3058 498 3210 555; x_wconf 90' lang='lat' dir='ltr'><strong>vobis</strong></span> <span class='ocrx_word' id='word_1_134' title='bbox 3268 500 3331 555; x_wconf 85' lang='lat' dir='ltr'><strong>in</strong></span> <span class='ocrx_word' id='word_1_135' title='bbox 3385 501 3624 556; x_wconf 85' lang='lat' dir='ltr'><strong>testimo-</strong></span> 
     </span>
    </p>
   </div>
   <div class='ocr_carea' id='block_1_20' title="bbox 1974 587 3634 645">
    <p class='ocr_par' dir='ltr' id='par_1_20' title="bbox 1974 587 3634 645">
     <span class='ocr_line' id='line_1_20' title="bbox 1974 587 3634 645; baseline 0 -2"><span class='ocrx_word' id='word_1_136' title='bbox 1974 590 2153 644; x_wconf 84' lang='lat' dir='ltr'><strong>nium.</strong></span> <span class='ocrx_word' id='word_1_137' title='bbox 2206 589 2269 644; x_wconf 93' lang='lat' dir='ltr'><strong>In</strong></span> <span class='ocrx_word' id='word_1_138' title='bbox 2322 588 2727 645; x_wconf 88' lang='lat' dir='ltr'><strong>testimonium</strong></span> <span class='ocrx_word' id='word_1_139' title='bbox 2774 587 3041 645; x_wconf 84' lang='lat' dir='ltr'><strong>videlicet</strong></span> <span class='ocrx_word' id='word_1_140' title='bbox 3080 604 3303 644; x_wconf 70' lang='lat' dir='ltr'><strong>coronae</strong></span> <span class='ocrx_word' id='word_1_141' title='bbox 3345 591 3548 644; x_wconf 66' lang='lat' dir='ltr'><strong>vestrae</strong></span> <span class='ocrx_word' id='word_1_142' title='bbox 3575 591 3634 645; x_wconf 89' lang='lat' dir='ltr'><strong>et</strong></span> 
     </span>
    </p>
   </div>
   <div class='ocr_carea' id='block_1_21' title="bbox 1977 675 3631 749">
    <p class='ocr_par' dir='ltr' id='par_1_21' title="bbox 1977 675 3631 749">
     <span class='ocr_line' id='line_1_21' title="bbox 1977 675 3631 749; baseline 0 -17"><span class='ocrx_word' id='word_1_143' title='bbox 1977 677 2039 733; x_wconf 93' lang='lat' dir='ltr'><strong>in</strong></span> <span class='ocrx_word' id='word_1_144' title='bbox 2069 676 2472 733; x_wconf 89' lang='lat' dir='ltr'><strong>testimonium</strong></span> <span class='ocrx_word' id='word_1_145' title='bbox 2504 676 2899 734; x_wconf 88' lang='lat' dir='ltr'><strong>damnationis</strong></span> <span class='ocrx_word' id='word_1_146' title='bbox 2929 694 3049 733; x_wconf 68' lang='lat' dir='ltr'><strong>sua:</strong></span> <span class='ocrx_word' id='word_1_147' title='bbox 3074 695 3087 744; x_wconf 89' lang='lat'><strong>;</strong></span> <span class='ocrx_word' id='word_1_148' title='bbox 3122 676 3246 749; x_wconf 91' lang='lat' dir='ltr'><strong>qui,</strong></span> <span class='ocrx_word' id='word_1_149' title='bbox 3277 675 3444 734; x_wconf 92' lang='lat' dir='ltr'><strong>vobis</strong></span> <span class='ocrx_word' id='word_1_150' title='bbox 3473 675 3631 733; x_wconf 82' lang='lat' dir='ltr'><strong>salu-</strong></span> 
     </span>
    </p>
   </div>
   <div class='ocr_carea' id='block_1_22' title="bbox 1974 764 3631 839">
    <p class='ocr_par' dir='ltr' id='par_1_22' title="bbox 1974 764 3631 839">
     <span class='ocr_line' id='line_1_22' title="bbox 1974 764 3631 839; baseline -0.001 -17"><span class='ocrx_word' id='word_1_151' title='bbox 1974 768 2094 822; x_wconf 90' lang='lat' dir='ltr'><strong>tem</strong></span> <span class='ocrx_word' id='word_1_152' title='bbox 2124 782 2295 822; x_wconf 89' lang='lat' dir='ltr'><strong>suam</strong></span> <span class='ocrx_word' id='word_1_153' title='bbox 2346 766 2767 838; x_wconf 61' lang='lat' dir='ltr'><strong>quaerentibus,</strong></span> <span class='ocrx_word' id='word_1_154' title='bbox 2818 766 2975 839; x_wconf 90' lang='lat' dir='ltr'><strong>quod</strong></span> <span class='ocrx_word' id='word_1_155' title='bbox 3005 769 3096 822; x_wconf 91' lang='lat' dir='ltr'><strong>est</strong></span> <span class='ocrx_word' id='word_1_156' title='bbox 3123 764 3287 822; x_wconf 80' lang='lat' dir='ltr'><strong>vobis</strong></span> <span class='ocrx_word' id='word_1_157' title='bbox 3327 781 3507 822; x_wconf 88' lang='lat' dir='ltr'><strong>causa</strong></span> <span class='ocrx_word' id='word_1_158' title='bbox 3534 781 3631 822; x_wconf 89' lang='lat' dir='ltr'><strong>co-</strong></span> 
     </span>
    </p>
   </div>
   <div class='ocr_carea' id='block_1_23' title="bbox 1975 854 3627 927">
    <p class='ocr_par' dir='ltr' id='par_1_23' title="bbox 1975 854 3627 927">
     <span class='ocr_line' id='line_1_23' title="bbox 1975 854 3627 927; baseline 0 -16"><span class='ocrx_word' id='word_1_159' title='bbox 1975 871 2151 923; x_wconf 61' lang='lat' dir='ltr'><strong>ronae,</strong></span> <span class='ocrx_word' id='word_1_160' title='bbox 2202 872 2319 911; x_wconf 90' lang='lat' dir='ltr'><strong>non</strong></span> <span class='ocrx_word' id='word_1_161' title='bbox 2377 856 2771 922; x_wconf 90' lang='lat' dir='ltr'><strong>crediderunt,</strong></span> <span class='ocrx_word' id='word_1_162' title='bbox 2831 855 2951 911; x_wconf 91' lang='lat' dir='ltr'><strong>imo</strong></span> <span class='ocrx_word' id='word_1_163' title='bbox 3007 858 3065 911; x_wconf 92' lang='lat' dir='ltr'><strong>et</strong></span> <span class='ocrx_word' id='word_1_164' title='bbox 3120 854 3410 927; x_wconf 88' lang='lat' dir='ltr'><strong>persecuti</strong></span> <span class='ocrx_word' id='word_1_165' title='bbox 3468 858 3627 911; x_wconf 89' lang='lat' dir='ltr'><strong>sunt.</strong></span> 
     </span>
    </p>
   </div>
   <div class='ocr_carea' id='block_1_24' title="bbox 1976 941 3625 1017">
    <p class='ocr_par' dir='ltr' id='par_1_24' title="bbox 1976 941 3625 1017">
     <span class='ocr_line' id='line_1_24' title="bbox 1976 941 3625 1017; baseline 0 -16"><span class='ocrx_word' id='word_1_166' title='bbox 1976 944 2040 1001; x_wconf 90' lang='lat' dir='ltr'><strong>In</strong></span> <span class='ocrx_word' id='word_1_167' title='bbox 2070 944 2473 1000; x_wconf 87' lang='lat' dir='ltr'><strong>testimonium</strong></span> <span class='ocrx_word' id='word_1_168' title='bbox 2523 961 2626 1017; x_wconf 89' lang='lat' dir='ltr'><strong>pro</strong></span> <span class='ocrx_word' id='word_1_169' title='bbox 2663 944 2849 1013; x_wconf 91' lang='lat' dir='ltr'><strong>vobis,</strong></span> <span class='ocrx_word' id='word_1_170' title='bbox 2882 947 2940 1000; x_wconf 92' lang='lat' dir='ltr'><strong>et</strong></span> <span class='ocrx_word' id='word_1_171' title='bbox 2966 943 3026 999; x_wconf 92' lang='lat' dir='ltr'><strong>in</strong></span> <span class='ocrx_word' id='word_1_172' title='bbox 3056 941 3458 1000; x_wconf 88' lang='lat' dir='ltr'><strong>testimonium</strong></span> <span class='ocrx_word' id='word_1_173' title='bbox 3488 960 3625 1001; x_wconf 91' lang='lat' dir='ltr'><strong>con-</strong></span> 
     </span>
    </p>
   </div>
   <div class='ocr_carea' id='block_1_25' title="bbox 1972 1031 3625 1101">
    <p class='ocr_par' dir='ltr' id='par_1_25' title="bbox 1972 1031 3625 1101">
     <span class='ocr_line' id='line_1_25' title="bbox 1972 1031 3625 1101; baseline 0.001 -13"><span class='ocrx_word' id='word_1_174' title='bbox 1972 1036 2065 1089; x_wconf 88' lang='lat' dir='ltr'><strong>tra</strong></span> <span class='ocrx_word' id='word_1_175' title='bbox 2092 1032 2244 1089; x_wconf 89' lang='lat' dir='ltr'><strong>illos.</strong></span> <span class='ocrx_word' id='word_1_176' title='bbox 2295 1032 2459 1089; x_wconf 92' lang='lat' dir='ltr'><strong>Unde</strong></span> <span class='ocrx_word' id='word_1_177' title='bbox 2506 1032 2664 1088; x_wconf 91' lang='lat' dir='ltr'><strong>enim</strong></span> <span class='ocrx_word' id='word_1_178' title='bbox 2705 1049 2807 1089; x_wconf 90' lang='lat' dir='ltr'><strong>vos</strong></span> <span class='ocrx_word' id='word_1_179' title='bbox 2855 1048 3152 1101; x_wconf 84' lang='lat' dir='ltr'><strong>coronam,</strong></span> <span class='ocrx_word' id='word_1_180' title='bbox 3186 1031 3271 1087; x_wconf 95' lang='lat' dir='ltr'><strong>illi</strong></span> <span class='ocrx_word' id='word_1_181' title='bbox 3310 1031 3446 1088; x_wconf 90' lang='lat' dir='ltr'><strong>inde</strong></span> <span class='ocrx_word' id='word_1_182' title='bbox 3472 1032 3625 1090; x_wconf 89' lang='lat' dir='ltr'><strong>reci-</strong></span> 
     </span>
    </p>
   </div>
   <div class='ocr_carea' id='block_1_26' title="bbox 1972 1120 3621 1196">
    <p class='ocr_par' dir='ltr' id='par_1_26' title="bbox 1972 1120 3621 1196">
     <span class='ocr_line' id='line_1_26' title="bbox 1972 1120 3621 1196; baseline 0.001 -17"><span class='ocrx_word' id='word_1_183' title='bbox 1972 1121 2134 1196; x_wconf 88' lang='lat' dir='ltr'><strong>pient</strong></span> <span class='ocrx_word' id='word_1_184' title='bbox 2148 1121 2603 1178; x_wconf 88' lang='lat' dir='ltr'><strong>damnationem.</strong></span> <span class='ocrx_word' id='word_1_185' title='bbox 2620 1122 2781 1178; x_wconf 90' lang='lat' dir='ltr'><strong>Unde</strong></span> <span class='ocrx_word' id='word_1_186' title='bbox 2799 1121 3128 1179; x_wconf 88' lang='lat' dir='ltr'><strong>Psalmista:</strong></span> <span class='ocrx_word' id='word_1_187' title='bbox 3149 1144 3177 1171; x_wconf 92' lang='grc'><strong>‹‹</strong></span> <span class='ocrx_word' id='word_1_188' title='bbox 3192 1121 3367 1191; x_wconf 88' lang='lat' dir='ltr'><strong>Deus,</strong></span> <span class='ocrx_word' id='word_1_189' title='bbox 3386 1120 3621 1180; x_wconf 89' lang='lat' dir='ltr'><strong>laudem</strong></span> 
     </span>
    </p>
   </div>
   <div class='ocr_carea' id='block_1_27' title="bbox 1972 1210 3622 1284">
    <p class='ocr_par' dir='ltr' id='par_1_27' title="bbox 1972 1210 3622 1284">
     <span class='ocr_line' id='line_1_27' title="bbox 1972 1210 3622 1284; baseline -0.001 -16"><span class='ocrx_word' id='word_1_190' title='bbox 1972 1228 2165 1268; x_wconf 90' lang='lat' dir='ltr'><strong>meam</strong></span> <span class='ocrx_word' id='word_1_191' title='bbox 2212 1227 2285 1267; x_wconf 89' lang='lat' dir='ltr'><strong>ne</strong></span> <span class='ocrx_word' id='word_1_192' title='bbox 2313 1210 2586 1279; x_wconf 88' lang='lat' dir='ltr'><strong>tacueris,</strong></span> <span class='ocrx_word' id='word_1_193' title='bbox 2620 1211 2760 1283; x_wconf 87' lang='lat' dir='ltr'><strong>quia</strong></span> <span class='ocrx_word' id='word_1_194' title='bbox 2787 1228 2852 1268; x_wconf 92' lang='lat' dir='ltr'><strong>os</strong></span> <span class='ocrx_word' id='word_1_195' title='bbox 2892 1210 3233 1284; x_wconf 87' lang='lat' dir='ltr'><strong>peccatoris,</strong></span> <span class='ocrx_word' id='word_1_196' title='bbox 3265 1214 3323 1267; x_wconf 88' lang='lat' dir='ltr'><strong>et</strong></span> <span class='ocrx_word' id='word_1_197' title='bbox 3361 1227 3428 1268; x_wconf 91' lang='lat' dir='ltr'><strong>os</strong></span> <span class='ocrx_word' id='word_1_198' title='bbox 3456 1210 3622 1267; x_wconf 90' lang='lat' dir='ltr'><strong>dolo-</strong></span> 
     </span>
    </p>
   </div>
   <div class='ocr_carea' id='block_1_28' title="bbox 1970 1300 3622 1374">
    <p class='ocr_par' dir='ltr' id='par_1_28' title="bbox 1970 1300 3622 1374">
     <span class='ocr_line' id='line_1_28' title="bbox 1970 1300 3622 1374; baseline 0 -17"><span class='ocrx_word' id='word_1_199' title='bbox 1970 1300 2022 1358; x_wconf 90' lang='lat' dir='ltr'><strong>si</strong></span> <span class='ocrx_word' id='word_1_200' title='bbox 2053 1317 2231 1374; x_wconf 89' lang='lat' dir='ltr'><strong>super</strong></span> <span class='ocrx_word' id='word_1_201' title='bbox 2276 1317 2371 1357; x_wconf 90' lang='lat' dir='ltr'><strong>me</strong></span> <span class='ocrx_word' id='word_1_202' title='bbox 2400 1304 2669 1373; x_wconf 87' lang='lat' dir='ltr'><strong>apertum</strong></span> <span class='ocrx_word' id='word_1_203' title='bbox 2719 1305 2828 1357; x_wconf 91' lang='lat' dir='ltr'><strong>est.</strong></span> <span class='ocrx_word' id='word_1_204' title='bbox 2879 1300 3082 1358; x_wconf 90' lang='lat' dir='ltr'><strong>Locuti</strong></span> <span class='ocrx_word' id='word_1_205' title='bbox 3128 1303 3270 1356; x_wconf 90' lang='lat' dir='ltr'><strong>sunt</strong></span> <span class='ocrx_word' id='word_1_206' title='bbox 3311 1300 3622 1358; x_wconf 89' lang='lat' dir='ltr'><strong>adversum</strong></span> 
     </span>
    </p>
   </div>
   <div class='ocr_carea' id='block_1_29' title="bbox 1970 1388 3624 1463">
    <p class='ocr_par' dir='ltr' id='par_1_29' title="bbox 1970 1388 3624 1463">
     <span class='ocr_line' id='line_1_29' title="bbox 1970 1388 3624 1463; baseline 0.001 -18"><span class='ocrx_word' id='word_1_207' title='bbox 1970 1406 2066 1446; x_wconf 89' lang='lat' dir='ltr'><strong>me</strong></span> <span class='ocrx_word' id='word_1_208' title='bbox 2094 1389 2298 1463; x_wconf 87' lang='lat' dir='ltr'><strong>lingua</strong></span> <span class='ocrx_word' id='word_1_209' title='bbox 2325 1388 2547 1457; x_wconf 91' lang='lat' dir='ltr'><strong>dolosa,</strong></span> <span class='ocrx_word' id='word_1_210' title='bbox 2578 1393 2635 1444; x_wconf 93' lang='lat' dir='ltr'><strong>et</strong></span> <span class='ocrx_word' id='word_1_211' title='bbox 2663 1389 3035 1446; x_wconf 80' lang='lat' dir='ltr'><strong>sermonibus</strong></span> <span class='ocrx_word' id='word_1_212' title='bbox 3073 1388 3191 1445; x_wconf 90' lang='lat' dir='ltr'><strong>odii</strong></span> <span class='ocrx_word' id='word_1_213' title='bbox 3222 1388 3624 1447; x_wconf 86' lang='lat' dir='ltr'><strong>circumdede-</strong></span> 
     </span>
    </p>
   </div>
   <div class='ocr_carea' id='block_1_30' title="bbox 1969 1478 3625 1554">
    <p class='ocr_par' dir='ltr' id='par_1_30' title="bbox 1969 1478 3625 1554">
     <span class='ocr_line' id='line_1_30' title="bbox 1969 1478 3625 1554; baseline 0.001 -20"><span class='ocrx_word' id='word_1_214' title='bbox 1969 1483 2110 1535; x_wconf 89' lang='lat' dir='ltr'><strong>runt</strong></span> <span class='ocrx_word' id='word_1_215' title='bbox 2152 1495 2265 1550; x_wconf 91' lang='lat' dir='ltr'><strong>me,</strong></span> <span class='ocrx_word' id='word_1_216' title='bbox 2297 1482 2355 1534; x_wconf 90' lang='lat' dir='ltr'><strong>et</strong></span> <span class='ocrx_word' id='word_1_217' title='bbox 2400 1483 2879 1552; x_wconf 81' lang='lat' dir='ltr'><strong>expugnaverunt</strong></span> <span class='ocrx_word' id='word_1_218' title='bbox 2923 1495 3018 1536; x_wconf 92' lang='lat' dir='ltr'><strong>me</strong></span> <span class='ocrx_word' id='word_1_219' title='bbox 3067 1478 3271 1554; x_wconf 88' lang='lat' dir='ltr'><strong>gratis.</strong></span> <span class='ocrx_word' id='word_1_220' title='bbox 3323 1479 3431 1536; x_wconf 88' lang='lat' dir='ltr'><strong>Pro</strong></span> <span class='ocrx_word' id='word_1_221' title='bbox 3460 1495 3526 1536; x_wconf 88' lang='lat' dir='ltr'><strong>eo</strong></span> <span class='ocrx_word' id='word_1_222' title='bbox 3560 1482 3625 1535; x_wconf 91' lang='lat' dir='ltr'><strong>ut</strong></span> 
     </span>
    </p>
   </div>
   <div class='ocr_carea' id='block_1_31' title="bbox 1970 1567 3619 1642">
    <p class='ocr_par' dir='ltr' id='par_1_31' title="bbox 1970 1567 3619 1642">
     <span class='ocr_line' id='line_1_31' title="bbox 1970 1567 3619 1642; baseline 0.001 -19"><span class='ocrx_word' id='word_1_223' title='bbox 1970 1584 2065 1624; x_wconf 90' lang='lat' dir='ltr'><strong>me</strong></span> <span class='ocrx_word' id='word_1_224' title='bbox 2080 1567 2406 1641; x_wconf 88' lang='lat' dir='ltr'><strong>diligerent,</strong></span> <span class='ocrx_word' id='word_1_225' title='bbox 2430 1567 2814 1624; x_wconf 88' lang='lat' dir='ltr'><strong>detrahebant</strong></span> <span class='ocrx_word' id='word_1_226' title='bbox 2833 1567 2999 1636; x_wconf 89' lang='lat' dir='ltr'><strong>mihi,</strong></span> <span class='ocrx_word' id='word_1_227' title='bbox 3015 1583 3121 1642; x_wconf 90' lang='lat' dir='ltr'><strong>ego</strong></span> <span class='ocrx_word' id='word_1_228' title='bbox 3137 1571 3336 1624; x_wconf 89' lang='lat' dir='ltr'><strong>autem</strong></span> <span class='ocrx_word' id='word_1_229' title='bbox 3357 1568 3619 1638; x_wconf 85' lang='lat' dir='ltr'><strong>orabam;</strong></span> 
     </span>
    </p>
   </div>
   <div class='ocr_carea' id='block_1_32' title="bbox 1969 1656 3621 1731">
    <p class='ocr_par' dir='ltr' id='par_1_32' title="bbox 1969 1656 3621 1731">
     <span class='ocr_line' id='line_1_32' title="bbox 1969 1656 3621 1731; baseline 0.001 -18"><span class='ocrx_word' id='word_1_230' title='bbox 1969 1661 2027 1713; x_wconf 90' lang='lat' dir='ltr'><strong>ct</strong></span> <span class='ocrx_word' id='word_1_231' title='bbox 2046 1660 2370 1731; x_wconf 89' lang='lat' dir='ltr'><strong>posuerunt</strong></span> <span class='ocrx_word' id='word_1_232' title='bbox 2389 1657 2698 1713; x_wconf 77' lang='lat' dir='ltr'><strong>adversum</strong></span> <span class='ocrx_word' id='word_1_233' title='bbox 2718 1674 2811 1714; x_wconf 88' lang='lat' dir='ltr'><strong>me</strong></span> <span class='ocrx_word' id='word_1_234' title='bbox 2831 1656 2989 1714; x_wconf 88' lang='lat' dir='ltr'><strong>mala</strong></span> <span class='ocrx_word' id='word_1_235' title='bbox 3003 1673 3107 1731; x_wconf 91' lang='lat' dir='ltr'><strong>pro</strong></span> <span class='ocrx_word' id='word_1_236' title='bbox 3127 1656 3319 1723; x_wconf 90' lang='lat' dir='ltr'><strong>bonis,</strong></span> <span class='ocrx_word' id='word_1_237' title='bbox 3342 1660 3400 1714; x_wconf 92' lang='lat' dir='ltr'><strong>et</strong></span> <span class='ocrx_word' id='word_1_238' title='bbox 3417 1657 3621 1714; x_wconf 91' lang='lat' dir='ltr'><strong>odium</strong></span> 
     </span>
    </p>
   </div>
   <div class='ocr_carea' id='block_1_33' title="bbox 205 1743 3622 1856">
    <p class='ocr_par' dir='ltr' id='par_1_33' title="bbox 205 1743 3622 1856">
     <span class='ocr_line' id='line_1_33' title="bbox 205 1743 3622 1856; baseline -0.001 -50"><span class='ocrx_word' id='word_1_239' title='bbox 205 1765 344 1806; x_wconf 90' lang='lat' dir='ltr'><strong>nem</strong></span> <span class='ocrx_word' id='word_1_240' title='bbox 376 1747 813 1822; x_wconf 82' lang='lat' dir='ltr'><strong>perturbantur.</strong></span> <span class='ocrx_word' id='word_1_241' title='bbox 838 1745 906 1799; x_wconf 87' lang='lat' dir='ltr'><strong>Et</strong></span> <span class='ocrx_word' id='word_1_242' title='bbox 934 1744 1035 1818; x_wconf 90' lang='lat' dir='ltr'><strong>qui</strong></span> <span class='ocrx_word' id='word_1_243' title='bbox 1065 1744 1125 1800; x_wconf 90' lang='lat' dir='ltr'><strong>in</strong></span> <span class='ocrx_word' id='word_1_244' title='bbox 1151 1744 1379 1801; x_wconf 91' lang='lat' dir='ltr'><strong>cunctis</strong></span> <span class='ocrx_word' id='word_1_245' title='bbox 1401 1743 1769 1844; x_wconf 80' lang='lat' dir='ltr'><strong>delinquunt,</strong></span> <span class='ocrx_word' id='word_1_246' title='bbox 1798 1744 1858 1799; x_wconf 92' lang='lat' dir='ltr'><strong>in</strong></span> <span class='ocrx_word' id='word_1_247' title='bbox 1889 1791 1937 1856; x_wconf 78' lang='grc' dir='ltr'><strong>Β</strong></span> <span class='ocrx_word' id='word_1_248' title='bbox 1967 1763 2072 1819; x_wconf 90' lang='lat' dir='ltr'><strong>pro</strong></span> <span class='ocrx_word' id='word_1_249' title='bbox 2103 1746 2413 1802; x_wconf 90' lang='lat' dir='ltr'><strong>dilectione</strong></span> <span class='ocrx_word' id='word_1_250' title='bbox 2436 1762 2567 1802; x_wconf 90' lang='lat' dir='ltr'><strong>mea</strong></span> <span class='ocrx_word' id='word_1_251' title='bbox 2594 1747 2765 1815; x_wconf 85' lang='lat' dir='ltr'><strong>(Psal.</strong></span> <span class='ocrx_word' id='word_1_252' title='bbox 2799 1747 3035 1819; x_wconf 72' lang='lat' dir='ltr'><strong>ovum)»</strong></span> <span class='ocrx_word' id='word_1_253' title='bbox 3050 1746 3161 1803; x_wconf 90' lang='lat' dir='ltr'><strong>Sed</strong></span> <span class='ocrx_word' id='word_1_254' title='bbox 3192 1746 3327 1819; x_wconf 87' lang='lat' dir='ltr'><strong>quis</strong></span> <span class='ocrx_word' id='word_1_255' title='bbox 3348 1745 3485 1803; x_wconf 91' lang='lat' dir='ltr'><strong>inde</strong></span> <span class='ocrx_word' id='word_1_256' title='bbox 3504 1746 3622 1803; x_wconf 77' lang='lat' dir='ltr'><strong>hu-</strong></span> 
     </span>
    </p>
   </div>
   <div class='ocr_carea' id='block_1_34' title="bbox 205 1832 1856 1909">
    <p class='ocr_par' dir='ltr' id='par_1_34' title="bbox 205 1832 1856 1909">
     <span class='ocr_line' id='line_1_34' title="bbox 205 1832 1856 1909; baseline -0.004 -14"><span class='ocrx_word' id='word_1_257' title='bbox 205 1837 438 1895; x_wconf 88' lang='lat' dir='ltr'><strong>cunctis</strong></span> <span class='ocrx_word' id='word_1_258' title='bbox 468 1835 814 1909; x_wconf 90' lang='lat' dir='ltr'><strong>puniuntur,</strong></span> <span class='ocrx_word' id='word_1_259' title='bbox 838 1833 1235 1907; x_wconf 88' lang='lat' dir='ltr'><strong>utimpleatur</strong></span> <span class='ocrx_word' id='word_1_260' title='bbox 1250 1834 1402 1906; x_wconf 91' lang='lat' dir='ltr'><strong>quod</strong></span> <span class='ocrx_word' id='word_1_261' title='bbox 1427 1832 1713 1906; x_wconf 90' lang='lat' dir='ltr'><strong>scriptum</strong></span> <span class='ocrx_word' id='word_1_262' title='bbox 1738 1837 1856 1890; x_wconf 90' lang='lat' dir='ltr'><strong>est:</strong></span> 
     </span>
    </p>
   </div>
   <div class='ocr_carea' id='block_1_35' title="bbox 209 1921 1861 2000">
    <p class='ocr_par' dir='ltr' id='par_1_35' title="bbox 209 1921 1861 2000">
     <span class='ocr_line' id='line_1_35' title="bbox 209 1921 1861 2000; baseline -0.001 -20"><span class='ocrx_word' id='word_1_263' title='bbox 209 1950 238 1980; x_wconf 74' lang='grc' dir='ltr'><strong>ι(</strong></span> <span class='ocrx_word' id='word_1_264' title='bbox 272 1925 563 2000; x_wconf 88' lang='lat' dir='ltr'><strong>Pugnabit</strong></span> <span class='ocrx_word' id='word_1_265' title='bbox 592 1940 696 1997; x_wconf 90' lang='lat' dir='ltr'><strong>pro</strong></span> <span class='ocrx_word' id='word_1_266' title='bbox 726 1940 793 1979; x_wconf 91' lang='lat' dir='ltr'><strong>eo</strong></span> <span class='ocrx_word' id='word_1_267' title='bbox 837 1922 996 1979; x_wconf 88' lang='lat' dir='ltr'><strong>orbis</strong></span> <span class='ocrx_word' id='word_1_268' title='bbox 1038 1928 1325 1978; x_wconf 87' lang='lat' dir='ltr'><strong>terrarum</strong></span> <span class='ocrx_word' id='word_1_269' title='bbox 1358 1922 1508 1995; x_wconf 88' lang='lat' dir='ltr'><strong>(Sap.</strong></span> <span class='ocrx_word' id='word_1_270' title='bbox 1542 1926 1623 1991; x_wconf 87' lang='lat' dir='ltr'><strong>v.)</strong></span> <span class='ocrx_word' id='word_1_271' title='bbox 1656 1944 1683 1971; x_wconf 82' lang='lat'><strong>»</strong></span> <span class='ocrx_word' id='word_1_272' title='bbox 1714 1921 1861 1988; x_wconf 87' lang='lat' dir='ltr'><strong>Quia</strong></span> 
     </span>
    </p>
   </div>
   <div class='ocr_carea' id='block_1_36' title="bbox 204 2011 1857 2084">
    <p class='ocr_par' dir='ltr' id='par_1_36' title="bbox 204 2011 1857 2084">
     <span class='ocr_line' id='line_1_36' title="bbox 204 2011 1857 2084; baseline -0.004 -11"><span class='ocrx_word' id='word_1_273' title='bbox 204 2016 363 2074; x_wconf 90' lang='lat' dir='ltr'><strong>enim</strong></span> <span class='ocrx_word' id='word_1_274' title='bbox 412 2013 713 2079; x_wconf 87' lang='lat' dir='ltr'><strong>omnibus,</strong></span> <span class='ocrx_word' id='word_1_275' title='bbox 764 2028 892 2084; x_wconf 72' lang='lat' dir='ltr'><strong>quae</strong></span> <span class='ocrx_word' id='word_1_276' title='bbox 923 2012 996 2066; x_wconf 88' lang='lat' dir='ltr'><strong>ad</strong></span> <span class='ocrx_word' id='word_1_277' title='bbox 1044 2028 1217 2067; x_wconf 90' lang='lat' dir='ltr'><strong>usum</strong></span> <span class='ocrx_word' id='word_1_278' title='bbox 1250 2011 1377 2067; x_wconf 72' lang='lat' dir='ltr'><strong>vitae</strong></span> <span class='ocrx_word' id='word_1_279' title='bbox 1424 2027 1857 2084; x_wconf 88' lang='lat' dir='ltr'><strong>acceperamus,</strong></span> 
     </span>
    </p>
   </div>
   <div class='ocr_carea' id='block_1_37' title="bbox 204 2099 1860 2171">
    <p class='ocr_par' dir='ltr' id='par_1_37' title="bbox 204 2099 1860 2171">
     <span class='ocr_line' id='line_1_37' title="bbox 204 2099 1860 2171; baseline -0.004 -8"><span class='ocrx_word' id='word_1_280' title='bbox 204 2105 524 2171; x_wconf 85' lang='lat' dir='ltr'><strong>abutimur,</strong></span> <span class='ocrx_word' id='word_1_281' title='bbox 557 2103 687 2159; x_wconf 90' lang='lat' dir='ltr'><strong>ideo</strong></span> <span class='ocrx_word' id='word_1_282' title='bbox 708 2104 921 2158; x_wconf 87' lang='lat' dir='ltr'><strong>cuncta</strong></span> <span class='ocrx_word' id='word_1_283' title='bbox 940 2100 1193 2156; x_wconf 89' lang='lat' dir='ltr'><strong>nobisin</strong></span> <span class='ocrx_word' id='word_1_284' title='bbox 1215 2099 1497 2156; x_wconf 87' lang='lat' dir='ltr'><strong>ultionem</strong></span> <span class='ocrx_word' id='word_1_285' title='bbox 1519 2104 1860 2157; x_wconf 87' lang='lat' dir='ltr'><strong>convertun-</strong></span> 
     </span>
    </p>
   </div>
   <div class='ocr_carea' id='block_1_38' title="bbox 206 2187 1854 2264">
    <p class='ocr_par' dir='ltr' id='par_1_38' title="bbox 206 2187 1854 2264">
     <span class='ocr_line' id='line_1_38' title="bbox 206 2187 1854 2264; baseline -0.004 -12"><span class='ocrx_word' id='word_1_286' title='bbox 206 2201 324 2253; x_wconf 87' lang='lat' dir='ltr'><strong>tur.</strong></span> <span class='ocrx_word' id='word_1_287' title='bbox 376 2194 602 2249; x_wconf 91' lang='lat' dir='ltr'><strong>Bonum</strong></span> <span class='ocrx_word' id='word_1_288' title='bbox 654 2190 819 2264; x_wconf 90' lang='lat' dir='ltr'><strong>pacis</strong></span> <span class='ocrx_word' id='word_1_289' title='bbox 859 2189 1140 2245; x_wconf 85' lang='lat' dir='ltr'><strong>vertimus</strong></span> <span class='ocrx_word' id='word_1_290' title='bbox 1187 2187 1247 2244; x_wconf 92' lang='lat' dir='ltr'><strong>in</strong></span> <span class='ocrx_word' id='word_1_291' title='bbox 1292 2206 1469 2245; x_wconf 90' lang='lat' dir='ltr'><strong>usum</strong></span> <span class='ocrx_word' id='word_1_292' title='bbox 1504 2188 1854 2246; x_wconf 89' lang='lat' dir='ltr'><strong>securitatis.</strong></span> 
     </span>
    </p>
   </div>
   <div class='ocr_carea' id='block_1_39' title="bbox 206 2277 1860 2357">
    <p class='ocr_par' dir='ltr' id='par_1_39' title="bbox 206 2277 1860 2357">
     <span class='ocr_line' id='line_1_39' title="bbox 206 2277 1860 2357; baseline -0.004 -15"><span class='ocrx_word' id='word_1_293' title='bbox 206 2281 736 2357; x_wconf 88' lang='lat' dir='ltr'><strong>Peregrinationem</strong></span> <span class='ocrx_word' id='word_1_294' title='bbox 758 2283 925 2335; x_wconf 77' lang='lat' dir='ltr'><strong>terrae</strong></span> <span class='ocrx_word' id='word_1_295' title='bbox 944 2295 1047 2352; x_wconf 89' lang='lat' dir='ltr'><strong>pro</strong></span> <span class='ocrx_word' id='word_1_296' title='bbox 1068 2278 1427 2335; x_wconf 86' lang='lat' dir='ltr'><strong>habitatione</strong></span> <span class='ocrx_word' id='word_1_297' title='bbox 1444 2277 1745 2351; x_wconf 88' lang='lat' dir='ltr'><strong>diligimus</strong></span> <span class='ocrx_word' id='word_1_298' title='bbox 1762 2296 1860 2352; x_wconf 92' lang='lat' dir='ltr'><strong>pa-</strong></span> 
     </span>
    </p>
   </div>
   <div class='ocr_carea' id='block_1_40' title="bbox 204 2367 1859 2441">
    <p class='ocr_par' dir='ltr' id='par_1_40' title="bbox 204 2367 1859 2441">
     <span class='ocr_line' id='line_1_40' title="bbox 204 2367 1859 2441; baseline -0.004 -11"><span class='ocrx_word' id='word_1_299' title='bbox 204 2373 350 2430; x_wconf 66' lang='lat' dir='ltr'><strong>triae.</strong></span> <span class='ocrx_word' id='word_1_300' title='bbox 382 2371 641 2428; x_wconf 87' lang='lat' dir='ltr'><strong>Salutem</strong></span> <span class='ocrx_word' id='word_1_301' title='bbox 672 2385 983 2441; x_wconf 89' lang='lat' dir='ltr'><strong>corporum</strong></span> <span class='ocrx_word' id='word_1_302' title='bbox 1013 2367 1073 2424; x_wconf 88' lang='lat' dir='ltr'><strong>in</strong></span> <span class='ocrx_word' id='word_1_303' title='bbox 1104 2369 1357 2424; x_wconf 89' lang='lat' dir='ltr'><strong>abusum</strong></span> <span class='ocrx_word' id='word_1_304' title='bbox 1385 2367 1670 2424; x_wconf 89' lang='lat' dir='ltr'><strong>vertimus</strong></span> <span class='ocrx_word' id='word_1_305' title='bbox 1697 2368 1859 2424; x_wconf 89' lang='lat' dir='ltr'><strong>vitio-</strong></span> 
     </span>
    </p>
   </div>
   <div class='ocr_carea' id='block_1_41' title="bbox 207 2456 1858 2525">
    <p class='ocr_par' dir='ltr' id='par_1_41' title="bbox 207 2456 1858 2525">
     <span class='ocr_line' id='line_1_41' title="bbox 207 2456 1858 2525; baseline -0.005 -6"><span class='ocrx_word' id='word_1_306' title='bbox 207 2481 362 2520; x_wconf 88' lang='lat' dir='ltr'><strong>rum.</strong></span> <span class='ocrx_word' id='word_1_307' title='bbox 380 2457 756 2517; x_wconf 85' lang='lat' dir='ltr'><strong>Abundantia</strong></span> <span class='ocrx_word' id='word_1_308' title='bbox 775 2456 1080 2525; x_wconf 87' lang='lat' dir='ltr'><strong>ubertatis,</strong></span> <span class='ocrx_word' id='word_1_309' title='bbox 1100 2474 1215 2513; x_wconf 91' lang='lat' dir='ltr'><strong>non</strong></span> <span class='ocrx_word' id='word_1_310' title='bbox 1232 2457 1303 2512; x_wconf 89' lang='lat' dir='ltr'><strong>ad</strong></span> <span class='ocrx_word' id='word_1_311' title='bbox 1323 2456 1729 2512; x_wconf 81' lang='lat' dir='ltr'><strong>necessitatem</strong></span> <span class='ocrx_word' id='word_1_312' title='bbox 1750 2456 1858 2511; x_wconf 91' lang='lat' dir='ltr'><strong>uti-</strong></span> 
     </span>
    </p>
   </div>
   <div class='ocr_carea' id='block_1_42' title="bbox 207 2545 1859 2621">
    <p class='ocr_par' dir='ltr' id='par_1_42' title="bbox 207 2545 1859 2621">
     <span class='ocr_line' id='line_1_42' title="bbox 207 2545 1859 2621; baseline -0.005 -12"><span class='ocrx_word' id='word_1_313' title='bbox 207 2570 362 2621; x_wconf 91' lang='lat' dir='ltr'><strong>mur,</strong></span> <span class='ocrx_word' id='word_1_314' title='bbox 390 2549 492 2606; x_wconf 90' lang='lat' dir='ltr'><strong>sed</strong></span> <span class='ocrx_word' id='word_1_315' title='bbox 520 2548 594 2604; x_wconf 89' lang='lat' dir='ltr'><strong>ad</strong></span> <span class='ocrx_word' id='word_1_316' title='bbox 615 2545 994 2619; x_wconf 86' lang='lat' dir='ltr'><strong>voluptatem.</strong></span> <span class='ocrx_word' id='word_1_317' title='bbox 1016 2545 1181 2602; x_wconf 89' lang='lat' dir='ltr'><strong>Aeris</strong></span> <span class='ocrx_word' id='word_1_318' title='bbox 1201 2545 1573 2602; x_wconf 85' lang='lat' dir='ltr'><strong>serenitatem</strong></span> <span class='ocrx_word' id='word_1_319' title='bbox 1596 2546 1667 2601; x_wconf 91' lang='lat' dir='ltr'><strong>ad</strong></span> <span class='ocrx_word' id='word_1_320' title='bbox 1692 2563 1859 2601; x_wconf 88' lang='lat' dir='ltr'><strong>mun-</strong></span> 
     </span>
    </p>
   </div>
   <div class='ocr_carea' id='block_1_43' title="bbox 1960 1834 3622 1907">
    <p class='ocr_par' dir='ltr' id='par_1_43' title="bbox 1960 1834 3622 1907">
     <span class='ocr_line' id='line_1_43' title="bbox 1960 1834 3622 1907; baseline 0 -15"><span class='ocrx_word' id='word_1_321' title='bbox 1960 1835 2225 1907; x_wconf 88' lang='lat' dir='ltr'><strong>jusmodi</strong></span> <span class='ocrx_word' id='word_1_322' title='bbox 2254 1834 2477 1891; x_wconf 89' lang='lat' dir='ltr'><strong>homini</strong></span> <span class='ocrx_word' id='word_1_323' title='bbox 2510 1839 2751 1892; x_wconf 88' lang='lat' dir='ltr'><strong>eventus</strong></span> <span class='ocrx_word' id='word_1_324' title='bbox 2780 1852 2792 1890; x_wconf 94' lang='lat'><strong>:</strong></span> <span class='ocrx_word' id='word_1_325' title='bbox 2841 1858 2870 1886; x_wconf 87' lang='lat'><strong>«</strong></span> <span class='ocrx_word' id='word_1_326' title='bbox 2902 1835 3047 1892; x_wconf 90' lang='lat' dir='ltr'><strong>Cum</strong></span> <span class='ocrx_word' id='word_1_327' title='bbox 3082 1835 3408 1907; x_wconf 88' lang='lat' dir='ltr'><strong>judicatur,</strong></span> <span class='ocrx_word' id='word_1_328' title='bbox 3458 1839 3622 1893; x_wconf 84' lang='lat' dir='ltr'><strong>exeat</strong></span> 
     </span>
    </p>
   </div>
   <div class='ocr_carea' id='block_1_44' title="bbox 1969 1924 3621 1996">
    <p class='ocr_par' dir='ltr' id='par_1_44' title="bbox 1969 1924 3621 1996">
     <span class='ocr_line' id='line_1_44' title="bbox 1969 1924 3621 1996; baseline 0.001 -17"><span class='ocrx_word' id='word_1_329' title='bbox 1969 1924 2396 1980; x_wconf 89' lang='lat' dir='ltr'><strong>condemnatus</strong></span> <span class='ocrx_word' id='word_1_330' title='bbox 2427 1924 2616 1994; x_wconf 87' lang='lat' dir='ltr'><strong>(lbid.)</strong></span> <span class='ocrx_word' id='word_1_331' title='bbox 2645 1946 2675 1976; x_wconf 87' lang='lat'><strong>»</strong></span> <span class='ocrx_word' id='word_1_332' title='bbox 2719 1924 2886 1981; x_wconf 91' lang='lat' dir='ltr'><strong>Porto</strong></span> <span class='ocrx_word' id='word_1_333' title='bbox 2918 1927 3120 1980; x_wconf 89' lang='lat' dir='ltr'><strong>contra</strong></span> <span class='ocrx_word' id='word_1_334' title='bbox 3141 1924 3448 1996; x_wconf 57' lang='lat' dir='ltr'><strong>praedictas</strong></span> <span class='ocrx_word' id='word_1_335' title='bbox 3495 1929 3621 1981; x_wconf 88' lang='lat' dir='ltr'><strong>tra-</strong></span> 
     </span>
    </p>
   </div>
   <div class='ocr_carea' id='block_1_45' title="bbox 1968 2010 3615 2086">
    <p class='ocr_par' dir='ltr' id='par_1_45' title="bbox 1968 2010 3615 2086">
     <span class='ocr_line' id='line_1_45' title="bbox 1968 2010 3615 2086; baseline 0.002 -20"><span class='ocrx_word' id='word_1_336' title='bbox 1968 2010 2218 2068; x_wconf 89' lang='lat' dir='ltr'><strong>ditiones</strong></span> <span class='ocrx_word' id='word_1_337' title='bbox 2237 2015 2293 2068; x_wconf 90' lang='lat' dir='ltr'><strong>et</strong></span> <span class='ocrx_word' id='word_1_338' title='bbox 2323 2010 2723 2068; x_wconf 86' lang='lat' dir='ltr'><strong>accusationes</strong></span> <span class='ocrx_word' id='word_1_339' title='bbox 2738 2011 3075 2069; x_wconf 86' lang='lat' dir='ltr'><strong>consolatur</strong></span> <span class='ocrx_word' id='word_1_340' title='bbox 3097 2012 3253 2069; x_wconf 90' lang='lat' dir='ltr'><strong>Deus</strong></span> <span class='ocrx_word' id='word_1_341' title='bbox 3272 2012 3615 2086; x_wconf 85' lang='lat' dir='ltr'><strong>discipulos,</strong></span> 
     </span>
    </p>
   </div>
   <div class='ocr_carea' id='block_1_46' title="bbox 1967 2100 3617 2175">
    <p class='ocr_par' dir='ltr' id='par_1_46' title="bbox 1967 2100 3617 2175">
     <span class='ocr_line' id='line_1_46' title="bbox 1967 2100 3617 2175; baseline 0.003 -19"><span class='ocrx_word' id='word_1_342' title='bbox 1967 2116 2102 2157; x_wconf 92' lang='lat' dir='ltr'><strong>cum</strong></span> <span class='ocrx_word' id='word_1_343' title='bbox 2133 2100 2335 2156; x_wconf 88' lang='lat' dir='ltr'><strong>subdit</strong></span> <span class='ocrx_word' id='word_1_344' title='bbox 2359 2117 2373 2155; x_wconf 94' lang='lat'><strong>:</strong></span> <span class='ocrx_word' id='word_1_345' title='bbox 2407 2101 2600 2157; x_wconf 87' lang='lat' dir='ltr'><strong>Ponite</strong></span> <span class='ocrx_word' id='word_1_346' title='bbox 2627 2117 2754 2171; x_wconf 90' lang='lat' dir='ltr'><strong>ergo</strong></span> <span class='ocrx_word' id='word_1_347' title='bbox 2786 2103 2847 2157; x_wconf 90' lang='lat' dir='ltr'><strong>in</strong></span> <span class='ocrx_word' id='word_1_348' title='bbox 2861 2101 3115 2158; x_wconf 81' lang='lat' dir='ltr'><strong>cordibus</strong></span> <span class='ocrx_word' id='word_1_349' title='bbox 3132 2104 3325 2159; x_wconf 83' lang='lat' dir='ltr'><strong>vestris</strong></span> <span class='ocrx_word' id='word_1_350' title='bbox 3341 2118 3454 2160; x_wconf 88' lang='lat' dir='ltr'><strong>non</strong></span> <span class='ocrx_word' id='word_1_351' title='bbox 3466 2117 3617 2175; x_wconf 71' lang='lat' dir='ltr'><strong>prae-</strong></span> 
     </span>
    </p>
   </div>
   <div class='ocr_carea' id='block_1_47' title="bbox 1964 2189 3619 2264">
    <p class='ocr_par' dir='ltr' id='par_1_47' title="bbox 1964 2189 3619 2264">
     <span class='ocr_line' id='line_1_47' title="bbox 1964 2189 3619 2264; baseline 0.004 -20"><span class='ocrx_word' id='word_1_352' title='bbox 1964 2190 2226 2245; x_wconf 89' lang='lat' dir='ltr'><strong>meditari</strong></span> <span class='ocrx_word' id='word_1_353' title='bbox 2253 2189 2705 2261; x_wconf 78' lang='lat' dir='ltr'><strong>quemadmodum</strong></span> <span class='ocrx_word' id='word_1_354' title='bbox 2746 2191 3135 2264; x_wconf 83' lang='lat' dir='ltr'><strong>respondeatis.</strong></span> <span class='ocrx_word' id='word_1_355' title='bbox 3165 2192 3277 2263; x_wconf 88' lang='lat' dir='ltr'><strong>Ego</strong></span> <span class='ocrx_word' id='word_1_356' title='bbox 3304 2193 3455 2248; x_wconf 87' lang='lat' dir='ltr'><strong>enim</strong></span> <span class='ocrx_word' id='word_1_357' title='bbox 3480 2191 3619 2250; x_wconf 86' lang='lat' dir='ltr'><strong>dabo</strong></span> 
     </span>
    </p>
   </div>
   <div class='ocr_carea' id='block_1_48' title="bbox 1966 2277 3620 2354">
    <p class='ocr_par' dir='ltr' id='par_1_48' title="bbox 1966 2277 3620 2354">
     <span class='ocr_line' id='line_1_48' title="bbox 1966 2277 3620 2354; baseline 0.003 -20"><span class='ocrx_word' id='word_1_358' title='bbox 1966 2281 2118 2334; x_wconf 85' lang='lat' dir='ltr'><strong>vobis</strong></span> <span class='ocrx_word' id='word_1_359' title='bbox 2146 2295 2224 2348; x_wconf 94' lang='lat' dir='ltr'><strong>os,</strong></span> <span class='ocrx_word' id='word_1_360' title='bbox 2257 2277 2316 2334; x_wconf 92' lang='lat' dir='ltr'><strong>id</strong></span> <span class='ocrx_word' id='word_1_361' title='bbox 2339 2283 2427 2335; x_wconf 90' lang='lat' dir='ltr'><strong>est</strong></span> <span class='ocrx_word' id='word_1_362' title='bbox 2447 2278 2865 2351; x_wconf 86' lang='lat' dir='ltr'><strong>eloquentiam.</strong></span> <span class='ocrx_word' id='word_1_363' title='bbox 2890 2281 2960 2337; x_wconf 89' lang='lat' dir='ltr'><strong>Et</strong></span> <span class='ocrx_word' id='word_1_364' title='bbox 2980 2280 3120 2354; x_wconf 91' lang='lat' dir='ltr'><strong>quia</strong></span> <span class='ocrx_word' id='word_1_365' title='bbox 3138 2280 3473 2354; x_wconf 77' lang='lat' dir='ltr'><strong>eloquentia</strong></span> <span class='ocrx_word' id='word_1_366' title='bbox 3490 2281 3620 2339; x_wconf 88' lang='lat' dir='ltr'><strong>sine</strong></span> 
     </span>
    </p>
   </div>
   <div class='ocr_carea' id='block_1_49' title="bbox 1967 2366 3623 2443">
    <p class='ocr_par' dir='ltr' id='par_1_49' title="bbox 1967 2366 3623 2443">
     <span class='ocr_line' id='line_1_49' title="bbox 1967 2366 3623 2443; baseline 0.004 -20"><span class='ocrx_word' id='word_1_367' title='bbox 1967 2366 2255 2441; x_wconf 87' lang='lat' dir='ltr'><strong>sapientia</strong></span> <span class='ocrx_word' id='word_1_368' title='bbox 2286 2385 2401 2424; x_wconf 90' lang='lat' dir='ltr'><strong>non</strong></span> <span class='ocrx_word' id='word_1_369' title='bbox 2450 2369 2706 2441; x_wconf 88' lang='lat' dir='ltr'><strong>prodest,</strong></span> <span class='ocrx_word' id='word_1_370' title='bbox 2756 2370 3047 2442; x_wconf 88' lang='lat' dir='ltr'><strong>adjungit,</strong></span> <span class='ocrx_word' id='word_1_371' title='bbox 3079 2378 3132 2427; x_wconf 92' lang='lat' dir='ltr'><strong>et</strong></span> <span class='ocrx_word' id='word_1_372' title='bbox 3169 2372 3499 2443; x_wconf 83' lang='lat' dir='ltr'><strong>sapientiam</strong></span> <span class='ocrx_word' id='word_1_373' title='bbox 3524 2373 3623 2429; x_wconf 85' lang='lat' dir='ltr'><strong>cui</strong></span> 
     </span>
    </p>
   </div>
   <div class='ocr_carea' id='block_1_50' title="bbox 1963 2459 3620 2530">
    <p class='ocr_par' dir='ltr' id='par_1_50' title="bbox 1963 2459 3620 2530">
     <span class='ocr_line' id='line_1_50' title="bbox 1963 2459 3620 2530; baseline 0.002 -16"><span class='ocrx_word' id='word_1_374' title='bbox 1963 2473 2079 2514; x_wconf 86' lang='lat' dir='ltr'><strong>non</strong></span> <span class='ocrx_word' id='word_1_375' title='bbox 2104 2464 2363 2530; x_wconf 79' lang='lat' dir='ltr'><strong>poterunt</strong></span> <span class='ocrx_word' id='word_1_376' title='bbox 2388 2459 2639 2514; x_wconf 85' lang='lat' dir='ltr'><strong>resistere</strong></span> <span class='ocrx_word' id='word_1_377' title='bbox 2671 2466 2723 2514; x_wconf 84' lang='lat' dir='ltr'><strong>et</strong></span> <span class='ocrx_word' id='word_1_378' title='bbox 2747 2460 3116 2515; x_wconf 75' lang='lat' dir='ltr'><strong>contradicere</strong></span> <span class='ocrx_word' id='word_1_379' title='bbox 3151 2476 3337 2516; x_wconf 90' lang='lat' dir='ltr'><strong>omnes</strong></span> <span class='ocrx_word' id='word_1_380' title='bbox 3363 2461 3620 2518; x_wconf 87' lang='lat' dir='ltr'><strong>adversa-</strong></span> 
     </span>
    </p>
   </div>
   <div class='ocr_carea' id='block_1_51' title="bbox 1964 2546 3619 2621">
    <p class='ocr_par' dir='ltr' id='par_1_51' title="bbox 1964 2546 3619 2621">
     <span class='ocr_line' id='line_1_51' title="bbox 1964 2546 3619 2621; baseline 0.002 -19"><span class='ocrx_word' id='word_1_381' title='bbox 1964 2548 2045 2602; x_wconf 89' lang='lat' dir='ltr'><strong>rii</strong></span> <span class='ocrx_word' id='word_1_382' title='bbox 2064 2548 2251 2602; x_wconf 89' lang='lat' dir='ltr'><strong>vestri.</strong></span> <span class='ocrx_word' id='word_1_383' title='bbox 2286 2550 2368 2602; x_wconf 82' lang='lat' dir='ltr'><strong>Ac</strong></span> <span class='ocrx_word' id='word_1_384' title='bbox 2398 2546 2447 2602; x_wconf 87' lang='lat' dir='ltr'><strong>si</strong></span> <span class='ocrx_word' id='word_1_385' title='bbox 2465 2547 2648 2603; x_wconf 88' lang='lat' dir='ltr'><strong>dicat:</strong></span> <span class='ocrx_word' id='word_1_386' title='bbox 2674 2546 2861 2603; x_wconf 88' lang='lat' dir='ltr'><strong>Nolite</strong></span> <span class='ocrx_word' id='word_1_387' title='bbox 2882 2548 3273 2621; x_wconf 67' lang='lat' dir='ltr'><strong>praemeditari</strong></span> <span class='ocrx_word' id='word_1_388' title='bbox 3292 2553 3496 2606; x_wconf 88' lang='lat' dir='ltr'><strong>contra</strong></span> <span class='ocrx_word' id='word_1_389' title='bbox 3515 2548 3619 2605; x_wconf 89' lang='lat' dir='ltr'><strong>hu-</strong></span> 
     </span>
    </p>
   </div>
   <div class='ocr_carea' id='block_1_52' title="bbox 206 2633 3620 2714">
    <p class='ocr_par' dir='ltr' id='par_1_52' title="bbox 206 2633 3620 2714">
     <span class='ocr_line' id='line_1_52' title="bbox 206 2633 3620 2714; baseline -0.001 -15"><span class='ocrx_word' id='word_1_390' title='bbox 206 2643 346 2700; x_wconf 90' lang='lat' dir='ltr'><strong>dani</strong></span> <span class='ocrx_word' id='word_1_391' title='bbox 375 2637 574 2714; x_wconf 91' lang='lat' dir='ltr'><strong>gaudii</strong></span> <span class='ocrx_word' id='word_1_392' title='bbox 605 2640 1014 2708; x_wconf 90' lang='lat' dir='ltr'><strong>retorquemus</strong></span> <span class='ocrx_word' id='word_1_393' title='bbox 1044 2633 1379 2690; x_wconf 89' lang='lat' dir='ltr'><strong>vanitatem.</strong></span> <span class='ocrx_word' id='word_1_394' title='bbox 1411 2635 1652 2691; x_wconf 85' lang='lat' dir='ltr'><strong>Justum</strong></span> <span class='ocrx_word' id='word_1_395' title='bbox 1683 2638 1774 2690; x_wconf 91' lang='lat' dir='ltr'><strong>est</strong></span> <span class='ocrx_word' id='word_1_396' title='bbox 1793 2639 1860 2690; x_wconf 90' lang='lat' dir='ltr'><strong>ut</strong></span> <span class='ocrx_word' id='word_1_397' title='bbox 1956 2635 2247 2707; x_wconf 57' lang='lat' dir='ltr'><strong>jucmodi,</strong></span> <span class='ocrx_word' id='word_1_398' title='bbox 2281 2634 2559 2708; x_wconf 89' lang='lat' dir='ltr'><strong>quoniam</strong></span> <span class='ocrx_word' id='word_1_399' title='bbox 2590 2639 2648 2692; x_wconf 92' lang='lat' dir='ltr'><strong>et</strong></span> <span class='ocrx_word' id='word_1_400' title='bbox 2676 2634 2725 2691; x_wconf 88' lang='lat' dir='ltr'><strong>si</strong></span> <span class='ocrx_word' id='word_1_401' title='bbox 2755 2653 2857 2692; x_wconf 91' lang='lat' dir='ltr'><strong>vos</strong></span> <span class='ocrx_word' id='word_1_402' title='bbox 2881 2637 3057 2693; x_wconf 89' lang='lat' dir='ltr'><strong>verba</strong></span> <span class='ocrx_word' id='word_1_403' title='bbox 3072 2637 3367 2711; x_wconf 79' lang='lat' dir='ltr'><strong>profertis,</strong></span> <span class='ocrx_word' id='word_1_404' title='bbox 3388 2655 3493 2712; x_wconf 90' lang='lat' dir='ltr'><strong>ego</strong></span> <span class='ocrx_word' id='word_1_405' title='bbox 3515 2655 3620 2712; x_wconf 91' lang='lat' dir='ltr'><strong>per</strong></span> 
     </span>
    </p>
   </div>
   <div class='ocr_carea' id='block_1_53' title="bbox 205 2723 1859 2799">
    <p class='ocr_par' dir='ltr' id='par_1_53' title="bbox 205 2723 1859 2799">
     <span class='ocr_line' id='line_1_53' title="bbox 205 2723 1859 2799; baseline -0.006 -10"><span class='ocrx_word' id='word_1_406' title='bbox 205 2729 435 2790; x_wconf 91' lang='lat' dir='ltr'><strong>cunctis</strong></span> <span class='ocrx_word' id='word_1_407' title='bbox 464 2727 763 2793; x_wconf 88' lang='lat' dir='ltr'><strong>feriamur,</strong></span> <span class='ocrx_word' id='word_1_408' title='bbox 794 2724 898 2799; x_wconf 90' lang='lat' dir='ltr'><strong>qui</strong></span> <span class='ocrx_word' id='word_1_409' title='bbox 927 2723 1154 2781; x_wconf 90' lang='lat' dir='ltr'><strong>cunctis</strong></span> <span class='ocrx_word' id='word_1_410' title='bbox 1184 2724 1593 2791; x_wconf 87' lang='lat' dir='ltr'><strong>abutebamur,</strong></span> <span class='ocrx_word' id='word_1_411' title='bbox 1628 2728 1683 2780; x_wconf 91' lang='lat' dir='ltr'><strong>et</strong></span> <span class='ocrx_word' id='word_1_412' title='bbox 1713 2727 1859 2796; x_wconf 89' lang='lat' dir='ltr'><strong>quot</strong></span> 
     </span>
    </p>
   </div>
   <div class='ocr_carea' id='block_1_54' title="bbox 204 2811 1857 2886">
    <p class='ocr_par' dir='ltr' id='par_1_54' title="bbox 204 2811 1857 2886">
     <span class='ocr_line' id='line_1_54' title="bbox 204 2811 1857 2886; baseline -0.006 -9"><span class='ocrx_word' id='word_1_413' title='bbox 204 2837 275 2877; x_wconf 84' lang='lat' dir='ltr'><strong>ex</strong></span> <span class='ocrx_word' id='word_1_414' title='bbox 301 2817 420 2875; x_wconf 90' lang='lat' dir='ltr'><strong>illis</strong></span> <span class='ocrx_word' id='word_1_415' title='bbox 447 2815 768 2874; x_wconf 88' lang='lat' dir='ltr'><strong>habuimus</strong></span> <span class='ocrx_word' id='word_1_416' title='bbox 796 2829 975 2886; x_wconf 90' lang='lat' dir='ltr'><strong>prava</strong></span> <span class='ocrx_word' id='word_1_417' title='bbox 1023 2812 1468 2879; x_wconf 88' lang='lat' dir='ltr'><strong>oblectamenta,</strong></span> <span class='ocrx_word' id='word_1_418' title='bbox 1511 2815 1598 2867; x_wconf 88' lang='lat' dir='ltr'><strong>tot</strong></span> <span class='ocrx_word' id='word_1_419' title='bbox 1619 2829 1690 2869; x_wconf 82' lang='lat' dir='ltr'><strong>ex</strong></span> <span class='ocrx_word' id='word_1_420' title='bbox 1739 2811 1857 2868; x_wconf 91' lang='lat' dir='ltr'><strong>illis</strong></span> 
     </span>
    </p>
   </div>
   <div class='ocr_carea' id='block_1_55' title="bbox 204 2900 1855 2974">
    <p class='ocr_par' dir='ltr' id='par_1_55' title="bbox 204 2900 1855 2974">
     <span class='ocr_line' id='line_1_55' title="bbox 204 2900 1855 2974; baseline -0.006 -8"><span class='ocrx_word' id='word_1_421' title='bbox 204 2907 530 2966; x_wconf 88' lang='lat' dir='ltr'><strong>sentiamus</strong></span> <span class='ocrx_word' id='word_1_422' title='bbox 561 2907 871 2961; x_wconf 89' lang='lat' dir='ltr'><strong>tormenta.</strong></span> <span class='ocrx_word' id='word_1_423' title='bbox 900 2904 1089 2968; x_wconf 89' lang='lat' dir='ltr'><strong>Quare</strong></span> <span class='ocrx_word' id='word_1_424' title='bbox 1118 2904 1313 2958; x_wconf 89' lang='lat' dir='ltr'><strong>autem</strong></span> <span class='ocrx_word' id='word_1_425' title='bbox 1339 2900 1607 2972; x_wconf 86' lang='lat' dir='ltr'><strong>adjunxit</strong></span> <span class='ocrx_word' id='word_1_426' title='bbox 1634 2904 1855 2974; x_wconf 91' lang='lat' dir='ltr'><strong>tempe-</strong></span> 
     </span>
    </p>
   </div>
   <div class='ocr_carea' id='block_1_56' title="bbox 205 2988 1856 3067">
    <p class='ocr_par' dir='ltr' id='par_1_56' title="bbox 205 2988 1856 3067">
     <span class='ocr_line' id='line_1_56' title="bbox 205 2988 1856 3067; baseline -0.006 -12"><span class='ocrx_word' id='word_1_427' title='bbox 205 3002 387 3055; x_wconf 87' lang='lat' dir='ltr'><strong>states</strong></span> <span class='ocrx_word' id='word_1_428' title='bbox 432 2998 586 3052; x_wconf 86' lang='lat' dir='ltr'><strong>inter</strong></span> <span class='ocrx_word' id='word_1_429' title='bbox 632 2993 821 3067; x_wconf 86' lang='lat' dir='ltr'><strong>signa,</strong></span> <span class='ocrx_word' id='word_1_430' title='bbox 855 2991 971 3048; x_wconf 91' lang='lat' dir='ltr'><strong>nisi</strong></span> <span class='ocrx_word' id='word_1_431' title='bbox 999 2990 1139 3064; x_wconf 91' lang='lat' dir='ltr'><strong>quia</strong></span> <span class='ocrx_word' id='word_1_432' title='bbox 1184 2993 1560 3063; x_wconf 89' lang='lat' dir='ltr'><strong>tempestates</strong></span> <span class='ocrx_word' id='word_1_433' title='bbox 1591 2988 1856 3046; x_wconf 92' lang='lat' dir='ltr'><strong>ordinem</strong></span> 
     </span>
    </p>
   </div>
   <div class='ocr_carea' id='block_1_57' title="bbox 206 3078 1856 3160">
    <p class='ocr_par' dir='ltr' id='par_1_57' title="bbox 206 3078 1856 3160">
     <span class='ocr_line' id='line_1_57' title="bbox 206 3078 1856 3160; baseline -0.007 -15"><span class='ocrx_word' id='word_1_434' title='bbox 206 3093 540 3160; x_wconf 88' lang='lat' dir='ltr'><strong>temporum</strong></span> <span class='ocrx_word' id='word_1_435' title='bbox 563 3100 679 3140; x_wconf 88' lang='lat' dir='ltr'><strong>non</strong></span> <span class='ocrx_word' id='word_1_436' title='bbox 700 3084 934 3140; x_wconf 87' lang='lat' dir='ltr'><strong>servant</strong></span> <span class='ocrx_word' id='word_1_437' title='bbox 954 3083 1297 3136; x_wconf 87' lang='lat' dir='ltr'><strong>consuetum</strong></span> <span class='ocrx_word' id='word_1_438' title='bbox 1311 3079 1339 3134; x_wconf 83' lang='lat'><strong>‘?</strong></span> <span class='ocrx_word' id='word_1_439' title='bbox 1362 3078 1525 3145; x_wconf 88' lang='lat' dir='ltr'><strong>Quod</strong></span> <span class='ocrx_word' id='word_1_440' title='bbox 1555 3095 1743 3152; x_wconf 92' lang='lat' dir='ltr'><strong>nuper</strong></span> <span class='ocrx_word' id='word_1_441' title='bbox 1760 3095 1856 3135; x_wconf 81' lang='lat' dir='ltr'><strong>ex-</strong></span> 
     </span>
    </p>
   </div>
   <div class='ocr_carea' id='block_1_58' title="bbox 1964 2723 3616 2803">
    <p class='ocr_par' dir='ltr' id='par_1_58' title="bbox 1964 2723 3616 2803">
     <span class='ocr_line' id='line_1_58' title="bbox 1964 2723 3616 2803; baseline 0.003 -22"><span class='ocrx_word' id='word_1_442' title='bbox 1964 2740 2068 2781; x_wconf 91' lang='lat' dir='ltr'><strong>vos</strong></span> <span class='ocrx_word' id='word_1_443' title='bbox 2119 2723 2360 2797; x_wconf 89' lang='lat' dir='ltr'><strong>loquor;</strong></span> <span class='ocrx_word' id='word_1_444' title='bbox 2393 2728 2449 2780; x_wconf 88' lang='lat' dir='ltr'><strong>et</strong></span> <span class='ocrx_word' id='word_1_445' title='bbox 2478 2723 2529 2780; x_wconf 91' lang='lat' dir='ltr'><strong>si</strong></span> <span class='ocrx_word' id='word_1_446' title='bbox 2575 2741 2677 2781; x_wconf 92' lang='lat' dir='ltr'><strong>vos</strong></span> <span class='ocrx_word' id='word_1_447' title='bbox 2707 2724 2779 2781; x_wconf 91' lang='lat' dir='ltr'><strong>ad</strong></span> <span class='ocrx_word' id='word_1_448' title='bbox 2832 2729 3127 2782; x_wconf 88' lang='lat' dir='ltr'><strong>certamen</strong></span> <span class='ocrx_word' id='word_1_449' title='bbox 3174 2727 3474 2797; x_wconf 90' lang='lat' dir='ltr'><strong>acceditis,</strong></span> <span class='ocrx_word' id='word_1_450' title='bbox 3510 2743 3616 2803; x_wconf 88' lang='lat' dir='ltr'><strong>ego</strong></span> 
     </span>
    </p>
   </div>
   <div class='ocr_carea' id='block_1_59' title="bbox 1965 2829 2443 2887">
    <p class='ocr_par' dir='ltr' id='par_1_59' title="bbox 1965 2829 2443 2887">
     <span class='ocr_line' id='line_1_59' title="bbox 1965 2829 2443 2887; baseline -0.004 -17"><span class='ocrx_word' id='word_1_451' title='bbox 1965 2829 2069 2887; x_wconf 90' lang='lat' dir='ltr'><strong>per</strong></span> <span class='ocrx_word' id='word_1_452' title='bbox 2096 2830 2199 2870; x_wconf 91' lang='lat' dir='ltr'><strong>vos</strong></span> <span class='ocrx_word' id='word_1_453' title='bbox 2227 2829 2443 2887; x_wconf 84' lang='lat' dir='ltr'><strong>pugno.</strong></span> 
     </span>
    </p>
   </div>
   <div class='ocr_carea' id='block_1_60' title="bbox 2036 2901 3617 2979">
    <p class='ocr_par' dir='ltr' id='par_1_60' title="bbox 2036 2901 3617 2979">
     <span class='ocr_line' id='line_1_60' title="bbox 2036 2901 3617 2979; baseline 0.003 -20"><span class='ocrx_word' id='word_1_454' title='bbox 2036 2901 2313 2975; x_wconf 78' lang='lat' dir='ltr'><strong>Sequitur</strong></span> <span class='ocrx_word' id='word_1_455' title='bbox 2358 2918 2495 2974; x_wconf 90' lang='lat' dir='ltr'><strong>pars</strong></span> <span class='ocrx_word' id='word_1_456' title='bbox 2540 2901 2732 2971; x_wconf 91' lang='lat' dir='ltr'><strong>tertia,</strong></span> <span class='ocrx_word' id='word_1_457' title='bbox 2780 2902 2841 2959; x_wconf 91' lang='lat' dir='ltr'><strong>in</strong></span> <span class='ocrx_word' id='word_1_458' title='bbox 2873 2920 2991 2976; x_wconf 91' lang='lat' dir='ltr'><strong>qua</strong></span> <span class='ocrx_word' id='word_1_459' title='bbox 3019 2903 3306 2962; x_wconf 90' lang='lat' dir='ltr'><strong>Dominus</strong></span> <span class='ocrx_word' id='word_1_460' title='bbox 3353 2906 3617 2979; x_wconf 79' lang='lat' dir='ltr'><strong>praedixit</strong></span> 
     </span>
    </p>
   </div>
   <div class='ocr_carea' id='block_1_61' title="bbox 1966 2990 3616 3066">
    <p class='ocr_par' dir='ltr' id='par_1_61' title="bbox 1966 2990 3616 3066">
     <span class='ocr_line' id='line_1_61' title="bbox 1966 2990 3616 3066; baseline 0.003 -18"><span class='ocrx_word' id='word_1_461' title='bbox 1966 2991 2272 3065; x_wconf 90' lang='lat' dir='ltr'><strong>discipulis</strong></span> <span class='ocrx_word' id='word_1_462' title='bbox 2323 2990 2449 3048; x_wconf 88' lang='lat' dir='ltr'><strong>suis</strong></span> <span class='ocrx_word' id='word_1_463' title='bbox 2493 2990 2668 3048; x_wconf 87' lang='lat' dir='ltr'><strong>etiam</strong></span> <span class='ocrx_word' id='word_1_464' title='bbox 2694 2991 2767 3048; x_wconf 89' lang='lat' dir='ltr'><strong>ab</strong></span> <span class='ocrx_word' id='word_1_465' title='bbox 2797 2991 3003 3049; x_wconf 89' lang='lat' dir='ltr'><strong>amicis</strong></span> <span class='ocrx_word' id='word_1_466' title='bbox 3056 2992 3448 3066; x_wconf 90' lang='lat' dir='ltr'><strong>perimendos,</strong></span> <span class='ocrx_word' id='word_1_467' title='bbox 3480 3011 3616 3053; x_wconf 90' lang='lat' dir='ltr'><strong>cum</strong></span> 
     </span>
    </p>
   </div>
   <div class='ocr_carea' id='block_1_62' title="bbox 1968 3080 3617 3157">
    <p class='ocr_par' dir='ltr' id='par_1_62' title="bbox 1968 3080 3617 3157">
     <span class='ocr_line' id='line_1_62' title="bbox 1968 3080 3617 3157; baseline 0.002 -19"><span class='ocrx_word' id='word_1_468' title='bbox 1968 3080 2195 3138; x_wconf 89' lang='lat' dir='ltr'><strong>subdit:</strong></span> <span class='ocrx_word' id='word_1_469' title='bbox 2222 3080 2471 3137; x_wconf 83' lang='lat' dir='ltr'><strong>Tradem</strong></span> <span class='ocrx_word' id='word_1_470' title='bbox 2480 3082 2574 3137; x_wconf 86' lang='lat' dir='ltr'><strong>ini</strong></span> <span class='ocrx_word' id='word_1_471' title='bbox 2586 3089 2783 3137; x_wconf 87' lang='lat' dir='ltr'><strong>autem</strong></span> <span class='ocrx_word' id='word_1_472' title='bbox 2798 3098 2834 3138; x_wconf 93' lang='lat' dir='ltr'><strong>a</strong></span> <span class='ocrx_word' id='word_1_473' title='bbox 2850 3081 3162 3155; x_wconf 78' lang='lat' dir='ltr'><strong>fratribus,</strong></span> <span class='ocrx_word' id='word_1_474' title='bbox 3175 3089 3232 3139; x_wconf 88' lang='lat' dir='ltr'><strong>et</strong></span> <span class='ocrx_word' id='word_1_475' title='bbox 3246 3085 3617 3157; x_wconf 82' lang='lat' dir='ltr'><strong>parentibus,</strong></span> 
     </span>
    </p>
   </div>
   <div class='ocr_carea' id='block_1_63' title="bbox 206 3151 3618 3253">
    <p class='ocr_par' dir='ltr' id='par_1_63' title="bbox 206 3151 3618 3253">
     <span class='ocr_line' id='line_1_63' title="bbox 206 3151 3618 3253; baseline -0.001 -20"><span class='ocrx_word' id='word_1_476' title='bbox 206 3151 358 3253; x_wconf 78' lang='lat' dir='ltr'><strong>parti</strong></span> <span class='ocrx_word' id='word_1_477' title='bbox 406 3190 636 3240; x_wconf 88' lang='lat' dir='ltr'><strong>sumus,</strong></span> <span class='ocrx_word' id='word_1_478' title='bbox 669 3171 767 3245; x_wconf 89' lang='lat' dir='ltr'><strong>qui</strong></span> <span class='ocrx_word' id='word_1_479' title='bbox 797 3174 985 3227; x_wconf 90' lang='lat' dir='ltr'><strong>totum</strong></span> <span class='ocrx_word' id='word_1_480' title='bbox 1027 3174 1261 3242; x_wconf 89' lang='lat' dir='ltr'><strong>tempus</strong></span> <span class='ocrx_word' id='word_1_481' title='bbox 1307 3167 1571 3224; x_wconf 63' lang='lat' dir='ltr'><strong>aestivum</strong></span> <span class='ocrx_word' id='word_1_482' title='bbox 1603 3167 1859 3224; x_wconf 89' lang='lat' dir='ltr'><strong>vidimus</strong></span> <span class='ocrx_word' id='word_1_483' title='bbox 1888 3151 1932 3219; x_wconf 66' lang='grc' dir='ltr'><strong>(ἶ</strong></span> <span class='ocrx_word' id='word_1_484' title='bbox 1970 3175 2026 3226; x_wconf 89' lang='lat' dir='ltr'><strong>et</strong></span> <span class='ocrx_word' id='word_1_485' title='bbox 2054 3170 2335 3241; x_wconf 85' lang='lat' dir='ltr'><strong>cognatis,</strong></span> <span class='ocrx_word' id='word_1_486' title='bbox 2365 3175 2421 3226; x_wconf 87' lang='lat' dir='ltr'><strong>et</strong></span> <span class='ocrx_word' id='word_1_487' title='bbox 2450 3174 2635 3227; x_wconf 84' lang='lat' dir='ltr'><strong>morte</strong></span> <span class='ocrx_word' id='word_1_488' title='bbox 2655 3151 2926 3244; x_wconf 80' lang='lat' dir='ltr'><strong>afﬁcient</strong></span> <span class='ocrx_word' id='word_1_489' title='bbox 2946 3188 3022 3227; x_wconf 67' lang='lat' dir='ltr'><strong>ex</strong></span> <span class='ocrx_word' id='word_1_490' title='bbox 3038 3151 3210 3229; x_wconf 83' lang='lat' dir='ltr'><strong>vobis.</strong></span> <span class='ocrx_word' id='word_1_491' title='bbox 3233 3151 3618 3231; x_wconf 63' lang='lat' dir='ltr'><strong>Tolerabilius</strong></span> 
     </span>
    </p>
   </div>
   <div class='ocr_carea' id='block_1_64' title="bbox 208 3255 1861 3329">
    <p class='ocr_par' dir='ltr' id='par_1_64' title="bbox 208 3255 1861 3329">
     <span class='ocr_line' id='line_1_64' title="bbox 208 3255 1861 3329; baseline -0.007 -5"><span class='ocrx_word' id='word_1_492' title='bbox 208 3280 575 3323; x_wconf 84' lang='lat' dir='ltr'><strong>conversum.</strong></span> <span class='ocrx_word' id='word_1_493' title='bbox 594 3262 769 3317; x_wconf 90' lang='lat' dir='ltr'><strong>Porro</strong></span> <span class='ocrx_word' id='word_1_494' title='bbox 786 3262 987 3316; x_wconf 89' lang='lat' dir='ltr'><strong>contra</strong></span> <span class='ocrx_word' id='word_1_495' title='bbox 1002 3258 1123 3315; x_wconf 78' lang='lat' dir='ltr'><strong>haec</strong></span> <span class='ocrx_word' id='word_1_496' title='bbox 1145 3258 1344 3313; x_wconf 82' lang='lat' dir='ltr'><strong>futura</strong></span> <span class='ocrx_word' id='word_1_497' title='bbox 1365 3255 1520 3313; x_wconf 90' lang='lat' dir='ltr'><strong>mala</strong></span> <span class='ocrx_word' id='word_1_498' title='bbox 1539 3256 1861 3329; x_wconf 88' lang='lat' dir='ltr'><strong>discipulos</strong></span> 
     </span>
    </p>
   </div>
   <div class='ocr_carea' id='block_1_65' title="bbox 209 3347 1863 3417">
    <p class='ocr_par' dir='ltr' id='par_1_65' title="bbox 209 3347 1863 3417">
     <span class='ocr_line' id='line_1_65' title="bbox 209 3347 1863 3417; baseline -0.006 -6"><span class='ocrx_word' id='word_1_499' title='bbox 209 3370 352 3411; x_wconf 89' lang='lat' dir='ltr'><strong>suos</strong></span> <span class='ocrx_word' id='word_1_500' title='bbox 384 3349 741 3417; x_wconf 87' lang='lat' dir='ltr'><strong>consolatur,</strong></span> <span class='ocrx_word' id='word_1_501' title='bbox 764 3364 898 3404; x_wconf 90' lang='lat' dir='ltr'><strong>cum</strong></span> <span class='ocrx_word' id='word_1_502' title='bbox 921 3347 1084 3404; x_wconf 89' lang='lat' dir='ltr'><strong>addit</strong></span> <span class='ocrx_word' id='word_1_503' title='bbox 1107 3364 1120 3403; x_wconf 92' lang='lat'><strong>:</strong></span> <span class='ocrx_word' id='word_1_504' title='bbox 1143 3347 1321 3404; x_wconf 85' lang='lat' dir='ltr'><strong>Nolite</strong></span> <span class='ocrx_word' id='word_1_505' title='bbox 1339 3348 1553 3402; x_wconf 87' lang='lat' dir='ltr'><strong>terreri.</strong></span> <span class='ocrx_word' id='word_1_506' title='bbox 1578 3347 1647 3401; x_wconf 90' lang='lat' dir='ltr'><strong>Et</strong></span> <span class='ocrx_word' id='word_1_507' title='bbox 1666 3361 1863 3402; x_wconf 90' lang='lat' dir='ltr'><strong>conse-</strong></span> 
     </span>
    </p>
   </div>
   <div class='ocr_carea' id='block_1_66' title="bbox 209 3432 1860 3516">
    <p class='ocr_par' dir='ltr' id='par_1_66' title="bbox 209 3432 1860 3516">
     <span class='ocr_line' id='line_1_66' title="bbox 209 3432 1860 3516; baseline -0.007 -17"><span class='ocrx_word' id='word_1_508' title='bbox 209 3445 496 3516; x_wconf 90' lang='lat' dir='ltr'><strong>quenter:</strong></span> <span class='ocrx_word' id='word_1_509' title='bbox 531 3440 746 3512; x_wconf 86' lang='lat' dir='ltr'><strong>Oportet</strong></span> <span class='ocrx_word' id='word_1_510' title='bbox 774 3438 925 3494; x_wconf 86' lang='lat' dir='ltr'><strong>enim</strong></span> <span class='ocrx_word' id='word_1_511' title='bbox 937 3439 1180 3509; x_wconf 88' lang='lat' dir='ltr'><strong>primum</strong></span> <span class='ocrx_word' id='word_1_512' title='bbox 1203 3436 1322 3492; x_wconf 53' lang='lat' dir='ltr'><strong>hac</strong></span> <span class='ocrx_word' id='word_1_513' title='bbox 1347 3436 1492 3506; x_wconf 82' lang='lat' dir='ltr'><strong>ﬁeri,</strong></span> <span class='ocrx_word' id='word_1_514' title='bbox 1515 3437 1686 3490; x_wconf 90' lang='lat' dir='ltr'><strong>erunt</strong></span> <span class='ocrx_word' id='word_1_515' title='bbox 1704 3432 1860 3489; x_wconf 91' lang='lat' dir='ltr'><strong>enim</strong></span> 
     </span>
    </p>
   </div>
   <div class='ocr_carea' id='block_1_67' title="bbox 206 3523 1857 3607">
    <p class='ocr_par' dir='ltr' id='par_1_67' title="bbox 206 3523 1857 3607">
     <span class='ocr_line' id='line_1_67' title="bbox 206 3523 1857 3607; baseline -0.008 -16"><span class='ocrx_word' id='word_1_516' title='bbox 206 3534 381 3607; x_wconf 88' lang='lat' dir='ltr'><strong>signa</strong></span> <span class='ocrx_word' id='word_1_517' title='bbox 409 3531 524 3587; x_wconf 89' lang='lat' dir='ltr'><strong>ista</strong></span> <span class='ocrx_word' id='word_1_518' title='bbox 543 3529 727 3603; x_wconf 90' lang='lat' dir='ltr'><strong>justis</strong></span> <span class='ocrx_word' id='word_1_519' title='bbox 755 3526 829 3583; x_wconf 90' lang='lat' dir='ltr'><strong>ad</strong></span> <span class='ocrx_word' id='word_1_520' title='bbox 877 3525 1335 3583; x_wconf 89' lang='lat' dir='ltr'><strong>consolationem</strong></span> <span class='ocrx_word' id='word_1_521' title='bbox 1368 3528 1425 3581; x_wconf 92' lang='lat' dir='ltr'><strong>et</strong></span> <span class='ocrx_word' id='word_1_522' title='bbox 1452 3523 1857 3580; x_wconf 89' lang='lat' dir='ltr'><strong>eruditionem.</strong></span> 
     </span>
    </p>
   </div>
   <div class='ocr_carea' id='block_1_68' title="bbox 206 3613 1857 3695">
    <p class='ocr_par' dir='ltr' id='par_1_68' title="bbox 206 3613 1857 3695">
     <span class='ocr_line' id='line_1_68' title="bbox 206 3613 1857 3695; baseline -0.008 -15"><span class='ocrx_word' id='word_1_523' title='bbox 206 3623 371 3681; x_wconf 88' lang='lat' dir='ltr'><strong>Unde</strong></span> <span class='ocrx_word' id='word_1_524' title='bbox 414 3619 580 3695; x_wconf 89' lang='lat' dir='ltr'><strong>prius</strong></span> <span class='ocrx_word' id='word_1_525' title='bbox 628 3617 879 3674; x_wconf 86' lang='lat' dir='ltr'><strong>dicitur:</strong></span> <span class='ocrx_word' id='word_1_526' title='bbox 932 3617 1026 3672; x_wconf 87' lang='lat' dir='ltr'><strong>His</strong></span> <span class='ocrx_word' id='word_1_527' title='bbox 1055 3624 1237 3672; x_wconf 89' lang='lat' dir='ltr'><strong>autem</strong></span> <span class='ocrx_word' id='word_1_528' title='bbox 1280 3616 1405 3686; x_wconf 81' lang='lat' dir='ltr'><strong>ﬁeri</strong></span> <span class='ocrx_word' id='word_1_529' title='bbox 1448 3613 1857 3686; x_wconf 79' lang='lat' dir='ltr'><strong>incipientibus,</strong></span> 
     </span>
    </p>
   </div>
   <div class='ocr_carea' id='block_1_69' title="bbox 206 3702 1862 3782">
    <p class='ocr_par' dir='ltr' id='par_1_69' title="bbox 206 3702 1862 3782">
     <span class='ocr_line' id='line_1_69' title="bbox 206 3702 1862 3782; baseline -0.008 -12"><span class='ocrx_word' id='word_1_530' title='bbox 206 3712 379 3770; x_wconf 83' lang='lat' dir='ltr'><strong>levate</strong></span> <span class='ocrx_word' id='word_1_531' title='bbox 406 3711 588 3782; x_wconf 87' lang='lat' dir='ltr'><strong>capita</strong></span> <span class='ocrx_word' id='word_1_532' title='bbox 634 3714 846 3764; x_wconf 88' lang='lat' dir='ltr'><strong>vestra:</strong></span> <span class='ocrx_word' id='word_1_533' title='bbox 893 3705 1351 3779; x_wconf 86' lang='lat' dir='ltr'><strong>appropinquavit</strong></span> <span class='ocrx_word' id='word_1_534' title='bbox 1390 3705 1539 3760; x_wconf 87' lang='lat' dir='ltr'><strong>enim</strong></span> <span class='ocrx_word' id='word_1_535' title='bbox 1566 3702 1862 3774; x_wconf 83' lang='lat' dir='ltr'><strong>redemptio</strong></span> 
     </span>
    </p>
   </div>
   <div class='ocr_carea' id='block_1_70' title="bbox 202 3791 1859 3867">
    <p class='ocr_par' dir='ltr' id='par_1_70' title="bbox 202 3791 1859 3867">
     <span class='ocr_line' id='line_1_70' title="bbox 202 3791 1859 3867; baseline -0.007 -9"><span class='ocrx_word' id='word_1_536' title='bbox 202 3808 415 3858; x_wconf 83' lang='lat' dir='ltr'><strong>nostra.</strong></span> <span class='ocrx_word' id='word_1_537' title='bbox 449 3796 813 3867; x_wconf 86' lang='lat' dir='ltr'><strong>Quibusdam</strong></span> <span class='ocrx_word' id='word_1_538' title='bbox 842 3810 976 3851; x_wconf 89' lang='lat' dir='ltr'><strong>vero</strong></span> <span class='ocrx_word' id='word_1_539' title='bbox 1005 3791 1408 3867; x_wconf 89' lang='lat' dir='ltr'><strong>peccatoribus</strong></span> <span class='ocrx_word' id='word_1_540' title='bbox 1437 3795 1608 3849; x_wconf 90' lang='lat' dir='ltr'><strong>erunt</strong></span> <span class='ocrx_word' id='word_1_541' title='bbox 1637 3791 1709 3847; x_wconf 88' lang='lat' dir='ltr'><strong>ad</strong></span> <span class='ocrx_word' id='word_1_542' title='bbox 1740 3808 1859 3864; x_wconf 73' lang='lat' dir='ltr'><strong>poe-</strong></span> 
     </span>
    </p>
   </div>
   <div class='ocr_carea' id='block_1_71' title="bbox 206 3881 1861 3956">
    <p class='ocr_par' dir='ltr' id='par_1_71' title="bbox 206 3881 1861 3956">
     <span class='ocr_line' id='line_1_71' title="bbox 206 3881 1861 3956; baseline -0.007 -8"><span class='ocrx_word' id='word_1_543' title='bbox 206 3890 466 3949; x_wconf 68' lang='lat' dir='ltr'><strong>nitentia:</strong></span> <span class='ocrx_word' id='word_1_544' title='bbox 498 3886 956 3946; x_wconf 77' lang='lat' dir='ltr'><strong>festinationem.</strong></span> <span class='ocrx_word' id='word_1_545' title='bbox 1011 3883 1293 3956; x_wconf 84' lang='lat' dir='ltr'><strong>Reprobis</strong></span> <span class='ocrx_word' id='word_1_546' title='bbox 1331 3886 1502 3938; x_wconf 89' lang='lat' dir='ltr'><strong>erunt</strong></span> <span class='ocrx_word' id='word_1_547' title='bbox 1530 3881 1603 3937; x_wconf 90' lang='lat' dir='ltr'><strong>ad</strong></span> <span class='ocrx_word' id='word_1_548' title='bbox 1635 3884 1861 3937; x_wconf 65' lang='lat' dir='ltr'><strong>aeternae</strong></span> 
     </span>
    </p>
   </div>
   <div class='ocr_carea' id='block_1_72' title="bbox 205 3970 1863 4055">
    <p class='ocr_par' dir='ltr' id='par_1_72' title="bbox 205 3970 1863 4055">
     <span class='ocr_line' id='line_1_72' title="bbox 205 3970 1863 4055; baseline -0.007 -18"><span class='ocrx_word' id='word_1_549' title='bbox 205 3996 390 4055; x_wconf 66' lang='lat' dir='ltr'><strong>pcene</strong></span> <span class='ocrx_word' id='word_1_550' title='bbox 442 3974 894 4035; x_wconf 88' lang='lat' dir='ltr'><strong>inchoationem.</strong></span> <span class='ocrx_word' id='word_1_551' title='bbox 945 3972 1048 4030; x_wconf 90' lang='lat' dir='ltr'><strong>Sed</strong></span> <span class='ocrx_word' id='word_1_552' title='bbox 1103 3971 1365 4039; x_wconf 87' lang='lat' dir='ltr'><strong>nondum,</strong></span> <span class='ocrx_word' id='word_1_553' title='bbox 1411 3970 1625 4043; x_wconf 89' lang='lat' dir='ltr'><strong>inquit,</strong></span> <span class='ocrx_word' id='word_1_554' title='bbox 1676 3970 1863 4026; x_wconf 88' lang='lat' dir='ltr'><strong>statim</strong></span> 
     </span>
    </p>
   </div>
   <div class='ocr_carea' id='block_1_73' title="bbox 202 4058 1861 4144">
    <p class='ocr_par' dir='ltr' id='par_1_73' title="bbox 202 4058 1861 4144">
     <span class='ocr_line' id='line_1_73' title="bbox 202 4058 1861 4144; baseline -0.007 -17"><span class='ocrx_word' id='word_1_555' title='bbox 202 4071 355 4144; x_wconf 80' lang='lat' dir='ltr'><strong>ﬁnis.</strong></span> <span class='ocrx_word' id='word_1_556' title='bbox 389 4066 611 4125; x_wconf 89' lang='lat' dir='ltr'><strong>Ultima</strong></span> <span class='ocrx_word' id='word_1_557' title='bbox 638 4065 795 4122; x_wconf 88' lang='lat' dir='ltr'><strong>enim</strong></span> <span class='ocrx_word' id='word_1_558' title='bbox 828 4062 1129 4120; x_wconf 89' lang='lat' dir='ltr'><strong>tribulatio</strong></span> <span class='ocrx_word' id='word_1_559' title='bbox 1161 4058 1364 4117; x_wconf 88' lang='lat' dir='ltr'><strong>multis</strong></span> <span class='ocrx_word' id='word_1_560' title='bbox 1386 4058 1861 4116; x_wconf 85' lang='lat' dir='ltr'><strong>tribulationibus</strong></span> 
     </span>
    </p>
   </div>
   <div class='ocr_carea' id='block_1_74' title="bbox 205 4147 1859 4222">
    <p class='ocr_par' dir='ltr' id='par_1_74' title="bbox 205 4147 1859 4222">
     <span class='ocr_line' id='line_1_74' title="bbox 205 4147 1859 4222; baseline -0.008 -5"><span class='ocrx_word' id='word_1_561' title='bbox 205 4159 667 4216; x_wconf 89' lang='lat' dir='ltr'><strong>demonstratur.</strong></span> <span class='ocrx_word' id='word_1_562' title='bbox 701 4154 772 4209; x_wconf 90' lang='lat' dir='ltr'><strong>Et</strong></span> <span class='ocrx_word' id='word_1_563' title='bbox 801 4152 933 4208; x_wconf 91' lang='lat' dir='ltr'><strong>ideo</strong></span> <span class='ocrx_word' id='word_1_564' title='bbox 963 4151 1179 4208; x_wconf 90' lang='lat' dir='ltr'><strong>debent</strong></span> <span class='ocrx_word' id='word_1_565' title='bbox 1208 4147 1396 4206; x_wconf 89' lang='lat' dir='ltr'><strong>multa</strong></span> <span class='ocrx_word' id='word_1_566' title='bbox 1425 4147 1581 4204; x_wconf 87' lang='lat' dir='ltr'><strong>mala</strong></span> <span class='ocrx_word' id='word_1_567' title='bbox 1609 4165 1859 4222; x_wconf 66' lang='lat' dir='ltr'><strong>praecur-</strong></span> 
     </span>
    </p>
   </div>
   <div class='ocr_carea' id='block_1_75' title="bbox 207 4235 1584 4313">
    <p class='ocr_par' dir='ltr' id='par_1_75' title="bbox 207 4235 1584 4313">
     <span class='ocr_line' id='line_1_75' title="bbox 207 4235 1584 4313; baseline -0.009 -8"><span class='ocrx_word' id='word_1_568' title='bbox 207 4264 356 4313; x_wconf 90' lang='lat' dir='ltr'><strong>rere,</strong></span> <span class='ocrx_word' id='word_1_569' title='bbox 389 4249 456 4302; x_wconf 89' lang='lat' dir='ltr'><strong>ut</strong></span> <span class='ocrx_word' id='word_1_570' title='bbox 484 4243 708 4301; x_wconf 88' lang='lat' dir='ltr'><strong>malum</strong></span> <span class='ocrx_word' id='word_1_571' title='bbox 730 4240 964 4298; x_wconf 89' lang='lat' dir='ltr'><strong>valeant</strong></span> <span class='ocrx_word' id='word_1_572' title='bbox 991 4239 1117 4297; x_wconf 91' lang='lat' dir='ltr'><strong>sine</strong></span> <span class='ocrx_word' id='word_1_573' title='bbox 1147 4240 1262 4294; x_wconf 83' lang='lat' dir='ltr'><strong>fine</strong></span> <span class='ocrx_word' id='word_1_574' title='bbox 1292 4235 1584 4293; x_wconf 90' lang='lat' dir='ltr'><strong>nuntiare.</strong></span> 
     </span>
    </p>
   </div>
   <div class='ocr_carea' id='block_1_76' title="bbox 281 4325 1864 4408">
    <p class='ocr_par' dir='ltr' id='par_1_76' title="bbox 281 4325 1864 4408">
     <span class='ocr_line' id='line_1_76' title="bbox 281 4325 1864 4408; baseline -0.006 -16"><span class='ocrx_word' id='word_1_575' title='bbox 281 4334 561 4408; x_wconf 90' lang='lat' dir='ltr'><strong>Sequitur</strong></span> <span class='ocrx_word' id='word_1_576' title='bbox 588 4348 725 4406; x_wconf 90' lang='lat' dir='ltr'><strong>pars</strong></span> <span class='ocrx_word' id='word_1_577' title='bbox 753 4329 1032 4397; x_wconf 89' lang='lat' dir='ltr'><strong>secunda,</strong></span> <span class='ocrx_word' id='word_1_578' title='bbox 1066 4328 1127 4383; x_wconf 90' lang='lat' dir='ltr'><strong>in</strong></span> <span class='ocrx_word' id='word_1_579' title='bbox 1159 4344 1277 4401; x_wconf 91' lang='lat' dir='ltr'><strong>qua</strong></span> <span class='ocrx_word' id='word_1_580' title='bbox 1298 4325 1582 4383; x_wconf 90' lang='lat' dir='ltr'><strong>Dominus</strong></span> <span class='ocrx_word' id='word_1_581' title='bbox 1602 4326 1864 4400; x_wconf 58' lang='lat' dir='ltr'><strong>praedicit</strong></span> 
     </span>
    </p>
   </div>
   <div class='ocr_carea' id='block_1_77' title="bbox 208 4415 1859 4498">
    <p class='ocr_par' dir='ltr' id='par_1_77' title="bbox 208 4415 1859 4498">
     <span class='ocr_line' id='line_1_77' title="bbox 208 4415 1859 4498; baseline -0.005 -17"><span class='ocrx_word' id='word_1_582' title='bbox 208 4422 520 4498; x_wconf 89' lang='lat' dir='ltr'><strong>discipulis</strong></span> <span class='ocrx_word' id='word_1_583' title='bbox 549 4438 650 4479; x_wconf 90' lang='lat' dir='ltr'><strong>eos</strong></span> <span class='ocrx_word' id='word_1_584' title='bbox 692 4419 998 4485; x_wconf 88' lang='lat' dir='ltr'><strong>tenendos,</strong></span> <span class='ocrx_word' id='word_1_585' title='bbox 1044 4415 1360 4473; x_wconf 89' lang='lat' dir='ltr'><strong>trahendos</strong></span> <span class='ocrx_word' id='word_1_586' title='bbox 1389 4420 1448 4472; x_wconf 91' lang='lat' dir='ltr'><strong>et</strong></span> <span class='ocrx_word' id='word_1_587' title='bbox 1483 4415 1859 4487; x_wconf 87' lang='lat' dir='ltr'><strong>judicandos,</strong></span> 
     </span>
    </p>
   </div>
   <div class='ocr_carea' id='block_1_78' title="bbox 1967 3258 3618 3334">
    <p class='ocr_par' dir='ltr' id='par_1_78' title="bbox 1967 3258 3618 3334">
     <span class='ocr_line' id='line_1_78' title="bbox 1967 3258 3618 3334; baseline 0.002 -17"><span class='ocrx_word' id='word_1_588' title='bbox 1967 3263 2058 3317; x_wconf 91' lang='lat' dir='ltr'><strong>est</strong></span> <span class='ocrx_word' id='word_1_589' title='bbox 2071 3258 2191 3332; x_wconf 91' lang='lat' dir='ltr'><strong>pati</strong></span> <span class='ocrx_word' id='word_1_590' title='bbox 2214 3259 2286 3315; x_wconf 89' lang='lat' dir='ltr'><strong>ab</strong></span> <span class='ocrx_word' id='word_1_591' title='bbox 2308 3259 2597 3316; x_wconf 75' lang='lat' dir='ltr'><strong>extraneis</strong></span> <span class='ocrx_word' id='word_1_592' title='bbox 2613 3275 2791 3332; x_wconf 90' lang='lat' dir='ltr'><strong>quam</strong></span> <span class='ocrx_word' id='word_1_593' title='bbox 2812 3260 2886 3316; x_wconf 90' lang='lat' dir='ltr'><strong>ab</strong></span> <span class='ocrx_word' id='word_1_594' title='bbox 2907 3260 3133 3318; x_wconf 89' lang='lat' dir='ltr'><strong>amicis.</strong></span> <span class='ocrx_word' id='word_1_595' title='bbox 3159 3261 3439 3334; x_wconf 69' lang='lat' dir='ltr'><strong>Maiorem</strong></span> <span class='ocrx_word' id='word_1_596' title='bbox 3459 3262 3618 3321; x_wconf 88' lang='lat' dir='ltr'><strong>enim</strong></span> 
     </span>
    </p>
   </div>
   <div class='ocr_carea' id='block_1_79' title="bbox 1967 3348 3620 3412">
    <p class='ocr_par' dir='ltr' id='par_1_79' title="bbox 1967 3348 3620 3412">
     <span class='ocr_line' id='line_1_79' title="bbox 1967 3348 3620 3412; baseline 0.004 -7"><span class='ocrx_word' id='word_1_597' title='bbox 1967 3350 2226 3405; x_wconf 86' lang='lat' dir='ltr'><strong>dolorem</strong></span> <span class='ocrx_word' id='word_1_598' title='bbox 2304 3348 2475 3405; x_wconf 90' lang='lat' dir='ltr'><strong>nobis</strong></span> <span class='ocrx_word' id='word_1_599' title='bbox 2551 3348 2846 3405; x_wconf 88' lang='lat' dir='ltr'><strong>incutiunt</strong></span> <span class='ocrx_word' id='word_1_600' title='bbox 2916 3355 3209 3407; x_wconf 89' lang='lat' dir='ltr'><strong>tormenta</strong></span> <span class='ocrx_word' id='word_1_601' title='bbox 3262 3352 3336 3408; x_wconf 88' lang='lat' dir='ltr'><strong>ab</strong></span> <span class='ocrx_word' id='word_1_602' title='bbox 3409 3351 3620 3412; x_wconf 87' lang='lat' dir='ltr'><strong>amicis</strong></span> 
     </span>
    </p>
   </div>
   <div class='ocr_carea' id='block_1_80' title="bbox 1967 3436 3616 3512">
    <p class='ocr_par' dir='ltr' id='par_1_80' title="bbox 1967 3436 3616 3512">
     <span class='ocr_line' id='line_1_80' title="bbox 1967 3436 3616 3512; baseline 0.004 -19"><span class='ocrx_word' id='word_1_603' title='bbox 1967 3436 2150 3505; x_wconf 89' lang='lat' dir='ltr'><strong>illata,</strong></span> <span class='ocrx_word' id='word_1_604' title='bbox 2184 3436 2317 3510; x_wconf 88' lang='lat' dir='ltr'><strong>quia</strong></span> <span class='ocrx_word' id='word_1_605' title='bbox 2367 3454 2501 3494; x_wconf 90' lang='lat' dir='ltr'><strong>cum</strong></span> <span class='ocrx_word' id='word_1_606' title='bbox 2549 3438 2764 3494; x_wconf 81' lang='lat' dir='ltr'><strong>damno</strong></span> <span class='ocrx_word' id='word_1_607' title='bbox 2813 3439 3072 3512; x_wconf 90' lang='lat' dir='ltr'><strong>corporis</strong></span> <span class='ocrx_word' id='word_1_608' title='bbox 3119 3438 3277 3497; x_wconf 89' lang='lat' dir='ltr'><strong>mala</strong></span> <span class='ocrx_word' id='word_1_609' title='bbox 3327 3457 3438 3499; x_wconf 90' lang='lat' dir='ltr'><strong>nos</strong></span> <span class='ocrx_word' id='word_1_610' title='bbox 3485 3459 3616 3499; x_wconf 90' lang='lat' dir='ltr'><strong>cru-</strong></span> 
     </span>
    </p>
   </div>
   <div class='ocr_carea' id='block_1_81' title="bbox 1968 3525 3621 3605">
    <p class='ocr_par' dir='ltr' id='par_1_81' title="bbox 1968 3525 3621 3605">
     <span class='ocr_line' id='line_1_81' title="bbox 1968 3525 3621 3605; baseline 0.004 -22"><span class='ocrx_word' id='word_1_611' title='bbox 1968 3526 2126 3583; x_wconf 88' lang='lat' dir='ltr'><strong>ciant</strong></span> <span class='ocrx_word' id='word_1_612' title='bbox 2159 3525 2389 3582; x_wconf 65' lang='lat' dir='ltr'><strong>amissaa</strong></span> <span class='ocrx_word' id='word_1_613' title='bbox 2419 3525 2740 3583; x_wconf 89' lang='lat' dir='ltr'><strong>charitatis.</strong></span> <span class='ocrx_word' id='word_1_614' title='bbox 2775 3527 2921 3584; x_wconf 87' lang='lat' dir='ltr'><strong>Hinc</strong></span> <span class='ocrx_word' id='word_1_615' title='bbox 2940 3532 3029 3584; x_wconf 88' lang='lat' dir='ltr'><strong>est</strong></span> <span class='ocrx_word' id='word_1_616' title='bbox 3049 3529 3204 3603; x_wconf 91' lang='lat' dir='ltr'><strong>quod</strong></span> <span class='ocrx_word' id='word_1_617' title='bbox 3224 3530 3297 3586; x_wconf 90' lang='lat' dir='ltr'><strong>de</strong></span> <span class='ocrx_word' id='word_1_618' title='bbox 3317 3530 3350 3587; x_wconf 87' lang='lat' dir='ltr'><strong>J</strong></span> <span class='ocrx_word' id='word_1_619' title='bbox 3355 3531 3473 3587; x_wconf 92' lang='lat' dir='ltr'><strong>uda</strong></span> <span class='ocrx_word' id='word_1_620' title='bbox 3490 3548 3621 3605; x_wconf 85' lang='lat' dir='ltr'><strong>pro-</strong></span> 
     </span>
    </p>
   </div>
   <div class='ocr_carea' id='block_1_82' title="bbox 1968 3613 3617 3692">
    <p class='ocr_par' dir='ltr' id='par_1_82' title="bbox 1968 3613 3617 3692">
     <span class='ocr_line' id='line_1_82' title="bbox 1968 3613 3617 3692; baseline 0.003 -20"><span class='ocrx_word' id='word_1_621' title='bbox 1968 3615 2154 3672; x_wconf 91' lang='lat' dir='ltr'><strong>ditore</strong></span> <span class='ocrx_word' id='word_1_622' title='bbox 2182 3632 2285 3687; x_wconf 91' lang='lat' dir='ltr'><strong>per</strong></span> <span class='ocrx_word' id='word_1_623' title='bbox 2309 3613 2681 3671; x_wconf 89' lang='lat' dir='ltr'><strong>Psalmistam</strong></span> <span class='ocrx_word' id='word_1_624' title='bbox 2719 3615 2998 3673; x_wconf 90' lang='lat' dir='ltr'><strong>Dominus</strong></span> <span class='ocrx_word' id='word_1_625' title='bbox 3027 3616 3194 3673; x_wconf 90' lang='lat' dir='ltr'><strong>dicit:</strong></span> <span class='ocrx_word' id='word_1_626' title='bbox 3231 3640 3259 3669; x_wconf 76' lang='grc' dir='ltr'><strong>(ι</strong></span> <span class='ocrx_word' id='word_1_627' title='bbox 3280 3618 3351 3674; x_wconf 88' lang='lat' dir='ltr'><strong>Et</strong></span> <span class='ocrx_word' id='word_1_628' title='bbox 3379 3619 3617 3692; x_wconf 91' lang='lat' dir='ltr'><strong>quidem</strong></span> 
     </span>
    </p>
   </div>
   <div class='ocr_carea' id='block_1_83' title="bbox 1967 3703 3618 3774">
    <p class='ocr_par' dir='ltr' id='par_1_83' title="bbox 1967 3703 3618 3774">
     <span class='ocr_line' id='line_1_83' title="bbox 1967 3703 3618 3774; baseline 0.003 -12"><span class='ocrx_word' id='word_1_629' title='bbox 1967 3705 2018 3762; x_wconf 85' lang='lat' dir='ltr'><strong>si</strong></span> <span class='ocrx_word' id='word_1_630' title='bbox 2046 3703 2324 3760; x_wconf 86' lang='lat' dir='ltr'><strong>inimicus</strong></span> <span class='ocrx_word' id='word_1_631' title='bbox 2368 3720 2537 3760; x_wconf 89' lang='lat' dir='ltr'><strong>meus</strong></span> <span class='ocrx_word' id='word_1_632' title='bbox 2568 3704 2965 3761; x_wconf 85' lang='lat' dir='ltr'><strong>maledixissct</strong></span> <span class='ocrx_word' id='word_1_633' title='bbox 2992 3705 3160 3774; x_wconf 91' lang='lat' dir='ltr'><strong>mihi,</strong></span> <span class='ocrx_word' id='word_1_634' title='bbox 3200 3708 3618 3766; x_wconf 88' lang='lat' dir='ltr'><strong>sustinuissem</strong></span> 
     </span>
    </p>
   </div>
   <div class='ocr_carea' id='block_1_84' title="bbox 1969 3791 3622 3866">
    <p class='ocr_par' dir='ltr' id='par_1_84' title="bbox 1969 3791 3622 3866">
     <span class='ocr_line' id='line_1_84' title="bbox 1969 3791 3622 3866; baseline 0.003 -16"><span class='ocrx_word' id='word_1_635' title='bbox 1969 3793 2190 3865; x_wconf 86' lang='lat' dir='ltr'><strong>utique.</strong></span> <span class='ocrx_word' id='word_1_636' title='bbox 2214 3793 2302 3848; x_wconf 88' lang='lat' dir='ltr'><strong>Tu</strong></span> <span class='ocrx_word' id='word_1_637' title='bbox 2323 3809 2456 3849; x_wconf 82' lang='lat' dir='ltr'><strong>vero</strong></span> <span class='ocrx_word' id='word_1_638' title='bbox 2474 3791 2650 3849; x_wconf 88' lang='lat' dir='ltr'><strong>homo</strong></span> <span class='ocrx_word' id='word_1_639' title='bbox 2672 3793 2993 3862; x_wconf 90' lang='lat' dir='ltr'><strong>unanimis,</strong></span> <span class='ocrx_word' id='word_1_640' title='bbox 3017 3795 3136 3851; x_wconf 81' lang='lat' dir='ltr'><strong>dux</strong></span> <span class='ocrx_word' id='word_1_641' title='bbox 3154 3811 3343 3866; x_wconf 89' lang='lat' dir='ltr'><strong>meus,</strong></span> <span class='ocrx_word' id='word_1_642' title='bbox 3367 3800 3425 3853; x_wconf 92' lang='lat' dir='ltr'><strong>et</strong></span> <span class='ocrx_word' id='word_1_643' title='bbox 3444 3801 3622 3856; x_wconf 89' lang='lat' dir='ltr'><strong>notus</strong></span> 
     </span>
    </p>
   </div>
   <div class='ocr_carea' id='block_1_85' title="bbox 1969 3881 3618 3958">
    <p class='ocr_par' dir='ltr' id='par_1_85' title="bbox 1969 3881 3618 3958">
     <span class='ocr_line' id='line_1_85' title="bbox 1969 3881 3618 3958; baseline 0.004 -20"><span class='ocrx_word' id='word_1_644' title='bbox 1969 3899 2136 3939; x_wconf 89' lang='lat' dir='ltr'><strong>meus</strong></span> <span class='ocrx_word' id='word_1_645' title='bbox 2165 3883 2342 3952; x_wconf 86' lang='lat' dir='ltr'><strong>(Psal.</strong></span> <span class='ocrx_word' id='word_1_646' title='bbox 2377 3881 2511 3954; x_wconf 83' lang='lat' dir='ltr'><strong>LIV.)</strong></span> <span class='ocrx_word' id='word_1_647' title='bbox 2544 3903 2573 3931; x_wconf 83' lang='lat'>»</span> <span class='ocrx_word' id='word_1_648' title='bbox 2606 3882 2676 3938; x_wconf 93' lang='lat' dir='ltr'><strong>Et</strong></span> <span class='ocrx_word' id='word_1_649' title='bbox 2706 3899 2942 3939; x_wconf 90' lang='lat' dir='ltr'><strong>rursum</strong></span> <span class='ocrx_word' id='word_1_650' title='bbox 2964 3901 2984 3940; x_wconf 92' lang='lat'><strong>:</strong></span> <span class='ocrx_word' id='word_1_651' title='bbox 3010 3906 3038 3935; x_wconf 89' lang='grc'><em>‹‹</em></span> <span class='ocrx_word' id='word_1_652' title='bbox 3074 3885 3256 3942; x_wconf 84' lang='lat' dir='ltr'><strong>Homo</strong></span> <span class='ocrx_word' id='word_1_653' title='bbox 3285 3885 3447 3958; x_wconf 90' lang='lat' dir='ltr'><strong>pacis</strong></span> <span class='ocrx_word' id='word_1_654' title='bbox 3476 3904 3618 3945; x_wconf 65' lang='lat' dir='ltr'><strong>mea:</strong></span> 
     </span>
    </p>
   </div>
   <div class='ocr_carea' id='block_1_86' title="bbox 1967 3970 3622 4049">
    <p class='ocr_par' dir='ltr' id='par_1_86' title="bbox 1967 3970 3622 4049">
     <span class='ocr_line' id='line_1_86' title="bbox 1967 3970 3622 4049; baseline 0.003 -21"><span class='ocrx_word' id='word_1_655' title='bbox 1967 3971 2029 4028; x_wconf 91' lang='lat' dir='ltr'><strong>in</strong></span> <span class='ocrx_word' id='word_1_656' title='bbox 2062 3989 2177 4045; x_wconf 90' lang='lat' dir='ltr'><strong>quo</strong></span> <span class='ocrx_word' id='word_1_657' title='bbox 2208 3971 2455 4045; x_wconf 90' lang='lat' dir='ltr'><strong>speravi,</strong></span> <span class='ocrx_word' id='word_1_658' title='bbox 2476 3970 2577 4043; x_wconf 90' lang='lat' dir='ltr'><strong>qui</strong></span> <span class='ocrx_word' id='word_1_659' title='bbox 2600 3971 2807 4028; x_wconf 89' lang='lat' dir='ltr'><strong>edebat</strong></span> <span class='ocrx_word' id='word_1_660' title='bbox 2836 3989 3017 4044; x_wconf 88' lang='lat' dir='ltr'><strong>panes</strong></span> <span class='ocrx_word' id='word_1_661' title='bbox 3036 3990 3199 4031; x_wconf 92' lang='lat' dir='ltr'><strong>meos</strong></span> <span class='ocrx_word' id='word_1_662' title='bbox 3224 3973 3622 4049; x_wconf 85' lang='lat' dir='ltr'><strong>magnificavit</strong></span> 
     </span>
    </p>
   </div>
   <div class='ocr_carea' id='block_1_87' title="bbox 1969 4059 3623 4135">
    <p class='ocr_par' dir='ltr' id='par_1_87' title="bbox 1969 4059 3623 4135">
     <span class='ocr_line' id='line_1_87' title="bbox 1969 4059 3623 4135; baseline 0.002 -17"><span class='ocrx_word' id='word_1_663' title='bbox 1969 4078 2148 4134; x_wconf 90' lang='lat' dir='ltr'><strong>super</strong></span> <span class='ocrx_word' id='word_1_664' title='bbox 2159 4077 2252 4117; x_wconf 90' lang='lat' dir='ltr'><strong>me</strong></span> <span class='ocrx_word' id='word_1_665' title='bbox 2265 4059 3129 4133; x_wconf 76' lang='lat' dir='ltr'><strong>supplantationem(Psal.xn.)»</strong></span> <span class='ocrx_word' id='word_1_666' title='bbox 3147 4063 3278 4120; x_wconf 66' lang='lat' dir='ltr'><strong>Haec</strong></span> <span class='ocrx_word' id='word_1_667' title='bbox 3289 4064 3505 4135; x_wconf 89' lang='lat' dir='ltr'><strong>omnia,</strong></span> <span class='ocrx_word' id='word_1_668' title='bbox 3514 4064 3623 4122; x_wconf 79' lang='lat' dir='ltr'><strong>fra~</strong></span> 
     </span>
    </p>
   </div>
   <div class='ocr_carea' id='block_1_88' title="bbox 1967 4146 3619 4227">
    <p class='ocr_par' dir='ltr' id='par_1_88' title="bbox 1967 4146 3619 4227">
     <span class='ocr_line' id='line_1_88' title="bbox 1967 4146 3619 4227; baseline 0.003 -21"><span class='ocrx_word' id='word_1_669' title='bbox 1967 4154 2088 4206; x_wconf 89' lang='lat' dir='ltr'><strong>tres</strong></span> <span class='ocrx_word' id='word_1_670' title='bbox 2100 4148 2235 4215; x_wconf 91' lang='lat' dir='ltr'><strong>mei,</strong></span> <span class='ocrx_word' id='word_1_671' title='bbox 2250 4148 2309 4204; x_wconf 92' lang='lat' dir='ltr'><strong>in</strong></span> <span class='ocrx_word' id='word_1_672' title='bbox 2328 4146 2623 4221; x_wconf 88' lang='lat' dir='ltr'><strong>primitiva</strong></span> <span class='ocrx_word' id='word_1_673' title='bbox 2638 4148 2896 4206; x_wconf 82' lang='lat' dir='ltr'><strong>Ecclesia</strong></span> <span class='ocrx_word' id='word_1_674' title='bbox 2907 4152 3342 4225; x_wconf 87' lang='lat' dir='ltr'><strong>contingebant,</strong></span> <span class='ocrx_word' id='word_1_675' title='bbox 3362 4153 3619 4227; x_wconf 92' lang='lat' dir='ltr'><strong>quando,</strong></span> 
     </span>
    </p>
   </div>
   <div class='ocr_carea' id='block_1_89' title="bbox 1969 4236 3622 4310">
    <p class='ocr_par' dir='ltr' id='par_1_89' title="bbox 1969 4236 3622 4310">
     <span class='ocr_line' id='line_1_89' title="bbox 1969 4236 3622 4310; baseline 0.003 -15"><span class='ocrx_word' id='word_1_676' title='bbox 1969 4237 2201 4295; x_wconf 90' lang='lat' dir='ltr'><strong>diabolo</strong></span> <span class='ocrx_word' id='word_1_677' title='bbox 2233 4254 2337 4310; x_wconf 90' lang='lat' dir='ltr'><strong>per</strong></span> <span class='ocrx_word' id='word_1_678' title='bbox 2365 4236 2708 4309; x_wconf 88' lang='lat' dir='ltr'><strong>ejectionem</strong></span> <span class='ocrx_word' id='word_1_679' title='bbox 2740 4254 2910 4295; x_wconf 89' lang='lat' dir='ltr'><strong>suam</strong></span> <span class='ocrx_word' id='word_1_680' title='bbox 2932 4239 3181 4308; x_wconf 88' lang='lat' dir='ltr'><strong>furente,</strong></span> <span class='ocrx_word' id='word_1_681' title='bbox 3204 4244 3368 4298; x_wconf 88' lang='lat' dir='ltr'><strong>tanta</strong></span> <span class='ocrx_word' id='word_1_682' title='bbox 3385 4246 3513 4300; x_wconf 89' lang='lat' dir='ltr'><strong>erat</strong></span> <span class='ocrx_word' id='word_1_683' title='bbox 3532 4259 3622 4301; x_wconf 90' lang='lat' dir='ltr'><strong>ra-</strong></span> 
     </span>
    </p>
   </div>
   <div class='ocr_carea' id='block_1_90' title="bbox 1968 4326 3620 4400">
    <p class='ocr_par' dir='ltr' id='par_1_90' title="bbox 1968 4326 3620 4400">
     <span class='ocr_line' id='line_1_90' title="bbox 1968 4326 3620 4400; baseline 0.002 -15"><span class='ocrx_word' id='word_1_684' title='bbox 1968 4328 2095 4385; x_wconf 92' lang='lat' dir='ltr'><strong>bies</strong></span> <span class='ocrx_word' id='word_1_685' title='bbox 2107 4328 2547 4400; x_wconf 91' lang='lat' dir='ltr'><strong>persecutorum</strong></span> <span class='ocrx_word' id='word_1_686' title='bbox 2570 4326 2726 4398; x_wconf 84' lang='lat' dir='ltr'><strong>quod</strong></span> <span class='ocrx_word' id='word_1_687' title='bbox 2745 4326 2932 4383; x_wconf 84' lang='lat' dir='ltr'><strong>fervor</strong></span> <span class='ocrx_word' id='word_1_688' title='bbox 2942 4326 2997 4383; x_wconf 92' lang='lat' dir='ltr'><strong>id</strong></span> <span class='ocrx_word' id='word_1_689' title='bbox 3007 4326 3281 4385; x_wconf 68' lang='lat' dir='ltr'><strong>ololatriaa</strong></span> <span class='ocrx_word' id='word_1_690' title='bbox 3294 4330 3620 4389; x_wconf 87' lang='lat' dir='ltr'><strong>naturalem</strong></span> 
     </span>
    </p>
   </div>
   <div class='ocr_carea' id='block_1_91' title="bbox 1968 4414 3621 4493">
    <p class='ocr_par' dir='ltr' id='par_1_91' title="bbox 1968 4414 3621 4493">
     <span class='ocr_line' id='line_1_91' title="bbox 1968 4414 3621 4493; baseline 0.002 -19"><span class='ocrx_word' id='word_1_691' title='bbox 1968 4418 2225 4474; x_wconf 88' lang='lat' dir='ltr'><strong>vinceret</strong></span> <span class='ocrx_word' id='word_1_692' title='bbox 2270 4415 2568 4489; x_wconf 89' lang='lat' dir='ltr'><strong>pietatem,</strong></span> <span class='ocrx_word' id='word_1_693' title='bbox 2619 4419 2675 4472; x_wconf 88' lang='lat' dir='ltr'><strong>et</strong></span> <span class='ocrx_word' id='word_1_694' title='bbox 2704 4414 2875 4483; x_wconf 81' lang='lat' dir='ltr'><strong>filios,</strong></span> <span class='ocrx_word' id='word_1_695' title='bbox 2921 4421 2979 4472; x_wconf 87' lang='lat' dir='ltr'><strong>et</strong></span> <span class='ocrx_word' id='word_1_696' title='bbox 3015 4416 3257 4485; x_wconf 87' lang='lat' dir='ltr'><strong>amicos,</strong></span> <span class='ocrx_word' id='word_1_697' title='bbox 3289 4436 3436 4493; x_wconf 90' lang='lat' dir='ltr'><strong>quos</strong></span> <span class='ocrx_word' id='word_1_698' title='bbox 3466 4437 3537 4477; x_wconf 86' lang='lat' dir='ltr'><strong>ex</strong></span> <span class='ocrx_word' id='word_1_699' title='bbox 3561 4421 3621 4478; x_wconf 91' lang='lat' dir='ltr'><strong>vi</strong></span> 
     </span>
    </p>
   </div>
   <div class='ocr_carea' id='block_1_92' title="bbox 207 4503 3616 4591">
    <p class='ocr_par' dir='ltr' id='par_1_92' title="bbox 207 4503 3616 4591">
     <span class='ocr_line' id='line_1_92' title="bbox 207 4503 3616 4591; baseline -0.001 -21"><span class='ocrx_word' id='word_1_700' title='bbox 207 4529 346 4571; x_wconf 90' lang='lat' dir='ltr'><strong>cum</strong></span> <span class='ocrx_word' id='word_1_701' title='bbox 377 4512 581 4570; x_wconf 90' lang='lat' dir='ltr'><strong>subdit</strong></span> <span class='ocrx_word' id='word_1_702' title='bbox 605 4528 619 4566; x_wconf 93' lang='lat'><strong>:</strong></span> <span class='ocrx_word' id='word_1_703' title='bbox 650 4509 759 4568; x_wconf 87' lang='lat' dir='ltr'><strong>Sed</strong></span> <span class='ocrx_word' id='word_1_704' title='bbox 786 4516 913 4565; x_wconf 89' lang='lat' dir='ltr'><strong>ante</strong></span> <span class='ocrx_word' id='word_1_705' title='bbox 939 4509 1058 4565; x_wconf 70' lang='lat' dir='ltr'><strong>haec</strong></span> <span class='ocrx_word' id='word_1_706' title='bbox 1084 4507 1271 4562; x_wconf 88' lang='lat' dir='ltr'><strong>omnia</strong></span> <span class='ocrx_word' id='word_1_707' title='bbox 1302 4505 1554 4578; x_wconf 87' lang='lat' dir='ltr'><strong>injicient</strong></span> <span class='ocrx_word' id='word_1_708' title='bbox 1577 4505 1725 4561; x_wconf 86' lang='lat' dir='ltr'><strong>vobis</strong></span> <span class='ocrx_word' id='word_1_709' title='bbox 1753 4522 1865 4562; x_wconf 87' lang='lat' dir='ltr'><strong>ma-</strong></span> <span class='ocrx_word' id='word_1_710' title='bbox 1891 4524 1940 4591; x_wconf 83' lang='lat' dir='ltr'><strong>D</strong></span> <span class='ocrx_word' id='word_1_711' title='bbox 1970 4512 2191 4564; x_wconf 69' lang='lat' dir='ltr'><strong>natura:</strong></span> <span class='ocrx_word' id='word_1_712' title='bbox 2223 4504 2492 4562; x_wconf 90' lang='lat' dir='ltr'><strong>homines</strong></span> <span class='ocrx_word' id='word_1_713' title='bbox 2514 4503 2704 4561; x_wconf 88' lang='lat' dir='ltr'><strong>solent</strong></span> <span class='ocrx_word' id='word_1_714' title='bbox 2722 4504 2985 4580; x_wconf 90' lang='lat' dir='ltr'><strong>diligere,</strong></span> <span class='ocrx_word' id='word_1_715' title='bbox 3009 4506 3184 4563; x_wconf 89' lang='lat' dir='ltr'><strong>etiam</strong></span> <span class='ocrx_word' id='word_1_716' title='bbox 3204 4512 3405 4564; x_wconf 89' lang='lat' dir='ltr'><strong>contra</strong></span> <span class='ocrx_word' id='word_1_717' title='bbox 3434 4509 3616 4567; x_wconf 90' lang='lat' dir='ltr'><strong>Deum</strong></span> 
     </span>
    </p>
   </div>
   <div class='ocr_carea' id='block_1_93' title="bbox 204 4594 1867 4674">
    <p class='ocr_par' dir='ltr' id='par_1_93' title="bbox 204 4594 1867 4674">
     <span class='ocr_line' id='line_1_93' title="bbox 204 4594 1867 4674; baseline -0.004 -15"><span class='ocrx_word' id='word_1_718' title='bbox 204 4619 337 4670; x_wconf 86' lang='lat' dir='ltr'><strong>nus,</strong></span> <span class='ocrx_word' id='word_1_719' title='bbox 370 4610 423 4658; x_wconf 90' lang='lat' dir='ltr'><strong>et</strong></span> <span class='ocrx_word' id='word_1_720' title='bbox 463 4607 859 4674; x_wconf 85' lang='lat' dir='ltr'><strong>persequentur</strong></span> <span class='ocrx_word' id='word_1_721' title='bbox 905 4612 998 4653; x_wconf 88' lang='lat' dir='ltr'><strong>vos</strong></span> <span class='ocrx_word' id='word_1_722' title='bbox 1049 4594 1320 4651; x_wconf 85' lang='lat' dir='ltr'><strong>tradentes</strong></span> <span class='ocrx_word' id='word_1_723' title='bbox 1362 4596 1423 4651; x_wconf 90' lang='lat' dir='ltr'><strong>in</strong></span> <span class='ocrx_word' id='word_1_724' title='bbox 1477 4611 1784 4668; x_wconf 80' lang='lat' dir='ltr'><strong>synagogas</strong></span> <span class='ocrx_word' id='word_1_725' title='bbox 1814 4603 1867 4652; x_wconf 87' lang='lat' dir='ltr'><strong>et</strong></span> 
     </span>
    </p>
   </div>
   <div class='ocr_carea' id='block_1_94' title="bbox 205 4684 1862 4760">
    <p class='ocr_par' dir='ltr' id='par_1_94' title="bbox 205 4684 1862 4760">
     <span class='ocr_line' id='line_1_94' title="bbox 205 4684 1862 4760; baseline -0.005 -11"><span class='ocrx_word' id='word_1_726' title='bbox 205 4691 505 4760; x_wconf 87' lang='lat' dir='ltr'><strong>custodias,</strong></span> <span class='ocrx_word' id='word_1_727' title='bbox 535 4691 806 4747; x_wconf 79' lang='lat' dir='ltr'><strong>trahentes</strong></span> <span class='ocrx_word' id='word_1_728' title='bbox 835 4687 906 4744; x_wconf 87' lang='lat' dir='ltr'><strong>ad</strong></span> <span class='ocrx_word' id='word_1_729' title='bbox 948 4701 1101 4756; x_wconf 85' lang='lat' dir='ltr'><strong>reges</strong></span> <span class='ocrx_word' id='word_1_730' title='bbox 1139 4692 1189 4740; x_wconf 93' lang='lat' dir='ltr'><strong>et</strong></span> <span class='ocrx_word' id='word_1_731' title='bbox 1214 4684 1480 4757; x_wconf 65' lang='lat' dir='ltr'><strong>praesides</strong></span> <span class='ocrx_word' id='word_1_732' title='bbox 1500 4692 1721 4757; x_wconf 84' lang='lat' dir='ltr'><strong>propter</strong></span> <span class='ocrx_word' id='word_1_733' title='bbox 1764 4701 1862 4741; x_wconf 84' lang='lat' dir='ltr'><strong>no-</strong></span> 
     </span>
    </p>
   </div>
   <div class='ocr_carea' id='block_1_95' title="bbox 206 4772 1866 4850">
    <p class='ocr_par' dir='ltr' id='par_1_95' title="bbox 206 4772 1866 4850">
     <span class='ocr_line' id='line_1_95' title="bbox 206 4772 1866 4850; baseline -0.005 -11"><span class='ocrx_word' id='word_1_734' title='bbox 206 4797 337 4838; x_wconf 88' lang='lat' dir='ltr'><strong>men</strong></span> <span class='ocrx_word' id='word_1_735' title='bbox 364 4796 565 4837; x_wconf 90' lang='lat' dir='ltr'><strong>meum.</strong></span> <span class='ocrx_word' id='word_1_736' title='bbox 597 4780 677 4835; x_wconf 84' lang='lat' dir='ltr'><strong>Ac</strong></span> <span class='ocrx_word' id='word_1_737' title='bbox 707 4777 757 4835; x_wconf 91' lang='lat' dir='ltr'><strong>si</strong></span> <span class='ocrx_word' id='word_1_738' title='bbox 781 4779 977 4850; x_wconf 89' lang='lat' dir='ltr'><strong>aperte</strong></span> <span class='ocrx_word' id='word_1_739' title='bbox 1006 4774 1194 4830; x_wconf 91' lang='lat' dir='ltr'><strong>dicat:</strong></span> <span class='ocrx_word' id='word_1_740' title='bbox 1222 4773 1355 4829; x_wconf 88' lang='lat' dir='ltr'><strong>Ideo</strong></span> <span class='ocrx_word' id='word_1_741' title='bbox 1376 4772 1546 4848; x_wconf 86' lang='lat' dir='ltr'><strong>signa</strong></span> <span class='ocrx_word' id='word_1_742' title='bbox 1574 4777 1631 4830; x_wconf 91' lang='lat' dir='ltr'><strong>et</strong></span> <span class='ocrx_word' id='word_1_743' title='bbox 1650 4777 1866 4831; x_wconf 62' lang='lat' dir='ltr'><strong>aeterna</strong></span> 
     </span>
    </p>
   </div>
   <div class='ocr_carea' id='block_1_96' title="bbox 211 4862 1867 4937">
    <p class='ocr_par' dir='ltr' id='par_1_96' title="bbox 211 4862 1867 4937">
     <span class='ocr_line' id='line_1_96' title="bbox 211 4862 1867 4937; baseline -0.005 -10"><span class='ocrx_word' id='word_1_744' title='bbox 211 4869 519 4927; x_wconf 88' lang='lat' dir='ltr'><strong>damnatio</strong></span> <span class='ocrx_word' id='word_1_745' title='bbox 541 4872 681 4925; x_wconf 91' lang='lat' dir='ltr'><strong>sunt</strong></span> <span class='ocrx_word' id='word_1_746' title='bbox 694 4870 938 4924; x_wconf 86' lang='lat' dir='ltr'><strong>ventura</strong></span> <span class='ocrx_word' id='word_1_747' title='bbox 951 4879 1129 4936; x_wconf 91' lang='lat' dir='ltr'><strong>super</strong></span> <span class='ocrx_word' id='word_1_748' title='bbox 1144 4862 1439 4935; x_wconf 88' lang='lat' dir='ltr'><strong>reprobos,</strong></span> <span class='ocrx_word' id='word_1_749' title='bbox 1458 4863 1735 4936; x_wconf 90' lang='lat' dir='ltr'><strong>quoniam</strong></span> <span class='ocrx_word' id='word_1_750' title='bbox 1753 4862 1867 4937; x_wconf 88' lang='lat' dir='ltr'><strong>ipsi</strong></span> 
     </span>
    </p>
   </div>
   <div class='ocr_carea' id='block_1_97' title="bbox 209 4951 1871 5034">
    <p class='ocr_par' dir='ltr' id='par_1_97' title="bbox 209 4951 1871 5034">
     <span class='ocr_line' id='line_1_97' title="bbox 209 4951 1871 5034; baseline -0.004 -19"><span class='ocrx_word' id='word_1_751' title='bbox 209 4958 382 5034; x_wconf 90' lang='lat' dir='ltr'><strong>prius</strong></span> <span class='ocrx_word' id='word_1_752' title='bbox 412 4958 523 5015; x_wconf 94' lang='lat' dir='ltr'><strong>hoc</strong></span> <span class='ocrx_word' id='word_1_753' title='bbox 552 4958 936 5015; x_wconf 90' lang='lat' dir='ltr'><strong>merebuntur</strong></span> <span class='ocrx_word' id='word_1_754' title='bbox 963 4952 1257 5010; x_wconf 90' lang='lat' dir='ltr'><strong>reddendo</strong></span> <span class='ocrx_word' id='word_1_755' title='bbox 1276 4952 1442 5009; x_wconf 92' lang='lat' dir='ltr'><strong>vobis</strong></span> <span class='ocrx_word' id='word_1_756' title='bbox 1472 4951 1628 5010; x_wconf 88' lang='lat' dir='ltr'><strong>mala</strong></span> <span class='ocrx_word' id='word_1_757' title='bbox 1646 4970 1751 5025; x_wconf 91' lang='lat' dir='ltr'><strong>pro</strong></span> <span class='ocrx_word' id='word_1_758' title='bbox 1772 4953 1871 5009; x_wconf 89' lang='lat' dir='ltr'><strong>bo-</strong></span> 
     </span>
    </p>
   </div>
   <div class='ocr_carea' id='block_1_98' title="bbox 212 5041 1869 5120">
    <p class='ocr_par' dir='ltr' id='par_1_98' title="bbox 212 5041 1869 5120">
     <span class='ocr_line' id='line_1_98' title="bbox 212 5041 1869 5120; baseline -0.005 -14"><span class='ocrx_word' id='word_1_759' title='bbox 212 5048 329 5106; x_wconf 88' lang='lat' dir='ltr'><strong>nis.</strong></span> <span class='ocrx_word' id='word_1_760' title='bbox 361 5047 541 5105; x_wconf 89' lang='lat' dir='ltr'><strong>Vobis</strong></span> <span class='ocrx_word' id='word_1_761' title='bbox 569 5046 787 5120; x_wconf 91' lang='lat' dir='ltr'><strong>quippe</strong></span> <span class='ocrx_word' id='word_1_762' title='bbox 814 5042 1147 5102; x_wconf 90' lang='lat' dir='ltr'><strong>volentibus</strong></span> <span class='ocrx_word' id='word_1_763' title='bbox 1177 5057 1277 5098; x_wconf 91' lang='lat' dir='ltr'><strong>eos</strong></span> <span class='ocrx_word' id='word_1_764' title='bbox 1316 5041 1388 5097; x_wconf 89' lang='lat' dir='ltr'><strong>de</strong></span> <span class='ocrx_word' id='word_1_765' title='bbox 1417 5058 1597 5099; x_wconf 92' lang='lat' dir='ltr'><strong>manu</strong></span> <span class='ocrx_word' id='word_1_766' title='bbox 1649 5041 1869 5099; x_wconf 88' lang='lat' dir='ltr'><strong>diaboli</strong></span> 
     </span>
    </p>
   </div>
   <div class='ocr_carea' id='block_1_99' title="bbox 209 5129 1865 5209">
    <p class='ocr_par' dir='ltr' id='par_1_99' title="bbox 209 5129 1865 5209">
     <span class='ocr_line' id='line_1_99' title="bbox 209 5129 1865 5209; baseline -0.003 -15"><span class='ocrx_word' id='word_1_767' title='bbox 209 5137 464 5195; x_wconf 89' lang='lat' dir='ltr'><strong>liberare</strong></span> <span class='ocrx_word' id='word_1_768' title='bbox 495 5135 759 5209; x_wconf 88' lang='lat' dir='ltr'><strong>injicient</strong></span> <span class='ocrx_word' id='word_1_769' title='bbox 808 5149 1041 5191; x_wconf 90' lang='lat' dir='ltr'><strong>manus.</strong></span> <span class='ocrx_word' id='word_1_770' title='bbox 1070 5129 1188 5188; x_wconf 90' lang='lat' dir='ltr'><strong>Vos</strong></span> <span class='ocrx_word' id='word_1_771' title='bbox 1218 5146 1450 5204; x_wconf 91' lang='lat' dir='ltr'><strong>quoque</strong></span> <span class='ocrx_word' id='word_1_772' title='bbox 1478 5130 1737 5188; x_wconf 88' lang='lat' dir='ltr'><strong>volentes</strong></span> <span class='ocrx_word' id='word_1_773' title='bbox 1766 5148 1865 5189; x_wconf 90' lang='lat' dir='ltr'><strong>eos</strong></span> 
     </span>
    </p>
   </div>
   <div class='ocr_carea' id='block_1_100' title="bbox 212 5219 1869 5293">
    <p class='ocr_par' dir='ltr' id='par_1_100' title="bbox 212 5219 1869 5293">
     <span class='ocr_line' id='line_1_100' title="bbox 212 5219 1869 5293; baseline -0.004 -10"><span class='ocrx_word' id='word_1_774' title='bbox 212 5225 465 5283; x_wconf 86' lang='lat' dir='ltr'><strong>liberare</strong></span> <span class='ocrx_word' id='word_1_775' title='bbox 494 5226 569 5283; x_wconf 89' lang='lat' dir='ltr'><strong>ab</strong></span> <span class='ocrx_word' id='word_1_776' title='bbox 617 5222 817 5281; x_wconf 67' lang='lat' dir='ltr'><strong>aeterni</strong></span> <span class='ocrx_word' id='word_1_777' title='bbox 857 5219 1065 5293; x_wconf 87' lang='lat' dir='ltr'><strong>judicii</strong></span> <span class='ocrx_word' id='word_1_778' title='bbox 1112 5219 1505 5289; x_wconf 87' lang='lat' dir='ltr'><strong>damnatione,</strong></span> <span class='ocrx_word' id='word_1_779' title='bbox 1546 5220 1617 5277; x_wconf 89' lang='lat' dir='ltr'><strong>ad</strong></span> <span class='ocrx_word' id='word_1_780' title='bbox 1642 5220 1869 5292; x_wconf 87' lang='lat' dir='ltr'><strong>judicia</strong></span> 
     </span>
    </p>
   </div>
   <div class='ocr_carea' id='block_1_101' title="bbox 212 5307 1872 5389">
    <p class='ocr_par' dir='ltr' id='par_1_101' title="bbox 212 5307 1872 5389">
     <span class='ocr_line' id='line_1_101' title="bbox 212 5307 1872 5389; baseline -0.002 -19"><span class='ocrx_word' id='word_1_781' title='bbox 212 5331 423 5389; x_wconf 88' lang='lat' dir='ltr'><strong>regum</strong></span> <span class='ocrx_word' id='word_1_782' title='bbox 455 5320 513 5373; x_wconf 90' lang='lat' dir='ltr'><strong>et</strong></span> <span class='ocrx_word' id='word_1_783' title='bbox 542 5313 857 5389; x_wconf 71' lang='lat' dir='ltr'><strong>praesidum</strong></span> <span class='ocrx_word' id='word_1_784' title='bbox 878 5310 1132 5368; x_wconf 89' lang='lat' dir='ltr'><strong>trahent.</strong></span> <span class='ocrx_word' id='word_1_785' title='bbox 1158 5309 1224 5365; x_wconf 85' lang='lat' dir='ltr'><strong>Et</strong></span> <span class='ocrx_word' id='word_1_786' title='bbox 1252 5308 1390 5380; x_wconf 55' lang='lat' dir='ltr'><strong>hac,</strong></span> <span class='ocrx_word' id='word_1_787' title='bbox 1421 5307 1635 5383; x_wconf 90' lang='lat' dir='ltr'><strong>inquit,</strong></span> <span class='ocrx_word' id='word_1_788' title='bbox 1664 5312 1872 5383; x_wconf 80' lang='lat' dir='ltr'><strong>facient</strong></span> 
     </span>
    </p>
   </div>
   <div class='ocr_carea' id='block_1_102' title="bbox 211 5397 1869 5478">
    <p class='ocr_par' dir='ltr' id='par_1_102' title="bbox 211 5397 1869 5478">
     <span class='ocr_line' id='line_1_102' title="bbox 211 5397 1869 5478; baseline -0.003 -16"><span class='ocrx_word' id='word_1_789' title='bbox 211 5406 368 5463; x_wconf 85' lang='lat' dir='ltr'><strong>vobis</strong></span> <span class='ocrx_word' id='word_1_790' title='bbox 391 5412 613 5478; x_wconf 87' lang='lat' dir='ltr'><strong>propter</strong></span> <span class='ocrx_word' id='word_1_791' title='bbox 638 5420 837 5462; x_wconf 88' lang='lat' dir='ltr'><strong>nomen</strong></span> <span class='ocrx_word' id='word_1_792' title='bbox 861 5416 1062 5458; x_wconf 84' lang='lat' dir='ltr'><strong>meum.</strong></span> <span class='ocrx_word' id='word_1_793' title='bbox 1086 5397 1262 5465; x_wconf 87' lang='lat' dir='ltr'><strong>Quasi</strong></span> <span class='ocrx_word' id='word_1_794' title='bbox 1291 5397 1476 5454; x_wconf 89' lang='lat' dir='ltr'><strong>dicat:</strong></span> <span class='ocrx_word' id='word_1_795' title='bbox 1509 5400 1753 5473; x_wconf 85' lang='lat' dir='ltr'><strong>Propter</strong></span> <span class='ocrx_word' id='word_1_796' title='bbox 1775 5416 1869 5457; x_wconf 91' lang='lat' dir='ltr'><strong>me</strong></span> 
     </span>
    </p>
   </div>
   <div class='ocr_carea' id='block_1_103' title="bbox 211 5486 1871 5568">
    <p class='ocr_par' dir='ltr' id='par_1_103' title="bbox 211 5486 1871 5568">
     <span class='ocr_line' id='line_1_103' title="bbox 211 5486 1871 5568; baseline -0.004 -16"><span class='ocrx_word' id='word_1_797' title='bbox 211 5510 320 5552; x_wconf 78' lang='lat' dir='ltr'><strong>vos</strong></span> <span class='ocrx_word' id='word_1_798' title='bbox 349 5493 619 5563; x_wconf 87' lang='lat' dir='ltr'><strong>odibunt,</strong></span> <span class='ocrx_word' id='word_1_799' title='bbox 669 5492 772 5568; x_wconf 90' lang='lat' dir='ltr'><strong>qui</strong></span> <span class='ocrx_word' id='word_1_800' title='bbox 818 5494 1053 5566; x_wconf 88' lang='lat' dir='ltr'><strong>propter</strong></span> <span class='ocrx_word' id='word_1_801' title='bbox 1099 5502 1194 5543; x_wconf 90' lang='lat' dir='ltr'><strong>me</strong></span> <span class='ocrx_word' id='word_1_802' title='bbox 1221 5503 1324 5544; x_wconf 89' lang='lat' dir='ltr'><strong>vos</strong></span> <span class='ocrx_word' id='word_1_803' title='bbox 1362 5486 1603 5560; x_wconf 90' lang='lat' dir='ltr'><strong>diligere</strong></span> <span class='ocrx_word' id='word_1_804' title='bbox 1649 5489 1871 5546; x_wconf 92' lang='lat' dir='ltr'><strong>debue-</strong></span> 
     </span>
    </p>
   </div>
   <div class='ocr_carea' id='block_1_104' title="bbox 214 5574 1873 5664">
    <p class='ocr_par' dir='ltr' id='par_1_104' title="bbox 214 5574 1873 5664">
     <span class='ocr_line' id='line_1_104' title="bbox 214 5574 1873 5664; baseline -0.005 -16"><span class='ocrx_word' id='word_1_805' title='bbox 214 5586 373 5649; x_wconf 81' lang='lat' dir='ltr'><strong>rant.</strong></span> <span class='ocrx_word' id='word_1_806' title='bbox 406 5584 543 5663; x_wconf 77' lang='lat' dir='ltr'><strong>Quae</strong></span> <span class='ocrx_word' id='word_1_807' title='bbox 576 5583 778 5664; x_wconf 84' lang='lat' dir='ltr'><strong>utique</strong></span> <span class='ocrx_word' id='word_1_808' title='bbox 825 5596 1005 5645; x_wconf 84' lang='lat' dir='ltr'><strong>causa</strong></span> <span class='ocrx_word' id='word_1_809' title='bbox 1032 5575 1186 5645; x_wconf 81' lang='lat' dir='ltr'><strong>sicut</strong></span> <span class='ocrx_word' id='word_1_810' title='bbox 1213 5574 1327 5656; x_wconf 77' lang='lat' dir='ltr'><strong>erit</strong></span> <span class='ocrx_word' id='word_1_811' title='bbox 1351 5575 1515 5637; x_wconf 81' lang='lat' dir='ltr'><strong>vobis</strong></span> <span class='ocrx_word' id='word_1_812' title='bbox 1563 5594 1743 5647; x_wconf 79' lang='lat' dir='ltr'><strong>causa</strong></span> <span class='ocrx_word' id='word_1_813' title='bbox 1772 5593 1873 5640; x_wconf 84' lang='lat' dir='ltr'><strong>co-</strong></span> 
     </span>
    </p>
   </div>
   <div class='ocr_carea' id='block_1_105' title="bbox 1970 4594 3620 4671">
    <p class='ocr_par' dir='ltr' id='par_1_105' title="bbox 1970 4594 3620 4671">
     <span class='ocr_line' id='line_1_105' title="bbox 1970 4594 3620 4671; baseline 0.001 -17"><span class='ocrx_word' id='word_1_814' title='bbox 1970 4594 2084 4671; x_wconf 91' lang='lat' dir='ltr'><strong>ipsi</strong></span> <span class='ocrx_word' id='word_1_815' title='bbox 2114 4594 2408 4662; x_wconf 89' lang='lat' dir='ltr'><strong>odiebant,</strong></span> <span class='ocrx_word' id='word_1_816' title='bbox 2431 4597 2489 4650; x_wconf 92' lang='lat' dir='ltr'><strong>et</strong></span> <span class='ocrx_word' id='word_1_817' title='bbox 2506 4595 3024 4667; x_wconf 89' lang='lat' dir='ltr'><strong>persequebantur,</strong></span> <span class='ocrx_word' id='word_1_818' title='bbox 3047 4599 3105 4653; x_wconf 89' lang='lat' dir='ltr'><strong>et</strong></span> <span class='ocrx_word' id='word_1_819' title='bbox 3124 4600 3329 4653; x_wconf 87' lang='lat' dir='ltr'><strong>contra</strong></span> <span class='ocrx_word' id='word_1_820' title='bbox 3347 4600 3620 4656; x_wconf 89' lang='lat' dir='ltr'><strong>naturam</strong></span> 
     </span>
    </p>
   </div>
   <div class='ocr_carea' id='block_1_106' title="bbox 1971 4676 3737 4759">
    <p class='ocr_par' dir='ltr' id='par_1_106' title="bbox 1971 4676 3737 4759">
     <span class='ocr_line' id='line_1_106' title="bbox 1971 4676 3737 4759; baseline -0.001 -16"><span class='ocrx_word' id='word_1_821' title='bbox 1971 4691 2030 4743; x_wconf 86' lang='lat' dir='ltr'><strong>et</strong></span> <span class='ocrx_word' id='word_1_822' title='bbox 2058 4689 2260 4743; x_wconf 89' lang='lat' dir='ltr'><strong>contra</strong></span> <span class='ocrx_word' id='word_1_823' title='bbox 2289 4684 2492 4740; x_wconf 91' lang='lat' dir='ltr'><strong>Deum.</strong></span> <span class='ocrx_word' id='word_1_824' title='bbox 2548 4684 2660 4740; x_wconf 90' lang='lat' dir='ltr'><strong>Sed</strong></span> <span class='ocrx_word' id='word_1_825' title='bbox 2709 4684 2849 4756; x_wconf 90' lang='lat' dir='ltr'><strong>quia</strong></span> <span class='ocrx_word' id='word_1_826' title='bbox 2878 4700 2977 4741; x_wconf 88' lang='lat' dir='ltr'><strong>eos</strong></span> <span class='ocrx_word' id='word_1_827' title='bbox 3018 4685 3284 4759; x_wconf 66' lang='lat' dir='ltr'><strong>praedixit</strong></span> <span class='ocrx_word' id='word_1_828' title='bbox 3328 4687 3620 4759; x_wconf 89' lang='lat' dir='ltr'><strong>perimen-</strong></span> <span class='ocrx_word' id='word_1_829' title='bbox 3731 4676 3737 4685; x_wconf 76' lang='grc'><em>’</em></span> 
     </span>
    </p>
   </div>
   <div class='ocr_carea' id='block_1_107' title="bbox 1972 4771 3622 4849">
    <p class='ocr_par' dir='ltr' id='par_1_107' title="bbox 1972 4771 3622 4849">
     <span class='ocr_line' id='line_1_107' title="bbox 1972 4771 3622 4849; baseline 0.001 -17"><span class='ocrx_word' id='word_1_830' title='bbox 1972 4777 2102 4843; x_wconf 92' lang='lat' dir='ltr'><strong>dos,</strong></span> <span class='ocrx_word' id='word_1_831' title='bbox 2134 4773 2399 4848; x_wconf 90' lang='lat' dir='ltr'><strong>protinus</strong></span> <span class='ocrx_word' id='word_1_832' title='bbox 2430 4789 2529 4830; x_wconf 89' lang='lat' dir='ltr'><strong>eos</strong></span> <span class='ocrx_word' id='word_1_833' title='bbox 2549 4771 2902 4842; x_wconf 89' lang='lat' dir='ltr'><strong>consolatur,</strong></span> <span class='ocrx_word' id='word_1_834' title='bbox 2928 4774 3216 4831; x_wconf 89' lang='lat' dir='ltr'><strong>subdens:</strong></span> <span class='ocrx_word' id='word_1_835' title='bbox 3248 4774 3528 4849; x_wconf 81' lang='lat' dir='ltr'><strong>Capillus</strong></span> <span class='ocrx_word' id='word_1_836' title='bbox 3554 4776 3622 4834; x_wconf 84' lang='lat' dir='ltr'><strong>de</strong></span> 
     </span>
    </p>
   </div>
   <div class='ocr_carea' id='block_1_108' title="bbox 1971 4861 3624 4939">
    <p class='ocr_par' dir='ltr' id='par_1_108' title="bbox 1971 4861 3624 4939">
     <span class='ocr_line' id='line_1_108' title="bbox 1971 4861 3624 4939; baseline -0.002 -16"><span class='ocrx_word' id='word_1_837' title='bbox 1971 4866 2170 4939; x_wconf 88' lang='lat' dir='ltr'><strong>capite</strong></span> <span class='ocrx_word' id='word_1_838' title='bbox 2182 4871 2368 4920; x_wconf 87' lang='lat' dir='ltr'><strong>vestro</strong></span> <span class='ocrx_word' id='word_1_839' title='bbox 2382 4879 2497 4919; x_wconf 87' lang='lat' dir='ltr'><strong>non</strong></span> <span class='ocrx_word' id='word_1_840' title='bbox 2511 4861 2753 4935; x_wconf 82' lang='lat' dir='ltr'><strong>peribit.</strong></span> <span class='ocrx_word' id='word_1_841' title='bbox 2774 4861 3054 4936; x_wconf 91' lang='lat' dir='ltr'><strong>Capillus,</strong></span> <span class='ocrx_word' id='word_1_842' title='bbox 3073 4862 3282 4921; x_wconf 87' lang='lat' dir='ltr'><strong>fratres</strong></span> <span class='ocrx_word' id='word_1_843' title='bbox 3297 4864 3432 4936; x_wconf 83' lang='lat' dir='ltr'><strong>mei,</strong></span> <span class='ocrx_word' id='word_1_844' title='bbox 3452 4863 3624 4922; x_wconf 89' lang='lat' dir='ltr'><strong>mini-</strong></span> 
     </span>
    </p>
   </div>
   <div class='ocr_carea' id='block_1_109' title="bbox 1974 4951 3622 5027">
    <p class='ocr_par' dir='ltr' id='par_1_109' title="bbox 1974 4951 3622 5027">
     <span class='ocr_line' id='line_1_109' title="bbox 1974 4951 3622 5027; baseline 0.001 -16"><span class='ocrx_word' id='word_1_845' title='bbox 1974 4972 2073 5011; x_wconf 88' lang='lat' dir='ltr'><strong>ma</strong></span> <span class='ocrx_word' id='word_1_846' title='bbox 2100 4970 2238 5027; x_wconf 90' lang='lat' dir='ltr'><strong>pars</strong></span> <span class='ocrx_word' id='word_1_847' title='bbox 2258 4952 2517 5026; x_wconf 89' lang='lat' dir='ltr'><strong>corporis</strong></span> <span class='ocrx_word' id='word_1_848' title='bbox 2538 4951 2721 5008; x_wconf 90' lang='lat' dir='ltr'><strong>nostri</strong></span> <span class='ocrx_word' id='word_1_849' title='bbox 2744 4956 2852 5021; x_wconf 87' lang='lat' dir='ltr'><strong>est,</strong></span> <span class='ocrx_word' id='word_1_850' title='bbox 2878 4968 3004 5024; x_wconf 68' lang='lat' dir='ltr'><strong>quae</strong></span> <span class='ocrx_word' id='word_1_851' title='bbox 3023 4951 3199 5009; x_wconf 91' lang='lat' dir='ltr'><strong>etiam</strong></span> <span class='ocrx_word' id='word_1_852' title='bbox 3222 4953 3487 5012; x_wconf 87' lang='lat' dir='ltr'><strong>abscissa</strong></span> <span class='ocrx_word' id='word_1_853' title='bbox 3504 4971 3622 5012; x_wconf 91' lang='lat' dir='ltr'><strong>non</strong></span> 
     </span>
    </p>
   </div>
   <div class='ocr_carea' id='block_1_110' title="bbox 1975 5041 3626 5114">
    <p class='ocr_par' dir='ltr' id='par_1_110' title="bbox 1975 5041 3626 5114">
     <span class='ocr_line' id='line_1_110' title="bbox 1975 5041 3626 5114; baseline 0 -14"><span class='ocrx_word' id='word_1_854' title='bbox 1975 5043 2246 5101; x_wconf 88' lang='lat' dir='ltr'><strong>sentitur.</strong></span> <span class='ocrx_word' id='word_1_855' title='bbox 2280 5042 2382 5097; x_wconf 89' lang='lat' dir='ltr'><strong>Est</strong></span> <span class='ocrx_word' id='word_1_856' title='bbox 2409 5056 2545 5114; x_wconf 85' lang='lat' dir='ltr'><strong>ergo</strong></span> <span class='ocrx_word' id='word_1_857' title='bbox 2576 5044 2990 5114; x_wconf 88' lang='lat' dir='ltr'><strong>argumentum</strong></span> <span class='ocrx_word' id='word_1_858' title='bbox 3022 5060 3057 5099; x_wconf 92' lang='lat' dir='ltr'><strong>a</strong></span> <span class='ocrx_word' id='word_1_859' title='bbox 3086 5041 3320 5098; x_wconf 90' lang='lat' dir='ltr'><strong>minori.</strong></span> <span class='ocrx_word' id='word_1_860' title='bbox 3350 5045 3432 5101; x_wconf 86' lang='lat' dir='ltr'><strong>Ac</strong></span> <span class='ocrx_word' id='word_1_861' title='bbox 3460 5043 3511 5100; x_wconf 93' lang='lat' dir='ltr'><strong>si</strong></span> <span class='ocrx_word' id='word_1_862' title='bbox 3541 5042 3626 5101; x_wconf 90' lang='lat' dir='ltr'><strong>di-</strong></span> 
     </span>
    </p>
   </div>
   <div class='ocr_carea' id='block_1_111' title="bbox 1973 5128 3625 5206">
    <p class='ocr_par' dir='ltr' id='par_1_111' title="bbox 1973 5128 3625 5206">
     <span class='ocr_line' id='line_1_111' title="bbox 1973 5128 3625 5206; baseline 0.001 -17"><span class='ocrx_word' id='word_1_863' title='bbox 1973 5136 2176 5190; x_wconf 88' lang='lat' dir='ltr'><strong>catur:</strong></span> <span class='ocrx_word' id='word_1_864' title='bbox 2210 5131 2269 5187; x_wconf 91' lang='lat' dir='ltr'><strong>Si</strong></span> <span class='ocrx_word' id='word_1_865' title='bbox 2299 5129 2445 5186; x_wconf 91' lang='lat' dir='ltr'><strong>illud</strong></span> <span class='ocrx_word' id='word_1_866' title='bbox 2468 5130 2624 5200; x_wconf 90' lang='lat' dir='ltr'><strong>quod</strong></span> <span class='ocrx_word' id='word_1_867' title='bbox 2647 5130 2707 5185; x_wconf 92' lang='lat' dir='ltr'><strong>in</strong></span> <span class='ocrx_word' id='word_1_868' title='bbox 2731 5128 2896 5187; x_wconf 90' lang='lat' dir='ltr'><strong>vobis</strong></span> <span class='ocrx_word' id='word_1_869' title='bbox 2916 5130 3230 5187; x_wconf 90' lang='lat' dir='ltr'><strong>minimum</strong></span> <span class='ocrx_word' id='word_1_870' title='bbox 3252 5135 3361 5201; x_wconf 91' lang='lat' dir='ltr'><strong>est,</strong></span> <span class='ocrx_word' id='word_1_871' title='bbox 3383 5135 3442 5189; x_wconf 92' lang='lat' dir='ltr'><strong>et</strong></span> <span class='ocrx_word' id='word_1_872' title='bbox 3467 5133 3625 5206; x_wconf 88' lang='lat' dir='ltr'><strong>quod</strong></span> 
     </span>
    </p>
   </div>
   <div class='ocr_carea' id='block_1_112' title="bbox 1972 5215 3627 5294">
    <p class='ocr_par' dir='ltr' id='par_1_112' title="bbox 1972 5215 3627 5294">
     <span class='ocr_line' id='line_1_112' title="bbox 1972 5215 3627 5294; baseline 0.001 -16"><span class='ocrx_word' id='word_1_873' title='bbox 1972 5221 2224 5278; x_wconf 90' lang='lat' dir='ltr'><strong>incisum</strong></span> <span class='ocrx_word' id='word_1_874' title='bbox 2258 5235 2374 5275; x_wconf 91' lang='lat' dir='ltr'><strong>non</strong></span> <span class='ocrx_word' id='word_1_875' title='bbox 2404 5215 2579 5284; x_wconf 90' lang='lat' dir='ltr'><strong>dolet,</strong></span> <span class='ocrx_word' id='word_1_876' title='bbox 2611 5218 2798 5291; x_wconf 90' lang='lat' dir='ltr'><strong>perire</strong></span> <span class='ocrx_word' id='word_1_877' title='bbox 2827 5236 2943 5275; x_wconf 91' lang='lat' dir='ltr'><strong>non</strong></span> <span class='ocrx_word' id='word_1_878' title='bbox 2976 5222 3188 5294; x_wconf 91' lang='lat' dir='ltr'><strong>potest,</strong></span> <span class='ocrx_word' id='word_1_879' title='bbox 3210 5217 3396 5277; x_wconf 91' lang='lat' dir='ltr'><strong>multo</strong></span> <span class='ocrx_word' id='word_1_880' title='bbox 3424 5220 3627 5279; x_wconf 87' lang='lat' dir='ltr'><strong>minus</strong></span> 
     </span>
    </p>
   </div>
   <div class='ocr_carea' id='block_1_113' title="bbox 1974 5302 3631 5379">
    <p class='ocr_par' dir='ltr' id='par_1_113' title="bbox 1974 5302 3631 5379">
     <span class='ocr_line' id='line_1_113' title="bbox 1974 5302 3631 5379; baseline 0.001 -15"><span class='ocrx_word' id='word_1_881' title='bbox 1974 5307 2119 5364; x_wconf 89' lang='lat' dir='ltr'><strong>illud</strong></span> <span class='ocrx_word' id='word_1_882' title='bbox 2152 5305 2309 5379; x_wconf 91' lang='lat' dir='ltr'><strong>quod</strong></span> <span class='ocrx_word' id='word_1_883' title='bbox 2357 5307 2418 5360; x_wconf 90' lang='lat' dir='ltr'><strong>in</strong></span> <span class='ocrx_word' id='word_1_884' title='bbox 2464 5302 2629 5361; x_wconf 92' lang='lat' dir='ltr'><strong>vobis</strong></span> <span class='ocrx_word' id='word_1_885' title='bbox 2682 5306 2876 5378; x_wconf 75' lang='lat' dir='ltr'><strong>majus</strong></span> <span class='ocrx_word' id='word_1_886' title='bbox 2925 5311 3035 5377; x_wconf 89' lang='lat' dir='ltr'><strong>est,</strong></span> <span class='ocrx_word' id='word_1_887' title='bbox 3066 5309 3126 5365; x_wconf 88' lang='lat' dir='ltr'><strong>et</strong></span> <span class='ocrx_word' id='word_1_888' title='bbox 3173 5306 3325 5379; x_wconf 89' lang='lat' dir='ltr'><strong>quod</strong></span> <span class='ocrx_word' id='word_1_889' title='bbox 3374 5307 3631 5365; x_wconf 88' lang='lat' dir='ltr'><strong>incisum</strong></span> 
     </span>
    </p>
   </div>
   <div class='ocr_carea' id='block_1_114' title="bbox 1977 5392 3635 5467">
    <p class='ocr_par' dir='ltr' id='par_1_114' title="bbox 1977 5392 3635 5467">
     <span class='ocr_line' id='line_1_114' title="bbox 1977 5392 3635 5467; baseline -0.001 -13"><span class='ocrx_word' id='word_1_890' title='bbox 1977 5397 2153 5467; x_wconf 90' lang='lat' dir='ltr'><strong>dolet,</strong></span> <span class='ocrx_word' id='word_1_891' title='bbox 2186 5393 2374 5466; x_wconf 91' lang='lat' dir='ltr'><strong>perire</strong></span> <span class='ocrx_word' id='word_1_892' title='bbox 2403 5408 2517 5447; x_wconf 90' lang='lat' dir='ltr'><strong>non</strong></span> <span class='ocrx_word' id='word_1_893' title='bbox 2564 5396 2773 5465; x_wconf 89' lang='lat' dir='ltr'><strong>potest.</strong></span> <span class='ocrx_word' id='word_1_894' title='bbox 2834 5393 3079 5466; x_wconf 78' lang='lat' dir='ltr'><strong>Mystice</strong></span> <span class='ocrx_word' id='word_1_895' title='bbox 3104 5410 3239 5453; x_wconf 89' lang='lat' dir='ltr'><strong>vero</strong></span> <span class='ocrx_word' id='word_1_896' title='bbox 3288 5411 3408 5452; x_wconf 91' lang='lat' dir='ltr'><strong>non</strong></span> <span class='ocrx_word' id='word_1_897' title='bbox 3438 5392 3635 5452; x_wconf 85' lang='lat' dir='ltr'><strong>solum</strong></span> 
     </span>
    </p>
   </div>
   <div class='ocr_carea' id='block_1_115' title="bbox 1977 5479 3640 5556">
    <p class='ocr_par' dir='ltr' id='par_1_115' title="bbox 1977 5479 3640 5556">
     <span class='ocr_line' id='line_1_115' title="bbox 1977 5479 3640 5556; baseline -0.003 -12"><span class='ocrx_word' id='word_1_898' title='bbox 1977 5502 2115 5544; x_wconf 88' lang='lat' dir='ltr'><strong>ossa</strong></span> <span class='ocrx_word' id='word_1_899' title='bbox 2170 5484 2389 5550; x_wconf 90' lang='lat' dir='ltr'><strong>nostra,</strong></span> <span class='ocrx_word' id='word_1_900' title='bbox 2421 5479 2481 5536; x_wconf 90' lang='lat' dir='ltr'><strong>id</strong></span> <span class='ocrx_word' id='word_1_901' title='bbox 2537 5486 2626 5537; x_wconf 87' lang='lat' dir='ltr'><strong>est</strong></span> <span class='ocrx_word' id='word_1_902' title='bbox 2681 5480 2855 5540; x_wconf 87' lang='lat' dir='ltr'><strong>fortia</strong></span> <span class='ocrx_word' id='word_1_903' title='bbox 2907 5490 3102 5556; x_wconf 86' lang='lat' dir='ltr'><strong>gesta,</strong></span> <span class='ocrx_word' id='word_1_904' title='bbox 3151 5481 3243 5540; x_wconf 87' lang='lat' dir='ltr'><strong>vel</strong></span> <span class='ocrx_word' id='word_1_905' title='bbox 3295 5481 3452 5541; x_wconf 83' lang='lat' dir='ltr'><strong>dicta</strong></span> <span class='ocrx_word' id='word_1_906' title='bbox 3503 5496 3640 5554; x_wconf 79' lang='lat' dir='ltr'><strong>per-</strong></span> 
     </span>
    </p>
   </div>
   <div class='ocr_carea' id='block_1_116' title="bbox 1979 5566 3643 5653">
    <p class='ocr_par' dir='ltr' id='par_1_116' title="bbox 1979 5566 3643 5653">
     <span class='ocr_line' id='line_1_116' title="bbox 1979 5566 3643 5653; baseline -0.005 -16"><span class='ocrx_word' id='word_1_907' title='bbox 1979 5576 2172 5645; x_wconf 86' lang='lat' dir='ltr'><strong>ibunt,</strong></span> <span class='ocrx_word' id='word_1_908' title='bbox 2223 5568 2344 5632; x_wconf 85' lang='lat' dir='ltr'><strong>imo</strong></span> <span class='ocrx_word' id='word_1_909' title='bbox 2393 5571 2956 5653; x_wconf 82' lang='lat' dir='ltr'><strong>remunerabuntur,</strong></span> <span class='ocrx_word' id='word_1_910' title='bbox 2991 5573 3095 5639; x_wconf 86' lang='lat' dir='ltr'><strong>sed</strong></span> <span class='ocrx_word' id='word_1_911' title='bbox 3123 5571 3297 5633; x_wconf 84' lang='lat' dir='ltr'><strong>etiam</strong></span> <span class='ocrx_word' id='word_1_912' title='bbox 3327 5566 3550 5651; x_wconf 78' lang='lat' dir='ltr'><strong>capilli,</strong></span> <span class='ocrx_word' id='word_1_913' title='bbox 3580 5567 3643 5647; x_wconf 69' lang='lat' dir='ltr'><strong>id</strong></span> 
     </span>
    </p>
   </div>
  </div>
