4002 6078
419 259 566 324 1551

1695 251 2089 316 RADULPHI
2133 250 2552 314 ARDENTIS.

3659 222 3830 307 4552

413 399 504 452 est
532 396 696 450 bonae
718 391 1100 465 cogitationes
1119 393 1351 455 nostrae,
1377 406 1502 460 quae
1525 389 1595 444 de
1617 387 1873 445 cerebro.
1893 385 2060 458 quasi
2089 387 2146 452 Α
2175 384 2402 440 animas
2433 400 2571 440 suas
2597 381 3091 438 commendarent.
3135 379 3201 436 Et
3231 378 3330 436 alii
3359 378 3597 452 angelos
3633 378 3832 450 ingre-

417 485 489 540 de
511 483 683 539 corde
705 486 937 546 exeunt,
963 498 1075 536 non
1097 479 1368 551 peribunt
1391 478 1541 549 apud
1568 477 1771 544 Deum,
1795 476 1894 531 sed
1910 475 2074 546 justa

417 573 688 629 mercede
738 571 1133 627 donabuntur.
1185 573 1250 622 In
1276 567 1595 640 patientia,
1639 564 1852 636 inquit,
1885 569 2074 619 vestra

416 661 795 734 possidebitz's
825 676 1058 716 ammas
1089 664 1330 713 vestras.
1356 656 1537 721 Sicut,
1571 656 1777 710 fratres
1808 653 1944 719 mei,
1969 653 2076 709 im-

423 752 650 823 patiens
680 766 796 804 non
828 747 1086 820 possidet
1130 746 1385 802 animam
1419 762 1610 815 suam,
1643 744 1746 798 sed
1777 742 1970 814 potius
2003 743 2074 797 ab

423 839 532 907 ira,
566 837 807 894 tristitia
836 841 893 892 et
923 835 1325 908 indignatione
1347 834 1682 904 czeterisque
1715 831 1920 886 anima-3
1953 847 2076 902 per-

425 926 860 983 turbationibus
884 929 1210 998 superatur,
1231 924 1314 979 sic
1337 923 1434 995 qui
1459 922 1686 994 patiens
1709 925 1795 977 est
1817 921 2076 976 animam

426 1033 595 1072 suam
628 1015 906 1088 possidet,
943 1015 1084 1069 dum
1107 1014 1314 1068 animae
1339 1010 1876 1084 perturbationibus
1899 1007 2079 1064 domi-

425 1109 616 1162 natur.
643 1105 749 1161 Per
769 1103 1112 1177 patientiam
1135 1119 1271 1174 ergo
1295 1101 1542 1169 animas,
1568 1118 1692 1172 quae
1717 1116 1927 1170 corpus
1949 1115 2079 1170 pos-

421 1194 636 1262 sident,
671 1193 1063 1266 possidemus,
1099 1209 1232 1247 cum
1265 1208 1363 1246 eas
1393 1191 1462 1245 ad
1497 1189 1788 1262 patientia:
1823 1185 2080 1259 aequani-

423 1285 692 1339 mitatem
723 1284 948 1338 ratione
980 1283 1399 1353 gubernamus.
1428 1285 1505 1335 De
1535 1279 1642 1334 hoc
1666 1277 1938 1334 Salomon
1966 1277 2074 1332 ait:

427 1395 454 1422 «
487 1371 691 1428 Melior
734 1376 823 1428 est
872 1372 1099 1443 patiens
1147 1369 1268 1425 viro
1320 1367 1471 1434 forti,
1514 1372 1570 1424 et
1601 1367 1701 1440 qui
1744 1367 2082 1422 dominatur

427 1461 622 1518 animo
656 1478 782 1528 suo,
817 1463 1213 1532 expugnatore
1242 1457 1476 1512 urbium
1511 1459 1691 1526 (Prov.
1726 1458 1907 1523 xvn)»
1939 1455 2083 1509 Pau-

429 1567 498 1606 ca
524 1550 768 1620 viribus,
802 1550 903 1605 sed
935 1549 1133 1604 omnia
1164 1547 1444 1620 patientia
1475 1549 1844 1617 superantur.
1880 1543 1958 1599 De
1988 1559 2083 1615 pa-

430 1638 635 1694 tientia
667 1656 872 1694 rursus
904 1637 1177 1692 Salomon
1211 1636 1324 1690 ait:
1364 1633 1684 1690 «Doctrina
1713 1632 1817 1688 viri
1850 1648 1951 1704 per
1982 1647 2080 1702 pa-

2185 472 2409 529 dientes
2456 471 2746 542 corporeis
2795 469 2978 526 oculis
3021 469 3311 538 viderunt,
3362 467 3462 523 alii
3501 483 3636 524 vero
3688 467 3834 523 nihil

2182 560 2472 628 viderunt,
2507 560 2607 616 sed
2640 564 2918 632 utrosque
2950 562 3146 614 tantus
3177 557 3354 613 timor
3383 557 3597 613 invasit
3618 564 3680 612 ul
3714 555 3839 613 nul-

2184 650 2301 720 lus,
2330 649 2431 705 illa
2477 653 2680 705 sancta
2729 649 2927 704 anima
2973 647 3324 721 egrediente,
3366 645 3488 702 illic
3519 645 3839 703 consistere

2185 740 2454 811 potuerit.
2508 739 2771 807 Pensate,
2805 739 3034 804 fratres,
3070 740 3359 808 quantum
3406 739 3624 791 terreat
3649 735 3837 791 omni-

2187 833 2392 901 potens
2424 829 2598 896 Deus,
2631 845 2766 883 cum
2811 826 3111 882 districtus
3157 826 3340 897 judcx
3371 829 3428 880 et
3467 823 3722 880 visibilis
3755 841 3837 881 ve-

2185 918 2325 986 niet,
2359 917 2410 973 si
2441 917 2524 973 sic
2556 921 2777 990 gratus,
2811 920 3218 971 remunerator
3253 921 3309 970 et
3349 913 3662 970 invisibilis
3692 914 3834 970 assi-

2186 1010 2404 1064 stentes
2435 1005 2644 1062 terrult
2669 1007 2901 1078 quando
2917 1005 3112 1061 venit?
3141 1006 3284 1060 Ecce
3314 1007 3543 1059 servata
3569 1002 3674 1059 illa
3701 1007 3761 1059 et
3779 1003 3834 1059 in

2186 1095 2581 1152 ecclesiastica
2612 1111 2750 1167 pace
2774 1095 3072 1166 patientia,
3098 1094 3168 1150 ad
3192 1098 3478 1166 quantum
3503 1091 3700 1165 gloria:
3725 1093 3835 1149 cul-

2186 1201 2322 1239 men
2352 1183 2519 1239 illum
2551 1183 2771 1239 evexit?
2795 1181 2964 1238 Nullo
2987 1183 3098 1239 iste
3120 1181 3314 1255 gladio
3337 1197 3655 1254 percussus
3675 1197 3834 1236 occu-

2187 1273 2333 1341 buit,
2367 1278 2422 1328 et
2451 1277 2644 1328 tamen
2676 1289 2972 1340 coronam,
2998 1287 3174 1344 quam
3205 1287 3308 1344 per
3336 1271 3630 1343 patientia:
3663 1269 3836 1325 virtu-

2187 1366 2304 1418 tem
2336 1363 2395 1417 in
2447 1362 2654 1418 merito
2703 1361 2910 1429 tenuit,
2947 1361 3004 1416 in
3044 1360 3513 1417 remuneratione
3555 1360 3832 1432 percepit.

2189 1452 2304 1507 Nos
2335 1468 2588 1523 quoque,
2623 1452 2830 1506 fratres
2861 1451 2995 1517 mei,
3020 1451 3068 1507 si
3102 1448 3392 1522 patientiae
3419 1449 3694 1505 virtutem
3721 1457 3838 1505 ser-

2187 1539 2538 1608 vaverimus,
2590 1557 2802 1596 corona
2849 1539 3110 1613 martyrii
3157 1555 3530 1611 nequaquam
3577 1543 3839 1612 expertes

2192 1630 2376 1686 futuri
2421 1647 2648 1686 sumus.
2692 1630 2974 1694 Quoniam
3006 1631 3260 1692 Joannes
3290 1627 3646 1702 evangelista
3693 1629 3840 1684 bibi-

435 1726 698 1782 tientiam
732 1725 995 1780 noscitur
1021 1726 1200 1797 (Prov.
1233 1727 1375 1792 x1x.)
1397 1746 1421 1772 ››
1455 1725 1679 1788 Quanto
1703 1738 1837 1794 ergo
1870 1719 2082 1791 aliquis
2115 1766 2160 1830 Β
2192 1726 2362 1776 turus
2393 1720 2633 1776 calicem
2681 1719 2973 1792 passionis
3006 1737 3039 1775 a
3071 1718 3310 1774 Domino
3354 1718 3588 1784 dicitur,
3624 1718 3727 1790 qui
3759 1723 3844 1774 ta-

505 1819 514 1830 ι
683 1815 694 1826 υ
830 1813 863 1830 ι·
1020 1818 1028 1830 ι
1123 1818 1132 1830 ι
1263 1818 1272 1830 ι
1408 1812 1706 1830 ,',,l,‘1,,_
1750 1810 2078 1830 Άῖ-ι--.1--..Α
2195 1826 2317 1830 κμᾼΑᾉ
2359 1827 2464 1830 μ---
2504 1826 2603 1830 Α-..
2652 1808 2900 1830 __'I_J_'___-
2968 1809 3060 1830 --.ι
3097 1809 3149 1830 Β..
3189 1825 3323 1830 μ---
3376 1807 3589 1830 1--ΞΔ--..
3643 1808 3813 1830 ΔΑΕ-«-

435 1819 522 1872 est
542 1815 731 1888 magis
749 1813 1176 1887 patiens,tanto
1194 1818 1281 1870 est
1299 1812 1485 1884 magis
1504 1812 1729 1867 doctus.
1750 1810 2085 1865 Notandum
2115 1807 2160 1830 “
2194 1826 2326 1866 men
2359 1827 2473 1865 non
2504 1826 2606 1881 per
2647 1808 2930 1882 gladium,
2965 1809 3062 1865 sed
3097 1809 3156 1864 in
3188 1825 3328 1881 pace
3376 1807 3590 1881 legitur
3639 1808 3846 1864 defun-

433 1921 568 1960 vero
598 1909 688 1960 est
721 1905 875 1976 quod
905 1904 1174 1975 quaedam
1208 1921 1241 1958 a
1271 1902 1408 1969 Deo,
1439 1901 1706 1973 qumdam
1756 1917 1790 1954 a
1831 1897 2083 1965 diabolo,

434 1994 702 2066 quaedam
736 2011 769 2048 a
799 1992 1060 2065 proximo
1093 1992 1474 2048 sustinemus.
1503 1992 1548 2043 A
1579 1991 1694 2045 Deo
1735 1987 1950 2059 quippe
1983 1987 2084 2042 ﬂa-

433 2083 608 2156 gelta,
643 2099 678 2136 a
707 2081 940 2137 diabolo
972 2081 1343 2146 tentationes,
1378 2095 1412 2133 a
1443 2078 1704 2150 proximo
1724 2076 1970 2147 injurias
1999 2079 2086 2130 to-

435 2171 710 2227 leramus.
742 2172 810 2225 Et
852 2169 1080 2242 ﬂagella
1128 2169 1364 2240 quidem
1417 2167 1516 2222 Dei
1547 2166 1630 2222 sic
1683 2164 2089 2238 aequanimiter

435 2263 668 2332 portare
712 2260 1016 2328 debemus,
1051 2262 1116 2312 ut
1146 2275 1261 2312 non
1295 2271 1822 2322 remurmuremus,
1854 2254 1954 2310 sed
1986 2270 2087 2325 po-

437 2349 578 2418 tius,
610 2347 1002 2419 intelligentes
1035 2363 1167 2401 eum
1191 2344 1561 2416 omniajuste
1584 2362 1752 2416 agere
1773 2349 1829 2399 et
1849 2347 2089 2415 paterno

443 2437 652 2492 affectu
683 2451 822 2491 suos
853 2436 1161 2508 castigare,
1183 2451 1316 2490 eum
1340 2433 1773 2489 benedicamus.
1799 2432 2092 2490 Tentatio-

442 2542 546 2581 nes
577 2541 808 2597 quoque
839 2523 1054 2579 diaboli
1087 2522 1172 2580 vel
1207 2523 1398 2578 carnis
1453 2522 1536 2578 sic
1581 2521 1869 2577 sustinere
1917 2521 2088 2577 debe-

445 2631 600 2683 mus,
633 2618 699 2669 ut
727 2615 797 2669 de
825 2612 1069 2668 victoria
1097 2629 1201 2685 per
1229 2612 1329 2667 Dei
1358 2611 1641 2667 auxilium
1674 2628 1790 2666 non
1822 2611 2089 2683 despere-

444 2720 600 2772 mus,
635 2704 736 2759 sed
767 2701 1012 2758 viriliter
1041 2703 1124 2757 eis
1155 2701 1519 2769 resistamus,
1553 2717 1625 2756 ne
1655 2701 1727 2755 ad
1755 2698 2091 2755 delectatio-

444 2808 580 2848 nem
611 2791 697 2847 vel
729 2808 1080 2848 consensum
1115 2790 1484 2846 inclinemur.
1520 2788 1770 2861 Injurias
1795 2806 1928 2844 vero
1959 2805 2093 2860 pro-

443 2881 585 2938 ximi
618 2882 702 2938 sic
733 2880 1020 2937 sustinere
1044 2881 1324 2936 debemus
1347 2884 1413 2934 ut
1435 2895 1549 2934 non
1569 2879 1640 2934 ad
1663 2878 1964 2947 ultionem,
1991 2878 2088 2934 sed

442 2971 640 3044 potius
689 2971 760 3026 ad
805 2970 1273 3043 compassionem
1312 2984 1671 3035 moveamur,
1704 2967 2094 3040 intelligentes

442 3060 720 3132 quoniam
753 3077 866 3114 non
899 3060 1000 3131 qui
1046 3059 1282 3131 patitur,
1318 3059 1472 3129 apud
1505 3058 1710 3125 Deum,
1745 3057 1846 3113 sed
1879 3057 1978 3129 qui
2009 3057 2092 3110 fa-

2193 1902 2342 1955 ctus.
2395 1900 2722 1970 Propterea,
2777 1899 2984 1954 fratres
3036 1897 3170 1965 mei,
3221 1897 3499 1952 virtutem
3551 1895 3846 1970 patientia:

2193 1993 2520 2053 teneamus,
2550 1986 2792 2060 diligere
2819 1986 3090 2042 inimicos
3120 1991 3176 2042 et
3204 1986 3542 2042 benefacere
3569 1997 3848 2058 persecu-

2194 2077 2421 2133 toribus
2441 2077 2678 2142 nostris,
2701 2075 3095 2143 addiscamus,
3120 2080 3411 2147 quatenus
3432 2074 3692 2132 oratione
3720 2091 3850 2131 san-

2195 2171 2421 2222 ctorum
2476 2169 2800 2237 martyrum
2845 2165 3288 2237 comparticipes
3317 2181 3444 2220 esse
3494 2180 3845 2231 mereamur,

2195 2255 2476 2328 largiente
2527 2261 2636 2310 Deo
2667 2259 2722 2311 et
2769 2255 3016 2310 Domino
3064 2259 3263 2310 nostro
3291 2254 3430 2310 Jesu
3461 2252 3716 2322 Christo,
3749 2253 3846 2327 qui

2197 2362 2330 2400 cum
2365 2345 2533 2400 Patre
2582 2349 2637 2399 et
2688 2343 2907 2416 Spiritu
2962 2348 3162 2399 sancto
3209 2343 3348 2398 vivit
3393 2347 3451 2398 et
3497 2348 3706 2416 regnat
3749 2357 3849 2416 per

2199 2434 2397 2489 omnia
2430 2433 2643 2489 saecula
2672 2433 3040 2489 saeculorum.
3072 2434 3276 2489 Amen.

2202 2683 2590 2723 PLURIMORUM
2640 2683 2983 2722 MARTYRUM.
3019 2681 3206 2721 SERMO
3253 2681 3322 2720 DE
3356 2681 3470 2722 LIB.
3517 2681 3847 2722 εΑΡιεΝτιε.

2269 2798 2568 2851 Justorum
2597 2793 2811 2848 animae
2839 2793 2898 2846 in
2919 2807 3101 2847 manu
3124 2791 3226 2846 Dei
3251 2796 3407 2858 sunt,
3430 2796 3620 2847 etnon
3643 2797 3856 2864 tanget

2201 2884 2328 2938 illo:
2366 2887 2716 2936 tormentum
2747 2879 2986 2936 malitiae
3012 2879 3163 2952 (Sap.
3199 2881 3308 2947 111,)
3346 2884 3458 2935 etc.
3491 2879 3854 2936 Infideles'et

2201 2969 2332 3028 falsi
2364 2970 2673 3026 Christiani
2715 2987 2849 3026 cum
2897 2970 3093 3024 vident
3124 2969 3182 3023 in
3214 2967 3322 3024 hac
3351 2969 3470 3023 vita
3504 2969 3706 3040 justos
3755 2969 3854 3024 de-

2203 3061 2398 3134 primi,
2424 3059 2831 3126 contumelias,
2855 3058 3102 3129 injurias
3123 3064 3179 3114 et
3197 3057 3604 3113 tribulationes
3627 3057 3773 3130 pati,
3795 3063 3853 3114 et

441 3149 521 3205 cit
551 3148 828 3222 injuriam
855 3149 1052 3204 miser.
1078 3148 1237 3212 Quod
1265 3146 1466 3218 utique
1489 3147 1673 3202 facere
1695 3146 2018 3217 poterimus
2041 3146 2088 3202 si
2121 3136 2162 3202 C
2201 3151 2270 3206 de
2303 3150 2409 3205 hac
2435 3149 2544 3204 vita
2567 3167 2668 3221 per
2688 3149 2990 3222 angustias
3007 3152 3062 3205 ct
3083 3148 3376 3203 cruciatus
3397 3145 3616 3219 egredi,
3641 3149 3852 3219 putant

441 3237 551 3294 hoc
576 3239 658 3294 ita
689 3237 1149 3303 consideremus,
1199 3235 1420 3290 scilicet
1448 3236 1602 3307 quod
1635 3235 1780 3289 nihil
1833 3236 2091 3307 patimur

442 3326 568 3383 sine
590 3328 754 3398 justo
787 3325 1002 3397 judicio
1037 3324 1156 3394 Dei,
1192 3325 1362 3394 cujus
1410 3323 1764 3379 ordinationi
1797 3342 1910 3379 non
1945 3324 2086 3380 resi-

439 3417 738 3484 stendum,
771 3419 827 3471 et
872 3415 1030 3486 quod
1072 3431 1174 3485 pro
1224 3413 1477 3485 peccatis
1507 3414 1723 3469 nostris
1747 3415 1907 3484 juste
1940 3415 2087 3485 pati—

441 3521 603 3559 mur:
637 3507 694 3559 et
743 3503 873 3558 ideo
925 3520 1041 3557 non
1087 3508 1287 3558 contra
1335 3501 1536 3557 lunam
1587 3520 1693 3559 nos
1729 3504 2084 3571 vexantium,

441 3594 542 3650 sed
599 3597 802 3648 contra
847 3591 986 3646 vitia
1017 3595 1214 3648 nostra
1247 3596 1334 3647 est
1365 3593 1535 3648 nobis
1583 3593 1991 3648 irascendum:
2034 3598 2090 3649 et

441 3683 597 3754 quod
629 3699 746 3737 non
779 3681 974 3747 homo,
1000 3681 1098 3736 sed
1133 3680 1401 3736 diabolus
1431 3699 1532 3752 per
1561 3681 1950 3736 ministerium
1984 3682 2086 3738 ho-

439 3770 639 3839 minis,
665 3771 757 3826 cui
779 3774 1061 3842 tanquam
1076 3769 1311 3838 insidet,
1332 3787 1436 3825 nos
1454 3769 1845 3842 persequitur.
1869 3771 1938 3826 Et
1959 3770 2087 3828 ideo

440 3877 555 3917 non
587 3865 789 3916 contra
818 3860 1136 3926 hominem,
1167 3860 1268 3915 sed
1318 3863 1521 3914 contra
1559 3858 1856 3914 diabolum
1889 3859 2088 3915 miseri

438 3949 696 4006 hominis
738 3950 1112 4016 incessorem,
1145 3953 1234 4004 est
1265 3948 1433 4004 nobis
1467 3947 1872 4020 prmliandum,
1907 3953 1972 4003 ut
2000 3949 2086 4004 vi-

439 4039 648 4096 delicet
677 4037 976 4094 diabolum
1026 4037 1406 4110 expellamus,
1441 4043 1498 4093 et
1528 4037 1823 4092 hominem
1856 4039 1927 4093 ab
1958 4039 2086 4110 ejus

437 4132 722 4200 potestate
753 4127 1082 4200 eripientes,
1126 4144 1323 4182 amore
1353 4131 1410 4182 et
1441 4126 1737 4182 beneﬁciis
1772 4131 1883 4182 Deo
1909 4127 2085 4183 lucri-

437 4216 741 4274 faciamus.
775 4217 990 4273 Omnes
1020 4216 1177 4272 enim
1211 4215 1348 4270 mali
1382 4233 1415 4270 a
1446 4215 1676 4271 diabolo
1707 4220 2006 4283 vexantur,
2031 4221 2088 4272 et

438 4306 608 4379 quasi
639 4307 975 4373 dementati,
1009 4305 1149 4378 quid
1193 4304 1410 4359 faciant
1441 4321 1554 4359 non
1589 4305 1912 4360 attendunt.
1948 4306 2086 4362 Inde

435 4400 526 4452 est
547 4395 702 4468 quod
724 4395 1055 4467 Stephanus
1074 4397 1466 4466 protomartyr
1484 4393 1748 4449 aJudzeis
1767 4394 2004 4465 patitur,
2031 4399 2087 4451 et

436 4502 636 4541 eorum
657 4484 898 4540 insaniae
917 4483 1278 4555 compatiens
1295 4486 1422 4538 orat
1439 4499 1542 4554 pro
1560 4482 1643 4537 eis
1669 4483 1869 4538 dicens
1895 4500 1907 4538 :
1936 4506 1962 4532 ‹‹
1983 4483 2087 4540 Do-
2113 4508 2160 4572 D

438 4575 617 4640 mine,
651 4573 876 4629 dimitte
907 4573 1012 4642 eis,
1046 4572 1185 4643 quia
1215 4571 1487 4627 nesciunt
1518 4570 1657 4642 quid
1689 4570 1910 4626 faciunt
1948 4573 2077 4643 (Act.

435 4667 539 4733 v1.)
573 4686 602 4714 »
636 4663 830 4719 Refert
860 4663 922 4716 B.
956 4659 1268 4733 Gregorius
1308 4661 1464 4732 quod
1516 4660 1868 4732 Stephanus,
1923 4661 2090 4718 Pater

437 4751 776 4808 monasterii
799 4753 969 4823 juxta
1016 4747 1320 4805 Reatinam
1373 4749 1575 4804 urbem
1627 4748 1743 4816 siti,
1785 4749 1896 4804 fuit
1922 4751 2087 4807 valde

438 4846 678 4897 sanctus
700 4846 756 4895 et
777 4838 1127 4911 pmnitentiaa
1151 4837 1488 4910 singularis.
1515 4838 1616 4893 Hic
1639 4856 1741 4910 pro
1763 4856 1959 4894 amore
1980 4857 2088 4896 coe-

437 4929 674 4984 lestium
698 4928 895 4982 omnia
917 4932 1143 4982 terrena
1164 4927 1520 4998 despexerat,
1547 4927 1842 4998 possidere
1864 4928 2083 5000 aliquid

437 5019 497 5072 in
531 5017 639 5071 hoc
667 5016 943 5087 fugiebat.
975 5015 1288 5070 Tumultus
1323 5016 1581 5089 fugiebat
1611 5015 1944 5082 hominum,
1967 5035 2084 5074 cre-

437 5104 559 5161 bris
593 5109 649 5160 et
681 5103 1091 5176 prolixioribus
1114 5105 1476 5160 orationibus
1498 5105 1759 5160 intentus
1791 5110 1930 5172 erat,
1965 5111 2087 5162 tan-

435 5197 624 5264 tisque
655 5194 946 5264 patientia:
981 5197 1103 5247 erat
1132 5197 1197 5246 ut
1228 5211 1402 5248 suum
1447 5194 1772 5263 adjutorem
1805 5196 2083 5265 crederet,

437 5281 489 5339 si
519 5281 650 5354 quis
681 5282 794 5339 sibi
842 5280 1066 5352 aliquid
1101 5281 1379 5337 molestiae
1419 5283 1752 5354 irrogasset.
1789 5283 2088 5341 Reddebat

431 5386 543 5442 pro
570 5369 941 5428 contumeliis
963 5367 1198 5442 gratias,
1235 5375 1291 5424 et
1313 5371 1594 5425 damnum
1620 5387 1736 5425 suae
1760 5373 2086 5444 paupertati

435 5455 684 5529 illatum,
707 5477 880 5516 suum
903 5457 1149 5532 putabat
1171 5458 1418 5514 luerum.
1441 5460 1604 5514 Hunc
1626 5477 1758 5514 cum
1783 5461 1907 5516 dies
1929 5478 2085 5519 mor-

437 5543 516 5626 tis
545 5554 827 5622 evocaret,
871 5551 1268 5609 convenerunt
1311 5548 1505 5620 multi,
1537 5552 1602 5604 ut
1633 5553 1844 5606 sanctae
1877 5550 2082 5610 animae

2195 3238 2283 3296 vel
2314 3240 2497 3295 Deum
2528 3255 2642 3294 non
2675 3254 2823 3306 esse,
2856 3235 2945 3293 vel
2978 3237 3250 3294 mortales
3271 3252 3387 3292 non
3417 3252 3641 3304 curare,
3666 3241 3734 3291 et
3754 3234 3850 3292 ho-

2197 3329 2385 3384 mines
2409 3329 2606 3384 anima
2625 3332 2683 3382 et
2703 3343 2942 3399 corpore
2968 3325 3247 3398 deperire.
3272 3325 3451 3381 Nobis
3473 3323 3848 3381 credentibus

2197 3417 2425 3474 animas
2457 3415 2604 3472 mori
2635 3432 2750 3472 non
2773 3432 2962 3488 posse,
2987 3415 3086 3471 sed
3118 3413 3346 3470 animas
3359 3415 3661 3486 justorum
3695 3419 3846 3471 sem-

2197 3524 2300 3580 per
2329 3507 2494 3562 beate
2524 3506 2734 3573 vivere,
2766 3511 2821 3560 et
2850 3505 3078 3561 animas
3109 3503 3446 3577 iniquorum
3468 3520 3705 3576 semper
3733 3509 3847 3576 pm-

2197 3613 2302 3652 nas
2317 3595 2492 3664 luere,
2518 3595 2721 3650 dicunt
2740 3612 2752 3649 :
2772 3593 2880 3651 Ubi
2899 3599 3039 3650 sunt
3054 3593 3259 3650 anima:
3273 3593 3574 3664 justorum
3593 3593 3622 3648 ἶ)
3637 3593 3848 3649 Contra

2197 3685 2303 3741 hos
2351 3684 2549 3758 igitur,
2601 3685 2808 3740 fratres
2853 3682 3206 3750 charissimi,
3257 3681 3518 3754 loquitur
3556 3681 3652 3736 hic
3681 3685 3850 3738 sacra

2197 3774 2496 3846 Scriptura
2525 3774 2934 3830 demonstrans
2963 3771 3108 3826 tria:
3143 3770 3243 3826 ubi
3272 3770 3494 3827 scilicet
3515 3771 3726 3826 animae
3752 3771 3848 3841 jn-

2197 3868 2421 3919 storum
2440 3862 2576 3929 sint,
2596 3866 2651 3918 et
2666 3862 2821 3934 quod
2839 3860 2922 3916 illi
2941 3859 3154 3916 mortui
3173 3877 3289 3916 non
3308 3860 3446 3925 sint,
3464 3865 3521 3916 et
3538 3860 3610 3915 ad
3631 3863 3854 3932 quanta

2196 3953 2349 4008 bona
2379 3968 2481 4024 per
2508 3950 2913 4007 tribulationes
2945 3948 3328 4021 pervenerint.
3359 3947 3626 4004 Primum
3670 3943 3855 4020 igitur

2195 4042 2451 4098 ostendit
2476 4040 2576 4096 ubi
2614 4041 2821 4095 animae
2859 4040 3156 4111 justorum
3190 4037 3329 4105 sint,
3365 4054 3500 4092 cum
3530 4037 3706 4092 dicit:
3740 4041 3854 4094 Ju-

2193 4137 2416 4188 storum
2447 4132 2660 4186 anima:
2690 4130 2748 4184 in
2771 4144 2951 4184 manu
2977 4128 3079 4182 Dei
3103 4131 3256 4181 sunt.
3292 4127 3400 4181 Sed
3431 4141 3626 4181 nonne
3648 4125 3854 4180 omnia

2196 4225 2336 4277 sunt
2382 4222 2440 4276 in
2473 4237 2649 4275 manu
2703 4218 2847 4274 Dei?
2878 4218 3027 4272 Sunt
3073 4216 3297 4287 utique,
3341 4215 3440 4271 sed
3471 4211 3583 4270 alio
3616 4213 3853 4288 alioque

2196 4310 2388 4366 modo.
2421 4310 2630 4364 Manus
2647 4307 2863 4380 quippe
2887 4306 2985 4362 Dei
3011 4305 3228 4361 dicitur
3245 4303 3332 4360 vel
3356 4307 3616 4376 potestas
3639 4303 3766 4372 Dei,
3790 4303 3852 4359 in

2195 4416 2313 4472 qua
2359 4399 2484 4454 sine
2528 4397 2858 4470 exceptione
2891 4399 3030 4450 sunt
3059 4393 3288 4461 omnia;
3322 4418 3348 4443 ‹‹
3383 4393 3523 4465 quia
3555 4393 3615 4447 in
3664 4405 3850 4450 manu

2193 4489 2321 4560 ejus
2340 4491 2478 4543 sunt
2499 4503 2701 4542 omnes
2719 4487 2864 4541 ﬁnes
2881 4488 3044 4540 terra:
3068 4484 3238 4554 (Psal.
3261 4482 3435 4554 xcrv;)
3460 4505 3486 4532 ››
3510 4481 3599 4536 vel
3623 4499 3798 4554 pcena
3817 4498 3853 4538 ι

2191 4577 2306 4632 Deo
2357 4576 2593 4643 inﬂicta,
2629 4599 2654 4624 «
2691 4591 2922 4641 manus,
2971 4573 3166 4645 inquit
3207 4571 3339 4638 Job,
3388 4570 3625 4627 Domini
3658 4571 3853 4644 tetigit

2196 4682 2290 4721 me
2320 4667 2464 4735 (Job.
2497 4667 2640 4733 xxx.)
2673 4687 2700 4714 ››
2733 4663 2832 4718 Vel
2864 4661 3144 4734 protectio
3189 4661 3312 4729 Dei,
3345 4660 3498 4714 unde
3525 4659 3847 4731 propheta:

2195 4777 2222 4804 ‹‹
2257 4754 2486 4820 Manus,
2519 4752 2732 4823 inquit,
2766 4750 2998 4806 Domini
3040 4752 3163 4804 erat
3212 4764 3468 4813 mecum,
3509 4745 3853 4802 confortans

2194 4859 2286 4897 me
2332 4842 2548 4911 (Ezech.
2581 4840 2688 4911 III.)
2725 4863 2751 4889 ››
2799 4838 2892 4894 Sic
2941 4855 3096 4912 ergo,
3131 4838 3338 4893 fratres
3382 4834 3516 4902 mei,
3542 4835 3850 4905 justorum

2195 4930 2401 4986 anima:
2433 4934 2570 4986 sunt
2599 4929 2658 4983 in
2690 4945 2869 4983 manu
2919 4927 3040 4994 Dei,
3084 4925 3362 4998 quoniam
3396 4929 3534 4980 sunt
3563 4923 3622 4977 in
3657 4928 3854 4994 prote-

2192 5020 2383 5076 ctione
2411 5018 2531 5074 Dei.
2583 5018 2742 5084 Quod
2793 5033 3086 5088 exponens
3135 5015 3375 5071 subdit:
3411 5016 3474 5068 Et
3521 5029 3632 5068 non
3663 5020 3854 5083 tanget

2195 5107 2318 5162 illos
2349 5112 2673 5162 tomncntu-m
2705 5106 2896 5158 mortis
2927 5107 3170 5173 aeternae,
3201 5101 3290 5158 vel
3321 5104 3683 5156 tormentum
3719 5117 3856 5156 ma-

2194 5195 2352 5264 litiae,
2387 5195 2540 5268 quod
2573 5193 2794 5249 scilicet
2825 5192 3068 5248 debetur
3098 5190 3332 5247 malitia:
3365 5191 3756 5263 reproborum
3793 5188 3852 5244 in

2195 5289 2541 5358 perpetuum
2573 5282 2900 5356 punienda.
2933 5281 3157 5336 Animae
3184 5279 3367 5354 igitur
3378 5282 3680 5352 justorum
3710 5283 3855 5334 sunt

2193 5373 2394 5447 procul
2445 5370 2620 5429 dubio
2677 5370 2735 5426 in
2791 5370 3120 5428 coelestibus
3177 5375 3404 5426 aeternas
3461 5365 3852 5425 beatitudinis

2193 5462 2624 5528 mansionibus,
2657 5477 2782 5532 qua:
2816 5460 2888 5515 ab
2919 5459 3084 5516 initio
3107 5460 3190 5516 eis
3211 5461 3548 5533 praeparatae
3573 5463 3736 5523 sunt,
3761 5455 3848 5513 di-

2193 5557 2355 5613 cente
2376 5553 2638 5611 Domino:
2657 5571 2684 5603 ‹‹
2704 5549 2770 5608 In
2781 5551 2954 5610 domo
2966 5549 3153 5610 Patris
3165 5549 3280 5610 mei
3293 5548 3633 5608 mansiones
3644 5545 3847 5607 multa
