4002 6078
169 236 350 302 1653

1321 241 1697 309 HOMILI/E.
1730 275 1808 295 -ιι
1851 243 1931 309 II.
1977 246 2079 311 DE
2122 246 2475 313 SANCTIS.

3437 250 3591 317 1534

189 368 1024 449 sunt(Joan.xnv).»Ubi‘utique
1043 372 1220 432 sunt?
1241 372 1300 433 in
1314 392 1494 433 manu
1506 375 1835 447 Dei,omnia
1860 379 1917 448 Α
1945 379 2060 437 nisi
2089 398 2216 455 qua;
2247 380 2582 441 carnalibus
2612 380 2798 441 oculis
2824 380 3040 441 vident.
3060 380 3130 439 Et
3148 379 3278 441 ideo
3306 378 3431 443 sola
3447 382 3592 443 visi-

186 462 345 521 bona
373 467 430 520 et
448 463 715 535 jucunda
744 463 829 521 eis
858 463 1245 538 largientis,et
1272 466 1471 523 omnia
1491 466 1647 524 mala
1665 471 1722 524 et
1740 466 1840 524 tri-

186 551 302 609 stia
329 552 403 608 ab
432 553 518 609 eis
546 553 864 610 auferentis
883 553 1055 626 juxta
1074 553 1220 610 illud
1255 571 1267 611 :
1303 577 1331 605 ‹‹
1354 556 1661 630 Absterget
1679 557 1835 614 Deus

184 658 422 698 omnem
454 641 774 714 lacrymam
796 643 869 699 ab
891 642 1076 699 oculis
1097 646 1518 714 sanctorum,et
1536 662 1697 702 mors
1718 664 1833 704 non

183 739 296 797 erit
325 739 602 813 amplius,
657 756 847 814 neque
883 740 1098 809 luctus,
1149 759 1338 815 neque
1395 742 1616 800 clamor
1643 745 1828 818 (Apoc.

179 832 357 902 111).»
387 829 611 886 Animas
639 846 773 887 vero
803 831 1181 903 reproborum
1204 831 1405 904 procul
1435 833 1613 890 dubio
1635 835 1696 889 in
1718 852 1834 907 poe-

179 919 276 977 nis
305 919 585 994 gehennm
616 924 894 993 perpetuo
923 920 1464 994 cruciantur,quam
1491 923 1704 980 subtus
1723 926 1832 980 ter-

179 1024 308 1066 ram
337 1009 652 1078 credimus,
685 1008 914 1066 dicente
943 1010 1230 1083 Propheta
1263 1028 1277 1067 :
1311 1034 1339 1063 ‹‹
1372 1012 1658 1069 Liberasti
1697 1014 1829 1070 ani-

178 1112 341 1155 mam
389 1115 581 1155 meam
632 1115 701 1155 ex
746 1098 1007 1157 infernos
1052 1100 1312 1157 inferiori
1342 1102 1509 1174 (Psal.
1542 1106 1761 1172 Lxxxv).
1793 1125 1822 1155 »

178 1190 360 1262 Cujus
390 1189 450 1245 in
477 1188 689 1246 Silicim
720 1189 1020 1246 montibus
1057 1194 1405 1262 perpetuum
1452 1190 1647 1264 ignem
1694 1208 1826 1248 eru-

178 1278 520 1336 ctuantibus
563 1277 736 1334 multi
783 1294 912 1335 esse
958 1282 1291 1348 autumant,
1323 1297 1389 1336 eo
1419 1281 1574 1353 quod
1615 1280 1825 1338 animm

178 1376 377 1434 multa
409 1377 789 1451 reproborum
818 1395 852 1433 a
882 1378 1247 1434 daemonibus
1279 1378 1401 1435 illic
1421 1379 1632 1436 deferri
1663 1381 1820 1449 visae,

174 1466 265 1525 vel
294 1466 505 1523 audite
532 1466 669 1523 sint.
702 1467 897 1523 Refert
937 1467 1095 1523 enim
1142 1467 1453 1541 Gregorius
1501 1470 1655 1542 quod
1688 1471 1824 1543 qui-

173 1556 315 1614 dam
343 1556 606 1623 eremita,
639 1556 740 1629 qui
770 1556 831 1611 in
862 1554 1062 1613 Silicia
1090 1556 1412 1625 habitabat,
1445 1558 1651 1614 viderit
1697 1558 1822 1614 ani-

173 1662 335 1703 mam
367 1644 706 1702 Theodorici
730 1645 961 1718 tyranni
973 1649 1030 1701 et
1044 1645 1301 1702 haeretici
1322 1646 1421 1719 qui
1444 1647 1821 1719 Symmacum

169 1740 228 1794 et
252 1735 517 1793 Boetium
544 1734 700 1792 viros
730 1734 1034 1811 religiosos
1055 1734 1431 1805 occiderat,in
1462 1736 1624 1793 illam
1646 1737 1820 1794 ollam
1853 1757 1900 1822 Β

167 1824 416 1883 Vulcani
449 1823 819 1898 pracipitari.
850 1825 1071 1880 Animae
1101 1841 1233 1881 vero
1272 1830 1669 1898 peccatorum,
1722 1826 1824 1899 qui

166 1920 369 1973 tamen
398 1914 460 1970 in
492 1913 857 1971 confessione
906 1918 965 1970 et
1010 1913 1368 1987 poenitentia,
1419 1919 1477 1971 et
1523 1916 1823 1989 proposito

167 2011 599 2072 emendationis
629 2012 703 2068 ab
732 2011 843 2068 hac
862 2011 979 2068 vita
1010 2011 1408 2086 migraverunt
1427 2012 1821 2087 legimus,non

170 2102 230 2160 in
281 2100 528 2169 inferno,
559 2102 661 2158 sed
709 2100 770 2157 in
819 2100 1147 2174 poenalibus
1174 2100 1317 2158 locis
1361 2103 1686 2159 secundum
1718 2104 1822 2160 Dei

170 2189 621 2264 dispositionem
668 2189 926 2264 purgari,
963 2206 1269 2264 quousque
1315 2192 1552 2264 penitus
1609 2192 1824 2249 exami-

171 2282 346 2347 natis,
376 2278 638 2337 ccelestes
685 2278 936 2335 subeant
980 2277 1335 2337 mansiones.
1380 2280 1542 2337 Unde
1570 2281 1824 2355 legimus

170 2368 235 2425 in
264 2368 504 2443 Dialogo
528 2369 764 2425 beatum
797 2369 1172 2437 Germanum,
1205 2370 1547 2443 Capuanum
1598 2371 1823 2444 episco-

170 2475 341 2532 pum,
400 2457 654 2515 Pascasii
713 2456 962 2514 Romani
1019 2458 1249 2515 diaconi
1298 2460 1556 2516 animam
1614 2461 1675 2516 in
1734 2477 1825 2517 ca-

167 2548 396 2606 loribus
455 2546 798 2604 balneorum
866 2546 1177 2617 invenisse,
1239 2552 1296 2605 et
1351 2565 1418 2605 eo
1476 2555 1677 2606 orante
1735 2566 1825 2606 ve-

167 2637 329 2695 niam
361 2641 737 2693 consecutam
789 2635 990 2694 fuisse.
1047 2637 1324 2712 Legimus
1376 2637 1590 2695 ibidem
1623 2656 1825 2712 quem-

166 2720 305 2783 dam
336 2725 721 2793 sacerdotem,
751 2724 920 2782 valde
956 2724 1316 2800 religiosum,
1372 2744 1507 2784 cum
1562 2728 1822 2800 quotidie

167 2823 241 2881 ad
269 2821 457 2880 vicina
489 2822 717 2891 balnea,
752 2827 1068 2896 antequam
1098 2824 1313 2882 missas
1362 2826 1593 2895 faceret,
1627 2825 1737 2882 iret
1760 2843 1822 2883 se

165 2912 445 2980 lavatum,
460 2911 756 2969 invenisse
777 2911 854 2967 ibi
880 2913 1222 2986 quempiam
1244 2916 1356 2970 sub
1377 2914 1695 2971 miserabili
1717 2914 1820 2970 ha-

166 3000 423 3074 bltu,qui
453 3000 851 3058 calceamenta
880 3002 1131 3059 detraxit
1158 3006 1215 3059 et
1244 3003 1296 3059 ei
1328 3003 1699 3060 ministravit.
1715 3003 1820 3059 Cui

168 3107 305 3173 cum
336 3090 395 3149 in
427 3089 692 3162 sequenti
742 3089 835 3146 die
883 3107 1095 3164 panem
1134 3091 1402 3161 deferret,
1436 3092 1739 3165 respondit
1765 3093 1816 3148 ei

166 3178 290 3237 illic
320 3196 383 3235 se
411 3178 753 3235 defunctum
783 3195 911 3235 esse
932 3180 1084 3236 etibi
1107 3197 1169 3237 se
1190 3180 1591 3254 paenitentiam
1625 3197 1816 3255 agere,

169 3296 278 3347 nec
308 3295 458 3352 pane
489 3276 781 3334 materiali
812 3294 1001 3353 egere,
1034 3280 1134 3336 sed
1176 3281 1375 3353 potius
1427 3280 1729 3337 sacriﬁciis
1772 3284 1830 3337 et

174 3367 559 3426 orationibus.
594 3390 622 3418 ‹‹
672 3367 825 3436 Hmc,
853 3385 1072 3441 quaeso,
1098 3367 1309 3442 inquit,
1344 3370 1433 3426 fac
1478 3387 1581 3442 pro
1612 3386 1721 3427 me.
1758 3370 1830 3425 Et

174 3454 225 3514 si
256 3455 486 3512 rediens
517 3472 610 3513 me
639 3473 757 3512 non
786 3456 1258 3520 inveneris,scias
1290 3475 1393 3531 pro
1424 3463 1580 3515 certo
1611 3475 1704 3515 me
1735 3458 1829 3514 in-

175 3532 541 3620 dulgentiam
570 3548 954 3602 consecutum
986 3547 1341 3613 esse.»Quod
1382 3552 1440 3604 et
1471 3548 1689 3604 factum
1721 3551 1826 3605 est.

196 3720 205 3729 .
248 3651 473 3713 Animae
501 3668 636 3707 vero
659 3653 1039 3725 reproborum
1062 3668 1190 3727 quae
1212 3653 1272 3709 in
1295 3655 1604 3712 tormentis
1623 3653 1836 3729 gehen-

178 3740 414 3819 nalibus
442 3740 779 3797 cruciantur
806 3741 1017 3797 timent
1033 3742 1243 3815 judicii
1276 3743 1433 3800 diem
1454 3744 1745 3815 advenire,
1768 3760 1835 3800 eo

176 3830 336 3905 quod
367 3830 855 3904 tunc,resumptis
886 3830 1254 3904 corporibus,
1281 3832 1575 3906 supplicia
1605 3847 1838 3907 quoque

177 3919 298 3993 sint
338 3919 426 3976 eis
474 3918 847 3995 duplicanda.
881 3920 1105 3976 Animae
1156 3937 1291 3977 vero
1325 3921 1639 3978 electorum
1670 3921 1836 3978 illum

179 4008 536 4081 desiderant,
553 4023 627 4065 eo
646 4009 798 4082 quod
824 4012 965 4065 tunc
986 4009 1144 4066 sicut
1173 4010 1234 4066 in
1264 4010 1481 4079 anima,
1515 4010 1600 4068 sic
1628 4010 1688 4067 in
1711 4027 1836 4068 cor-

177 4114 318 4174 pore
348 4097 471 4154 sint
498 4097 812 4171 perfectius
844 4097 1258 4172 glorificandae.
1292 4099 1456 4156 Unde
1485 4100 1740 4157 Joannes
1775 4099 1837 4155 in

178 4184 521 4263 Apocalypsi
553 4185 761 4256 :«Vidi,
796 4186 1011 4260 inquit,
1048 4187 1159 4244 sub
1208 4186 1389 4245 altare
1419 4188 1540 4258 Dei,
1574 4189 1633 4245 id
1666 4193 1754 4245 est
1778 4188 1837 4245 in

180 4280 387 4355 sancta
445 4279 783 4348 secretaque
847 4275 1066 4349 quiete,
1115 4276 1346 4334 animas
1400 4277 1839 4335 interfectorum

181 4368 420 4441 propter
467 4364 709 4421 verbum
760 4364 883 4434 Dei,
931 4366 1191 4423 dicentes
1240 4383 1378 4424 voce
1424 4383 1685 4441 magna:
1728 4367 1840 4424 Us-

76 4496 85 4503 .
182 4469 441 4529 quequo,
472 4453 719 4510 Domine
749 4457 991 4511 sanctus
1019 4458 1077 4511 et
1105 4473 1423 4525 verus,non
1449 4455 1683 4528 judicas
1713 4473 1844 4513 san-

180 4550 424 4627 guinem
456 4555 745 4621 nostrum,
777 4555 835 4609 et
865 4569 981 4609 non
1010 4552 1278 4609 vindicas
1311 4553 1382 4610 de
1410 4553 1505 4609 his
1533 4552 1633 4625 qui
1676 4553 1842 4610 habi-

181 4644 312 4703 unt
341 4640 411 4696 de
442 4640 642 4697 terra?
671 4644 740 4696 Et
765 4641 912 4698 date
932 4646 1070 4698 sunt
1087 4640 1204 4698 illis
1223 4641 1467 4715 singulae
1491 4641 1651 4699 stolae
1674 4642 1838 4699 albae.

182 4730 255 4789 Et
283 4728 506 4787 dictum
538 4733 629 4786 est
656 4728 773 4788 illis
819 4734 886 4786 ut
927 4730 1327 4804 requiscerent
1376 4735 1612 4805 tempus
1651 4732 1844 4788 adhuc

183 4827 485 4889 modicum
503 4827 687 4885 donec
704 4827 1021 4902 impleatur
1034 4845 1318 4887 numerus
1331 4829 1577 4886 fratrum
1600 4846 1843 4887 suorum

183 4916 371 4993 (Apoc.
421 4918 520 4985 vn).
574 4939 605 4968 »
654 4918 923 4975 Secundo
975 4918 1433 4985 demonstratur,
1485 4918 1643 4991 quod
1693 4916 1844 4990 justi

180 5005 295 5069 etsi
344 5004 493 5063 mori
540 5004 868 5076 videantur,
919 5010 1118 5064 tamen
1167 5005 1520 5064 aaternaliter
1565 5010 1623 5064 et
1679 5007 1844 5064 beate

1943 469 2083 528 bilia
2112 472 2282 544 proni
2307 477 2585 546 tanquam
2608 473 2859 546 pecudes
2880 471 3431 546 potunt,invisibi1ia
3455 490 3591 531 vero

1943 576 2058 616 non
2090 565 2318 631 curant,
2368 562 2511 635 quia
2558 580 2663 620 nec
2709 580 2838 619 esse
2881 562 3275 635 suspicantur.
3308 563 3375 618 Et
3395 564 3588 619 existi-

1942 657 2091 707 mata
2111 659 2207 717 est,
2241 651 2452 724 inquit,
2487 654 2719 725 afﬂictio
2742 653 2923 708 exitus
2944 652 3193 719 illorum,-
3212 652 3424 724 etquod
3440 669 3476 708 α
3493 668 3590 709 no-

1942 740 2027 797 bis
2055 748 2137 797 est
2165 742 2761 809 iter,extenniniumAc
2791 741 2842 797 si
2872 740 3131 813 apertius
3150 741 3414 797 dicatur:
3440 741 3588 798 Mor-

1937 832 2056 885 tem
2079 830 2401 902 justorum,
2429 847 2556 903 quae
2586 835 2676 887 est
2704 829 2892 887 exitus
2922 831 2995 886 ad
3027 829 3289 902 requiem
3309 834 3366 885 et
3386 830 3496 887 iter
3510 830 3583 887 ab

1937 916 2048 975 hoc
2095 918 2306 975 saeculo
2356 920 2427 975 ad
2478 919 2750 991 patriam,
2796 918 3135 976 existimant
3180 935 3308 975 esse
3351 922 3582 979 tantum

1936 1007 2333 1076 afﬂictionem,
2364 1009 2423 1064 id
2463 1013 2552 1065 est
2590 1008 2943 1082 supplicium
2973 1012 3031 1064 et
3058 1007 3491 1077 exterminium,
3522 1008 3583 1064 id

1935 1100 2024 1153 est
2051 1114 2086 1153 a
2110 1096 2227 1154 vita
2255 1096 2684 1154 alienationem.
2720 1097 2961 1154 Pulchre
3010 1096 3296 1169 siquidem
3333 1101 3578 1154 mortem

1934 1190 2270 1243 sanctorum
2317 1191 2484 1244 vocat
2526 1187 2959 1255 exterminium,
2991 1186 3211 1243 exitum
3249 1192 3306 1242 et
3349 1186 3482 1255 iter,
3513 1203 3580 1245 eo

1935 1276 2088 1349 quod
2119 1280 2260 1333 tunc
2288 1280 2493 1333 exeant
2539 1280 2597 1333 et
2644 1280 2811 1333 erant
2856 1278 2928 1332 de
2976 1293 3206 1333 carcere
3235 1276 3307 1332 ad
3338 1274 3581 1333 liberta-

1932 1366 2152 1433 tem,de
2178 1366 2388 1422 timore
2404 1366 2475 1421 ad
2498 1365 2967 1434 securitatem,de
2991 1364 3248 1421 tenebris
3270 1365 3343 1421 ad
3364 1363 3577 1434 lucem,

1932 1454 2004 1511 de
2032 1454 2271 1511 tristitia
2297 1456 2368 1511 ad
2392 1455 2847 1528 jucunditatem,
2870 1456 2941 1511 de
2971 1454 3172 1511 exsilio
3203 1454 3275 1510 ad
3304 1454 3577 1526 patriam,

1931 1545 2003 1600 de
2032 1543 2269 1601 miseria
2298 1546 2370 1601 ad
2396 1545 2794 1601 beatudinem.
2826 1546 2920 1601 Illi
2948 1553 3152 1611 autem,
3192 1542 3404 1615 inquit,
3452 1551 3583 1603 sunt

1929 1635 1991 1689 in
2042 1650 2197 1706 pace,
2230 1634 2511 1690 habentes
2569 1634 2837 1690 videlicet
2893 1650 3095 1706 pacem
3160 1634 3233 1689 ab
3302 1632 3578 1691 omnibus

1928 1727 1987 1778 et
2040 1739 2174 1779 cum
2233 1723 2508 1780 omnibus
2562 1741 2597 1779 a
2645 1723 3028 1791 daemonibus,
3082 1723 3156 1780 ab
3214 1721 3576 1790 hominibus,

1931 1829 1966 1868 a
1994 1812 2228 1886 propria
2256 1830 2449 1869 carne.
2490 1813 2623 1870 Jam
2670 1813 2887 1886 quippe
2931 1814 3003 1869 de
3047 1816 3250 1869 caetero
3299 1828 3414 1868 non
3462 1812 3579 1867 daa-

1932 1918 2136 1958 mones
2191 1905 2440 1974 possunt
2493 1919 2592 1959 eos
2646 1903 2943 1972 infestare,
3003 1902 3103 1975 qui
3163 1918 3278 1957 non
3344 1901 3578 1974 longius

1932 1990 2170 2065 relegati
2200 1996 2358 2062 sunt,
2392 2008 2497 2047 nec
2552 1991 2828 2048 homines
2874 1995 3123 2064 possunt
3149 2007 3249 2049 eos
3278 1990 3574 2060 infestare,

1931 2079 2035 2153 qui
2063 2079 2143 2135 ibi
2174 2080 2288 2137 nisi
2321 2079 2501 2154 quieti
2532 2097 2660 2137 esse
2690 2098 2807 2137 non
2834 2080 3227 2153 possunt.Nec
3246 2096 3379 2137 caro
3400 2077 3581 2137 rebel-

1929 2168 2146 2226 lionem
2178 2170 2383 2239 facere,
2407 2187 2533 2242 quis
2565 2187 2600 2226 a
2626 2169 2926 2227 voluntate
2955 2169 3198 2243 spiritus
3220 2184 3336 2225 non
3367 2168 3581 2242 poterit

1931 2258 2253 2316 dissonore.
2286 2259 2492 2315 Pacem
2552 2276 2688 2315 cum
2740 2260 3036 2328 omnibus,
3077 2275 3213 2315 cum
3271 2258 3411 2325 Deo,
3441 2274 3576 2315 cum

1931 2347 2232 2421 proximis,
2283 2365 2418 2404 cum
2476 2348 2834 2425 semetipsis.
2885 2349 3073 2404 Tanta
3102 2347 3337 2420 quippe,
3370 2346 3578 2403 fratres

1931 2437 2135 2505 mei,in
2161 2436 2263 2498 illa
2293 2439 2464 2494 beata
2490 2436 2609 2493 vita
2638 2441 2727 2494 est
2754 2436 3155 2493 convenientia
3183 2436 3338 2509 quod
3388 2435 3579 2493 sancti

1930 2526 2267 2584 nullatenus
2293 2544 2328 2582 a
2357 2526 2554 2583 divina
2580 2526 3007 2594 voluntate,nec
3037 2526 3109 2582 ab
3139 2524 3388 2582 invicem
3416 2528 3578 2599 pote-

1930 2618 2070 2670 runt
2099 2614 2419 2671 dissonare.

2000 2703 2194 2759 Tertio
2223 2720 2379 2771 vero,
2410 2708 2537 2760 octo
2584 2704 2739 2760 bona
2776 2707 3094 2777 ponuntur,
3137 2721 3265 2777 qua
3297 2703 3447 2777 justi
3477 2720 3581 2777 per

1928 2791 2336 2849 tribulationes
2374 2792 2553 2865 hujus
2598 2792 2802 2849 mundi
2852 2793 3279 2867 adipiscuntur.
3315 2792 3577 2851 Primum

1927 2885 2017 2938 est
2046 2881 2458 2938 immortalitas
2487 2881 2698 2938 animas
2730 2886 2788 2938 et
2816 2882 3098 2955 corporis,
3130 2883 3203 2939 de
3228 2899 3348 2954 qua
3372 2882 3579 2939 subdi-

1926 2974 2025 3026 tur
2057 2987 2069 3027 :
2105 2971 2221 3026 Etsi
2247 2987 2428 3027 coram
2457 2971 2769 3028 hominibus
2804 2979 3072 3028 tormenta
3097 2973 3253 3043 passi
3276 2979 3425 3039 sunt,
3457 2987 3578 3043 spes

1926 3076 2114 3117 eorum
2142 3060 2549 3116 immortalitate
2569 3061 2735 3133 plena
2762 3061 2936 3117 est.Et
2965 3077 3100 3134 spes
3128 3059 3364 3133 quidem
3392 3059 3578 3134 hypo-

1849 3133 1892 3201 C
1929 3148 2210 3205 critarum
2255 3148 2353 3221 qui
2418 3154 2654 3222 propter
2704 3166 2914 3206 vanam
2966 3133 3213 3222 gloriam
3271 3148 3580 3222 patiuntur

1932 3253 2116 3293 vacua
2146 3241 2253 3294 est.
2295 3238 2458 3294 Unde
2486 3239 2597 3295 Job
2647 3256 2660 3294 :
2712 3261 2741 3290 «
2792 3240 2955 3312 Spes,
3007 3238 3221 3311 inquit,
3269 3238 3583 3312 hypocriten

1936 3326 2148 3400 peribit
2176 3327 2310 3397 (Job.
2346 3327 2487 3399 vm).
2521 3349 2549 3377 »
2581 3327 2725 3400 Spes
2750 3344 2884 3384 vero
2905 3329 3226 3400 justorum,
3259 3327 3361 3401 qui
3408 3344 3585 3402 prop-

1935 3420 2026 3472 ter
2079 3416 2265 3472 Deum
2325 3416 2649 3489 patiuntur,
2697 3416 2971 3473 desiderii
3015 3417 3105 3473 sui
3154 3420 3588 3490 consequentur

1939 3503 2387 3577 plenitudinem,
2419 3507 2698 3578 quoniam
2747 3528 2777 3556 ‹‹
2823 3507 3120 3581 absterget
3167 3507 3322 3563 Deus
3351 3522 3589 3562 omnem

1937 3593 2257 3667 lacrymam
2306 3595 2379 3651 ab
2420 3594 2606 3651 oculis
2636 3599 2998 3662 sanctorum,
3030 3600 3141 3651 etc.
3174 3596 3353 3669 (Apoc.
3387 3598 3529 3665 xxx.)
3560 3617 3590 3646 ››

1942 3681 2277 3739 Secundum
2306 3698 2440 3738 vero
2487 3686 2577 3739 est
2622 3683 2954 3739 divinorum
3001 3682 3415 3755 multiplicatio
3445 3672 3597 3756 pm;

1944 3769 2220 3839 miorum,
2279 3771 2351 3827 de
2408 3788 2526 3843 qua
2582 3772 2873 3828 subditur:
2935 3774 3000 3828 In
3050 3774 3245 3845 paucis
3290 3772 3495 3838 υεωαιὶ,
3526 3773 3591 3828 in

1942 3861 2129 3916 multis
2158 3860 2289 3916 bene
2315 3860 2688 3932 disponentur.
2720 3860 2837 3916 Hoc
2883 3864 2972 3917 est
3019 3861 3176 3933 quod
3225 3860 3308 3917 ait
3351 3862 3593 3932 Aposto-

1944 3947 2037 4005 lus
2070 3963 2117 4004 τα
2138 3948 2423 4005 Existimo
2452 3949 2608 4020 quod
2639 3966 2755 4005 non
2786 3953 2927 4005 sunt
2954 3949 3255 4022 condigna:
3287 3948 3590 4021 passiones

1946 4037 2124 4109 hujus
2152 4037 2455 4109 temporis,
2484 4038 2554 4092 ad
2592 4037 2849 4092 futuram
2879 4036 3125 4110 gloriam
3157 4054 3284 4110 quae
3318 4035 3592 4093 revelabi-

1944 4129 2043 4183 tur
2068 4125 2129 4181 in
2160 4125 2329 4181 nobis
2349 4125 2521 4193 (Rom.
2550 4124 3041 4194 vm).»Passiones
3069 4126 3225 4182 enim
3254 4128 3590 4198 praesentes,

1947 4213 2410 4288 paucae,modic¢e
2440 4218 2498 4270 et
2528 4218 2947 4271 momentaneaa
2994 4220 3163 4285 sunt;
3194 4215 3435 4287 praemia
3460 4230 3594 4272 vero

1948 4302 2154 4372 multa,
2188 4302 2447 4376 ingentia
2474 4305 2531 4358 et
2560 4307 2773 4359 aeterna
2801 4303 3263 4360 erunt.Tertium
3294 4307 3383 4360 est
3413 4303 3600 4376 digni-

1947 4395 2058 4461 tas,
2084 4392 2156 4449 de
2176 4408 2295 4464 qua
2323 4391 2599 4448 subditur
2633 4407 2646 4447 :
2681 4391 2951 4460 Quoniam
2979 4393 3117 4448 Deus
3148 4394 3396 4463 tentavit,
3427 4392 3484 4449 id
3519 4399 3601 4449 est

1953 4480 2220 4552 probavit
2250 4480 2392 4546 illos,
2424 4487 2478 4536 et
2508 4481 2719 4536 invenit
2744 4480 2874 4537 sllos
2901 4481 3093 4553 dignos
3139 4497 3215 4537 se.
3247 4480 3393 4545 Quia
3438 4496 3602 4538 nam-

1954 4586 2069 4642 que
2094 4587 2200 4642 per
2228 4569 2450 4626 multas
2478 4568 2832 4626 tentationes
2861 4587 2895 4625 a
2923 4569 3040 4627 Deo
3070 4570 3327 4641 separari
3358 4585 3475 4626 non
3499 4585 3601 4642 po-

1949 4662 2207 4727 tuerunt,
2242 4659 2370 4715 ideo
2410 4656 2571 4731 digni
2605 4663 2744 4714 sunt
2768 4658 3015 4725 meritis,
3047 4662 3341 4731 quatenus
3366 4658 3438 4715 ad
3472 4661 3601 4715 tan-

1952 4751 2074 4803 tam
2105 4747 2480 4820 praemiorum
2510 4745 2861 4819 dignitatem
2891 4747 3302 4815 sublimentur,
3326 4750 3392 4804 ut
3426 4744 3603 4803 amici
3634 4735 3653 4745 “

1956 4835 2179 4908 ﬁliique
2205 4836 2305 4895 Dei
2338 4836 2457 4893 sint
2487 4840 2544 4891 et
2573 4841 3074 4910 nuncuparentur,
3110 4858 3138 4888 «
3167 4836 3434 4893 Heredes
3479 4833 3605 4906 qui-

1951 4925 2086 4980 dem
2116 4924 2241 4994 Dei,
2272 4925 2602 4981 cohaeredes
2652 4929 2848 4981 autem
2890 4925 3103 4982 Christi
3134 4924 3315 4999 (ibid.)
3348 4946 3377 4976 »
3422 4926 3605 4991 Quar-

1953 5017 2081 5069 tum
2113 5029 2245 5069 vero
2276 5013 2682 5085 bonum,quod
2715 5012 2901 5070 sancti
2927 5030 3031 5087 per
3046 5012 3453 5070 tribulationes
3482 5010 3608 5069 adi-

177 5093 547 5162 vivunt,cum
580 5095 895 5153 subditur:
932 5095 1054 5154 Vidi
1080 5104 1211 5153 sunt
1252 5096 1425 5153 oculis
1468 5097 1853 5167 insipientium
1960 5100 2638 5174 piscuntur,omnimoda
2666 5106 2756 5159 est
2786 5103 3102 5175 munditia,
3122 5104 3193 5159 de
3226 5120 3344 5176 qua
3370 5102 3615 5174 subjun-

178 5185 350 5252 κυνί,
382 5191 432 5240 et
462 5185 785 5241 existimata
831 5192 911 5241 est
958 5186 1190 5258 afﬂictio
1236 5186 1422 5241 exitus
1471 5185 1715 5241 illorum.
1759 5184 1855 5241 Illi
1957 5190 2117 5263 gitur
2150 5207 2163 5246 :
2198 5198 2463 5263 tanquam
2493 5207 2696 5246 aurum
2744 5193 2806 5249 in
2845 5192 3070 5263 fornace
3095 5194 3349 5264 probavit
3381 5208 3468 5249 eos
3497 5191 3617 5246 Au-

182 5287 371 5339 autem
397 5288 529 5337 sunt
559 5282 616 5338 in
641 5297 795 5355 pace.
819 5282 996 5339 Porro
1024 5280 1372 5355 insipientes
1401 5279 1622 5337 habent
1653 5278 1853 5338 oculos
1961 5295 2093 5334 rum
2126 5295 2230 5351 per
2258 5278 2553 5335 fornacem
2601 5279 3003 5339 Examinatum
3050 5281 3320 5338 redditur
3345 5285 3404 5337 et
3450 5294 3623 5337 mun-

182 5374 421 5427 tantum
451 5370 805 5443 corporales,
829 5387 978 5444 quos
1010 5370 1228 5427 habent
1256 5373 1315 5425 et
1344 5369 1517 5425 bruta
1548 5368 1850 5439 animalia,

1961 5368 2103 5425 dum
2138 5366 2220 5423 sic
2252 5372 2310 5423 et
2338 5366 2525 5424 sancti
2548 5384 2651 5440 per
2678 5367 3093 5429 tribulationes
3115 5370 3187 5426 ab
3210 5369 3371 5425 omni
3392 5363 3626 5424 macula

181 5458 535 5534 Spirituales
566 5476 700 5518 vero
728 5478 844 5517 non
877 5460 1095 5517 habent
1124 5457 1347 5525 oculos,
1374 5457 1592 5529 quibus
1615 5459 1774 5514 Deus
1796 5462 1857 5515 et
1960 5456 2371 5531 puriﬁcantur,
2406 5458 2461 5510 et
2482 5458 2722 5514 omnino
2753 5458 2907 5514 fiunt
2934 5459 3147 5518 mundi
3176 5461 3234 5514 et
3260 5456 3627 5529 puri,quate-

183 5547 444 5609 invisitis
472 5548 839 5621 videntur,et
866 5550 997 5608 ideo
1031 5547 1196 5607 nulla
1223 5545 1339 5603 alia
1368 5562 1497 5604 esse
1527 5547 1847 5613 aestimant,

1965 5564 2079 5605 nus
2107 5543 2300 5602 divino
2332 5542 2451 5601 sint
2480 5550 2797 5620 conspectu
2828 5545 3315 5621 digni.Quintum
3346 5546 3437 5601 est
3462 5552 3627 5597 acce-
