4002 6078
216 192 375 261 1857

1343 191 1718 257 HOMILLE.
1755 225 1830 237 -
1868 190 1945 254 ῙῙ.
1989 192 2092 256 DE
2137 194 2486 258 SANCTIS.

3429 192 3615 261 .1538

214 329 406 388 venda
436 327 821 397 demonstrat,
841 342 976 386 cum
993 324 1220 386 subdit:
1242 327 1688 401 Nihitopertum
1706 328 1861 402 quod
1885 327 1942 394 Α
1973 346 2172 387 secum
2203 329 2416 387 habere
2447 332 2656 403 potest,
2676 327 2821 387 nihil
2839 329 3045 388 timere
3063 333 3272 404 potest.
3291 327 3450 388 Unde
3470 333 3616 406 Apo-

213 437 332 476 non
362 420 670 488 reveletur,
698 425 754 474 et
776 420 1182 476 absconditum
1202 419 1356 493 quod
1374 436 1490 474 non
1511 420 1759 474 sciatur.
1785 419 1863 474 Ac

219 509 269 566 si
303 512 498 583 aperte
549 509 734 564 dicat:
787 509 921 565 Ideo
965 509 1190 565 debetis
1237 508 1593 581 hypocrisim
1644 525 1858 574 cavere,

218 600 361 673 quia
390 599 647 672 profecto
677 597 772 654 hic
803 598 891 654 vel
922 597 981 653 in
1004 599 1096 654 die
1115 598 1324 669 judicii
1344 597 1580 653 illorum
1605 597 1864 671 hypocri-

217 691 322 756 sis,
356 693 412 744 et
442 687 674 744 bonitas
703 691 912 754 vestra,
949 705 1076 761 qua:
1094 689 1267 743 modo
1284 692 1370 744 est
1391 687 1750 755 abscondita,
1777 690 1865 742 est

218 778 529 835 revelanda
559 780 617 833 et
659 778 1106 842 remuneranda,
1159 777 1411 848 quando,
1437 777 1607 848 juxta
1648 776 1862 830 Danie-

216 869 357 938 lum,
393 891 420 918 «
446 867 671 923 sedebit
691 869 955 923 vetustus
972 867 1222 932 dierum,
1241 870 1298 922 et
1313 865 1444 920 libri
1469 865 1649 937 aperti
1669 869 1858 933 erunt,

216 962 276 1014 et
305 955 502 1013 omnia
547 955 823 1011 omnibus
868 955 1409 1010 manifestabuntur
1459 955 1624 1026 (Dan.
1675 954 1796 1024 vn).
1831 975 1861 1005 κ

214 1047 374 1106 Nihil
411 1045 590 1120 igitur
619 1045 782 1116 mali,
813 1045 956 1101 adeo
975 1045 1146 1100 modo
1179 1049 1266 1101 est
1288 1049 1556 1116 opertum
1576 1042 1862 1098 velamine

217 1135 636 1204 simulationis,
670 1137 826 1208 quod
857 1153 974 1191 non
1007 1133 1311 1200 reveletur,
1344 1133 1432 1189 vel
1459 1133 1553 1189 hic
1577 1133 1861 1188 sacerdoti

214 1243 320 1300 per
349 1225 772 1282 confessionem
804 1225 876 1280 ad
898 1223 1146 1293 veniam,
1170 1222 1258 1278 vel
1290 1223 1348 1278 in
1373 1224 1568 1278 futuro
1586 1221 1862 1278 omnibus

214 1333 319 1391 per
334 1313 826 1372 conscientiarum
846 1313 1255 1369 revelationem
1273 1312 1345 1367 ad
1363 1316 1700 1384 perpetuam
1725 1328 1862 1368 con-

213 1405 527 1462 fusionem.
561 1402 836 1474 Nihilque
866 1402 1003 1458 boni
1030 1402 1114 1458 sic
1132 1402 1303 1457 modo
1321 1406 1409 1457 est
1425 1400 1856 1468 absconditum,

213 1512 321 1569 per
348 1493 542 1568 gloriae
572 1491 766 1548 inanis
788 1492 1182 1562 evitationem,
1202 1492 1352 1563 quod
1375 1508 1488 1546 non
1513 1489 1750 1557 sciatur,
1769 1488 1858 1544 vel

213 1583 332 1652 hic,
365 1582 454 1640 vel
485 1583 544 1638 in
578 1582 795 1650 futuro,
818 1581 890 1636 ad
915 1580 1465 1637 remunerationem.
1488 1585 1662 1636 Borro
1683 1595 1858 1651 opera

1977 419 2193 488 stolus;
2252 443 2280 470 «
2314 419 2372 476 Si
2421 420 2575 476 Deus
2633 438 2735 493 pro
2793 421 2985 490 nobis,
3031 422 3163 494 quis
3216 425 3417 478 contra
3471 423 3615 478 nos?

1975 511 2157 583 (Rom.
2191 509 2348 581 vm)?
2383 532 2411 559 »
2440 512 2518 565 Ac
2549 510 2596 566 si
2629 515 2825 582 aperte
2852 511 3035 566 dicat:
3062 510 3120 566 Si
3145 512 3298 567 Deus
3321 527 3422 584 pro
3445 511 3615 567 nobis

1974 605 2080 666 est,
2114 604 2170 654 et
2201 599 2248 654 si
2280 601 2412 671 quis
2441 600 2706 654 videatur
2735 616 2862 654 esse
2893 604 3092 654 contra
3122 617 3248 670 nos,
3281 604 3477 654 tamen
3511 617 3614 672 pro

1974 690 2143 744 nobis
2161 694 2268 757 est,
2295 689 2434 744 dum
2454 707 2520 745 ea
2545 706 2671 761 quze
2688 690 2878 757 infert,
2900 707 3015 744 non
3033 689 3221 744 solum
3239 707 3350 744 non
3376 690 3611 759 obsunt,

1974 779 2074 834 sed
2109 777 2283 833 etiam
2333 785 2580 850 prosunt
2623 778 2810 834 nobis.
2862 779 3022 834 Unde
3053 784 3110 834 et
3158 779 3440 850 scriptum
3495 784 3611 837 est:

1977 889 2005 918 «
2037 867 2144 933 Qui
2176 867 2347 920 timet
2379 867 2583 933 Deum,
2620 865 2764 920 nihil
2797 866 3106 937 trepidabit
3137 866 3342 936 (Eccli.
3367 868 3610 940 Ἀκμὴ.»

1973 959 2042 1012 Et
2075 955 2490 1032 Philosophus:
2537 955 2643 1021 Qui
2695 955 2862 1010 timet
2892 955 3093 1023 Deum,
3129 955 3274 1011 nihil
3327 957 3511 1011 timet.
3546 959 3615 1012 Et

1973 1046 2072 1118 qui
2105 1045 2272 1100 timet
2301 1046 2507 1111 Deum,
2538 1045 2734 1099 omnia
2765 1044 2970 1100 timent
3000 1062 3154 1100 eum.
3189 1044 3295 1110 Qui
3323 1061 3457 1100 vero
3497 1063 3612 1102 non

1969 1135 2140 1190 timet
2195 1135 2401 1199 Deum,
2449 1134 2616 1188 timet
2664 1134 2879 1189 omnia.
2933 1135 3152 1205 Itaque,
3214 1133 3422 1189 fratres
3475 1133 3610 1203 mei,

1973 1226 2157 1280 Deum
2189 1240 2365 1295 super
2395 1223 2592 1278 omnia
2623 1223 2911 1278 offendere
2955 1223 3290 1290 timeamus,
3331 1224 3610 1294 quoniam

1972 1315 2019 1369 si
2044 1315 2226 1370 Deum
2241 1311 2545 1368 nobiscum
2565 1311 2870 1377 habemus,
2891 1311 3036 1366 nihil
3053 1313 3258 1368 timere
3271 1329 3607 1385 possumus:

1971 1404 2243 1470 scientes,
2277 1403 2325 1458 si
2358 1403 2510 1456 Deus
2541 1401 2884 1456 timentibus
2916 1419 2977 1456 se
3009 1401 3255 1473 ﬂagella,
3285 1401 3610 1460 tribulatio-

1971 1509 2190 1565 nesque
2219 1491 2505 1564 permittit
2535 1490 2782 1556 evenire,
2833 1495 3030 1546 tamen
3059 1507 3158 1546 eas
3187 1491 3246 1545 in
3274 1491 3494 1547 bonum
3526 1493 3609 1548 fa-

1969 1582 2082 1639 ciet
2111 1582 2194 1638 eis
2223 1579 2542 1654 provenire.

213 1673 276 1730 in
307 1671 583 1740 tenebris,
638 1670 726 1726 vel
759 1669 1022 1770 latibulis
1073 1670 1246 1738 facta,
1280 1673 1420 1724 sunt
1466 1668 1710 1724 occulta.
1744 1668 1855 1723 Vo-
1887 1705 1935 1770 B
2041 1671 2318 1744 Sequitur
2355 1687 2491 1742 pars
2539 1669 2728 1735 tertia,
2761 1670 2817 1724 in
2853 1685 2971 1740 qua
3017 1671 3378 1726 demonstrat
3424 1673 3607 1728 Deum

213 1763 471 1820 luntates
489 1777 721 1834 quoque
737 1759 1001 1816 cordium
1019 1763 1156 1815 sunt
1171 1758 1537 1824 occultiores,
1578 1757 1855 1814 intentio-

211 1869 320 1909 nes
349 1855 406 1908 et
433 1852 580 1906 fines
607 1849 972 1905 voluntatum
999 1852 1140 1903 sunt
1170 1847 1579 1904 occultissima:
1600 1864 1612 1901 :
1635 1863 1760 1918 qua:
1778 1851 1860 1902 ta-

212 1958 349 1998 men
380 1939 580 1997 omnia
623 1936 1038 1994 revelabuntur
1067 1953 1100 1992 a
1130 1935 1398 2003 Domino,
1433 1959 1460 1987 «
1496 1935 1596 2008 qui
1637 1935 1856 1990 illumi-

213 2031 381 2088 nabit
410 2026 752 2086 abscondita
781 2025 1178 2093 tenebrarum,
1212 2031 1269 2082 et
1300 2025 1697 2080 manifestabit
1725 2042 1857 2080 con-

214 2119 348 2178 silia
385 2116 651 2175 cordium
703 2118 752 2188 (Ι
779 2116 906 2170 Cor.
940 2115 1037 2188 ιν).
1075 2138 1095 2164 ιο
1133 2115 1296 2170 Unde
1327 2119 1383 2170 et
1430 2114 1658 2171 subdit:
1711 2119 1859 2184 Quo-

211 2209 378 2266 niam
403 2223 524 2281 quae
553 2207 613 2262 in
632 2205 892 2261 tenebris
915 2205 1180 2275 dixistis,
1199 2203 1294 2259 vel
1312 2204 1557 2279 fecistis,
1583 2205 1859 2259 dicentur

213 2299 280 2356 in
312 2296 550 2353 lumine.
581 2297 658 2351 Et
687 2295 841 2368 quod
869 2295 930 2349 in
951 2310 1119 2359 aure,
1149 2293 1208 2348 id
1230 2297 1320 2349 est
1349 2293 1407 2348 in
1435 2296 1654 2348 secreto
1675 2291 1852 2347 locuti

211 2385 354 2444 estis
383 2384 468 2442 vel
502 2382 719 2440 fecistis
739 2383 798 2438 in
816 2381 1568 2453 cubiculis,pra'dicabitur
1589 2383 1651 2437 in
1666 2382 1852 2448 tectis,

212 2475 270 2533 id
300 2479 390 2533 est
408 2474 620 2548 palam.
636 2473 811 2529 Juxta
827 2471 982 2528 enim
1002 2487 1222 2528 morem
1243 2471 1555 2526 Palaestinae
1573 2470 1853 2542 loquitur,

213 2565 314 2622 ubi
332 2580 626 2638 praacones
641 2563 1071 2634 desupertecta,
1091 2577 1220 2632 qua:
1238 2561 1488 2632 desuper
1505 2558 1678 2632 plana
1692 2563 1850 2627 sunt,

211 2655 286 2710 ad
316 2652 597 2726 populum
628 2651 969 2723 loquuntur.
1005 2650 1254 2705 Possunt
1273 2649 1430 2704 enim
1453 2649 1573 2704 haec
1601 2665 1668 2704 ex
1692 2652 1855 2720 parte

210 2745 282 2800 ad
317 2759 573 2816 praesens
599 2745 833 2812 tempus
861 2738 1082 2804 referri,
1117 2738 1398 2810 quoniam
1422 2741 1547 2810 qu'se
1581 2737 1851 2808 discipuli

209 2831 422 2891 Christi
456 2831 622 2904 prius
652 2829 712 2884 in
735 2828 1013 2895 tenebris,
1044 2826 1101 2883 id
1127 2831 1215 2884 est
1241 2827 1300 2882 in
1325 2827 1534 2882 umbra
1554 2842 1853 2882 carcerum

209 2926 269 2981 et
299 2934 734 2996 pressurarum,
769 2921 825 2973 et
853 2917 911 2972 in
945 2921 1165 2973 secreto
1195 2915 1374 2972 locuti
1406 2919 1564 2979 sunt,
1607 2931 1760 2970 nunc
1795 2915 1854 2969 in

210 3011 471 3070 Ecclesia
502 3025 603 3082 per
626 3008 827 3063 orbem
859 3005 1088 3080 publice
1118 3005 1524 3078 praedicantur.

283 3098 560 3173 Sequitur
583 3113 719 3170 pars
767 3077 1274 3166 secundainiqua
1323 3093 1604 3150 Dominus
1651 3091 1849 3165 prmci-
1881 3077 1924 3143 C

211 3189 302 3263 pit
348 3204 463 3244 non
511 3185 830 3253 hominem,
887 3184 987 3240 sed
1031 3183 1223 3239 solum
1270 3184 1453 3238 Deum
1500 3183 1849 3247 timendum,

210 3295 349 3336 cum
379 3277 607 3334 subdit:
642 3276 780 3332 Dico
809 3273 968 3329 vobis
995 3273 1204 3330 amicis
1221 3274 1397 3328 meis:
1415 3275 1491 3328 Ne
1506 3269 1857 3328 terreamini

209 3368 285 3426 ab
317 3367 425 3436 his,
456 3366 555 3440 qui
573 3365 845 3421 occidunt
867 3379 1096 3436 corpus,
1113 3368 1166 3418 et
1199 3368 1323 3431 post
1344 3379 1460 3417 non
1477 3361 1688 3418 habent
1709 3360 1854 3434 guid

209 3458 466 3534 faciant.
500 3455 818 3513 Ostendam
847 3458 1045 3508 autem
1075 3453 1223 3509 vobis
1253 3466 1414 3524 quem
1448 3450 1726 3506 timeatis.
1768 3451 1855 3504 Ti-

210 3555 356 3603 mete
383 3553 583 3601 autem
606 3559 738 3599 eum
757 3542 856 3616 qui
868 3546 1172 3614 postquam
1190 3540 1498 3608 occiderit,
1514 3541 1684 3595 habet
1695 3545 1852 3612 pote-

207 3640 416 3693 statem
441 3635 674 3689 mittere
694 3633 753 3688 in
765 3631 1117 3705 gehennam.
1144 3629 1202 3685 Si
1226 3631 1390 3696 bene,
1416 3630 1641 3698 fratres,
1668 3629 1854 3684 consi-

209 3725 504 3790 deremus,
542 3724 690 3778 Deus
721 3719 883 3778 solus
903 3724 991 3776 est
1016 3719 1331 3774 timendus.
1357 3719 1554 3791 Neque
1580 3717 1735 3774 enim
1758 3717 1856 3773 ho-

209 3815 420 3880 mines,
449 3827 638 3884 neque
666 3811 978 3876 daemones,
1010 3825 1200 3880 neque
1233 3808 1382 3876 ferae,
1408 3825 1595 3880 neque
1624 3824 1852 3879 serpen-

205 3908 298 3960 tes
328 3918 516 3974 neque
557 3899 672 3956 alia
718 3902 986 3955 creatura
1026 3900 1220 3969 potest
1251 3896 1421 3952 nobis
1463 3913 1686 3964 nocere,
1738 3895 1850 3951 nisi

208 3990 457 4050 Domino
489 3988 862 4062 permittente
897 4029 909 4042 .
944 3985 1106 4041 Unde
1138 4001 1244 4040 nec
1275 3983 1542 4040 diabolus
1566 4001 1742 4040 unam
1769 4003 1856 4040 so-

210 4080 329 4137 lam
363 4077 647 4136 oviculam
677 4077 785 4133 Job
819 4081 1058 4148 tangere
1078 4074 1387 4146 potuisset,
1414 4073 1523 4130 nisi
1557 4073 1720 4146 prius
1752 4091 1853 4147 po-

211 4172 480 4227 testatem
515 4184 548 4222 a
573 4165 818 4222 Domino
869 4162 1188 4236 accepisset
1231 4161 1358 4234 (Job
1382 4167 1441 4232 ι).
1476 4163 1600 4218 Νοιι
1635 4164 1692 4216 in
1723 4179 1854 4235 gre-

209 4275 344 4334 gem
376 4272 684 4330 porcorum
717 4253 907 4327 potuit
939 4253 1174 4320 intrare,
1210 4251 1324 4308 nisi
1345 4251 1591 4307 Domino
1613 4252 1854 4324 permit-

210 4350 370 4404 tente
398 4349 609 4412 (Marc.
644 4347 722 4412 v).
761 4363 789 4392 «
815 4341 940 4398 Non
971 4340 1126 4396 enim
1158 4344 1247 4395 est
1267 4343 1525 4412 potestas
1547 4340 1659 4395 nisi
1685 4358 1718 4396 a
1739 4341 1854 4396 Deo

1965 1763 2144 1819 etiam
2179 1778 2314 1817 cum
2345 1760 2554 1815 timore
2595 1758 2978 1831 diligendum,
3022 1776 3155 1814 cum
3199 1760 3604 1834 subjungitur:

1964 1854 2157 1908 Nonne
2174 1851 2415 1925 quinque
2427 1864 2688 1918 passeres
2705 1854 2945 1903 reneunt
2958 1849 3257 1919 dipondio,
3281 1849 3338 1904 id
3359 1853 3448 1906 est
3469 1851 3609 1906 duo-

1965 1941 2077 1996 bus
2089 1941 2342 2008 assibus,
2357 1945 2413 1994 et
2425 1955 2656 1993 nnusesc
2670 1936 2792 1992 illis
2810 1954 2925 1992 non
2940 1944 3022 1994 est
3038 1940 3101 1993 in
3113 1937 3396 1994 oblivione
3412 1955 3608 1995 coram

1965 2035 2116 2086 Deo?
2143 2031 2328 2086 Nolite
2359 2045 2494 2099 ergo
2527 2027 2750 2094 timere,
2791 2026 2998 2083 multis
3032 2029 3354 2097 passeribus
3386 2027 3604 2100 pluris,

1964 2119 2215 2176 subaudi
2248 2118 2436 2190 pretii,
2473 2120 2612 2172 estis
2640 2133 2755 2172 vos.
2787 2118 2867 2171 Ac
2899 2115 2947 2172 si
2970 2117 3230 2172 dicatur:
3265 2117 3450 2173 Deum
3491 2135 3606 2174 non

1962 2208 2154 2264 solum
2187 2207 2411 2273 timere,
2444 2207 2543 2262 sed
2575 2205 2750 2261 etiam
2773 2205 3013 2279 diligere
3039 2205 3280 2275 debetis,
3309 2205 3406 2278 qui
3433 2210 3608 2264 tantae

1961 2295 2341 2369 benignitatis
2371 2299 2478 2361 est,
2509 2295 2662 2365 quod
2695 2293 2910 2350 vilibus
2942 2294 3295 2362 volatilibus,
3329 2299 3404 2361 et,
3447 2297 3603 2367 quod

1963 2387 2156 2458 majus
2187 2389 2292 2452 est,
2327 2385 2451 2440 suis
2476 2384 2975 2456 contemptoribus
2997 2383 3296 2456 providere
3317 2401 3433 2439 non
3455 2384 3602 2441 obli-

1959 2474 2324 2530 viscitur.-Et
2355 2476 2573 2546 quanto
2606 2475 2794 2543 magis
2825 2472 2994 2528 nobis
3046 2473 3431 2531 rationalibus
3477 2475 3603 2532 suis

1962 2563 2341 2619 dilectoribus
2355 2562 3100 2634 providebit,defensionem
3115 2579 3284 2618 suam
3298 2564 3605 2635 praebebit?

1962 2653 2200 2726 Mystice
2228 2668 2361 2707 vero
2391 2651 2650 2724 quinque
2682 2646 2947 2723 passeres
2978 2656 3115 2708 sunt
3145 2653 3415 2710 homines
3437 2671 3605 2710 mun-

1963 2741 2120 2808 dani,
2149 2742 2407 2814 quinque
2430 2741 2702 2796 sensibus
2728 2741 2986 2812 corporis
3008 2741 3210 2810 dediti,
3245 2741 3344 2814 qui
3366 2759 3605 2799 sursum

1961 2831 2157 2886 volant
2187 2846 2290 2902 per
2319 2830 2552 2884 inanem
2583 2828 2848 2901 gloriam,
2897 2830 3270 2901 deponuntur
3299 2831 3358 2886 in
3388 2835 3604 2888 terram

1963 2937 2066 2994 per
2095 2924 2459 2976 terrenorum
2509 2917 2901 2984 dilectionem,
2950 2919 3152 2974 vivunt
3181 2920 3251 2974 de
3281 2919 3471 2976 alieno
3502 2938 3607 2992 per

1965 3008 2368 3082 rapacitatem,
2402 3007 2714 3079 capiuntur
2745 3024 2776 3062 a
2797 3006 3028 3063 diabolo
3053 3023 3156 3079 per
3177 3008 3600 3081 deceptionem,

1961 3102 2214 3154 veneunt
2243 3095 2538 3168 dipondio,
2573 3097 2627 3151 id
2657 3099 2764 3164 est,
2796 3095 2893 3151 vili
2933 3095 3116 3168 pretio
3162 3101 3401 3152 terrente
3433 3097 3604 3170 cupi-

1963 3187 2162 3243 ditatis
2193 3189 2249 3242 et
2276 3183 2614 3257 voluptatis,
2649 3183 2708 3240 in
2731 3189 3005 3240 aeternam
3029 3185 3237 3240 anima:
3268 3189 3325 3240 et
3343 3185 3603 3258 corporis

1962 3274 2418 3330 damnationem.
2445 3274 2555 3329 Sed
2578 3274 2626 3329 si
2659 3275 2811 3329 Deus
2831 3290 3054 3329 memor
3081 3279 3170 3330 est
3185 3274 3362 3330 etiam
3393 3274 3602 3332 talium

1959 3365 2046 3421 vel
2097 3363 2182 3420 eis
2229 3362 2552 3435 corporalia
2595 3362 2860 3419 subsibia
2907 3364 3238 3435 prmbendo,
3285 3364 3376 3420 vel
3423 3363 3602 3421 etiam

1962 3452 2259 3509 multoties
2307 3451 2409 3524 pet
2456 3451 2858 3524 paenitentiam
2900 3453 2972 3506 ad
3022 3452 3272 3508 salutem
3321 3456 3601 3523 vocando,

1963 3545 2180 3614 quanto
2203 3541 2392 3612 magis
2418 3539 2677 3596 ﬁdelium
2701 3558 2964 3607 suorum,
2981 3541 3080 3614 qui
3101 3542 3150 3597 ei
3166 3529 3398 3615 semper
3417 3544 3605 3600 adhae-

1962 3635 2111 3696 rent,
2145 3647 2276 3686 eum
2308 3635 2426 3685 toto
2457 3630 2627 3686 corde
2657 3629 2930 3702 diligunt,
2955 3635 3013 3686 et
3039 3630 3090 3686 ei
3106 3631 3166 3686 in
3197 3631 3470 3689 omnibus
3501 3635 3603 3690 ob-

1961 3719 2328 3793 temperant?
2373 3719 2488 3775 Sed
2545 3721 2604 3774 ei
2652 3718 2871 3791 capilli,
2918 3719 3127 3792 inquit,
3177 3723 3354 3777 vestri
3395 3724 3608 3792 capitis

1963 3827 2158 3866 omnes
2184 3811 2487 3864 numerati
2513 3815 2666 3862 sunt.
2699 3811 2777 3863 Ac
2807 3809 2852 3863 si
2895 3809 3076 3864 dicat:
3112 3811 3238 3865 Non
3279 3809 3601 3882 hominem,

1962 3901 2061 3956 sed
2095 3899 2286 3956 solum
2318 3899 2502 3953 Deum
2537 3897 2741 3952 timere
2772 3901 2829 3952 et
2868 3896 3107 3970 diligere
3147 3899 3390 3968 debetis,
3426 3917 3460 3956 a
3489 3918 3604 3973 quo

1963 4006 2080 4044 non
2094 3987 2283 4044 solum
2297 3986 2504 4042 animae
2518 3989 2718 4040 vestrae
2734 3989 2789 4040 et
2806 4003 3046 4058 corpora
3071 3991 3279 4052 vestra,
3304 3990 3405 4044 sed
3427 3989 3603 4047 etiam

1963 4074 2233 4147 quaelibet
2251 4073 2424 4128 vestri
2441 4072 2697 4127 minisz
2712 4071 3008 4145 particula
3023 4079 3078 4128 et
3090 4093 3215 4146 qua:
3231 4076 3470 4134 abcissaa
3488 4096 3603 4136 non

1964 4163 2316 4229 sentiuntur,
2353 4178 2595 4216 numero
2627 4178 2733 4217 suo
2763 4166 3199 4218 conservantur.
3223 4163 3347 4219 Non
3381 4166 3604 4226 debetis

1964 4269 2099 4325 ergo
2113 4251 2316 4307 timere
2330 4251 2484 4322 quod
2499 4255 2706 4306 caetera
2720 4251 2942 4322 majora
2954 4251 3012 4306 in
3029 4251 3193 4307 vobis
3205 4258 3604 4324 pereant,cum

1966 4358 2070 4399 nec
2097 4339 2273 4396 etiam
2306 4339 2418 4394 ista
2441 4339 2706 4406 minima,
2731 4338 2976 4394 Domino
2998 4345 3398 4408 conservante,
3431 4345 3491 4400 in
3514 4363 3609 4404 vo-

211 4437 397 4510 (Rom.
427 4437 574 4502 xm).
613 4454 640 4481 ››
674 4431 838 4487 Unde
881 4429 1166 4485 Dominus
1215 4429 1396 4483 Pilato
1447 4429 1620 4484 dixit:
1669 4454 1694 4478 «
1731 4431 1852 4485 Non
1887 4450 1935 4514 D
1967 4431 2056 4486 bis
2078 4429 2265 4502 perire
2290 4431 2526 4498 queant,
2553 4427 2792 4499 Mystice
2813 4445 2945 4482 vero
2967 4429 3161 4499 capilli
3185 4429 3393 4502 capitis
3408 4435 3606 4504 vestri,

211 4525 461 4582 haberes
486 4525 837 4596 potestatem
879 4519 1188 4574 adversum
1238 4535 1330 4573 me
1363 4517 1566 4582 ullam,
1609 4519 1721 4574 nisi
1753 4520 1856 4575 tibi

212 4615 416 4671 datum
430 4612 741 4668 essetdesu
748 4626 852 4682 per
868 4611 922 4678 (Ι
929 4625 1064 4663 οαη.
1079 4607 1254 4677 χω.»
1273 4637 1333 4647 -
1351 4629 1378 4658 ‹‹
1393 4607 1518 4662 Νοιι
1533 4608 1858 4681 est,inquit,

213 4701 436 4760 malum
461 4701 520 4756 in
537 4699 790 4767 civitate,
807 4697 962 4770 quod
979 4714 1094 4752 non
1110 4695 1281 4752 faciat
1295 4697 1448 4752 Deus
1471 4698 1677 4768 (Amos.
1704 4699 1804 4770 ιιι).
1833 4721 1858 4747 ››

213 4790 494 4849 Omnium
525 4789 706 4862 igitur
731 4803 1030 4860 poenarum
1045 4789 1194 4840 Deus
1207 4790 1410 4840 auctor
1429 4789 1546 4854 est;
1568 4786 1860 4842 daemones

211 4897 350 4937 vero
381 4878 467 4935 vel
500 4876 789 4944 homines,
838 4872 1112 4930 ministri.
1149 4874 1310 4930 Unde
1359 4874 1644 4930 Dominus
1675 4876 1859 4948 pessi-

214 4984 381 5026 mum
444 4983 637 5040 regem
695 4964 1090 5038 Assyriorum,
1141 4979 1243 5034 per
1292 4980 1465 5035 quem
1521 4963 1860 5020 idololatras

214 5055 518 5115 Israelitas
556 5053 908 5128 ﬂagellabat,
953 5051 1176 5125 virgam
1217 5069 1386 5107 suam
1425 5056 1591 5108 vocat
1629 5053 1857 5109 dicens:

217 5146 460 5219 «Virga
489 5144 705 5200 furoris
738 5141 851 5198 mei
877 5144 1064 5198 Assur
1095 5141 1232 5212 (lsa.
1265 5140 1340 5212 χ).
1377 5162 1403 5188 ››
1435 5140 1560 5195 Non
1583 5157 1718 5214 ergo
1746 5142 1866 5197 dia-

215 5233 413 5304 bolus,
443 5251 560 5290 non
586 5233 782 5298 homo,
818 5248 932 5288 non
955 5231 1096 5299 fera,
1115 5247 1228 5285 non
1251 5245 1510 5301 serpens,
1528 5247 1640 5284 non
1667 5230 1865 5303 aliqua

215 5324 336 5382 alia
365 5326 630 5380 creatura
657 5322 920 5378 timenda
949 5324 1056 5389 est,
1093 5321 1192 5376 sed
1223 5319 1418 5392 potius
1441 5319 1596 5375 Deus
1622 5319 1782 5376 solus
1805 5320 1863 5375 in

215 5413 314 5470 his
343 5411 618 5470 omnibus
641 5411 940 5468 timendus
962 5413 1070 5476 est,
1087 5409 1184 5482 qui
1199 5425 1301 5480 per
1332 5407 1446 5462 ista
1461 5425 1607 5479 quos
1631 5408 1752 5463 vult
1771 5409 1867 5464 ﬂa-

214 5501 410 5576 gellat,
445 5506 731 5574 tanquam
767 5517 869 5574 per
899 5500 1314 5558 instrumenta.
1369 5496 1474 5562 Qui
1507 5515 1640 5570 ergo
1682 5497 1866 5555 Deum

1970 4520 2026 4575 id
2055 4523 2143 4574 est
2172 4517 2417 4573 subtiles
2431 4516 2810 4589 cogitationes
2824 4516 3223 4585 cordisvestri,
3247 4519 3403 4590 apud
3426 4525 3608 4578 Deum

1971 4610 2376 4672 numerantur,
2401 4604 2677 4678 quoniam
2693 4622 2796 4660 nec
2819 4605 3138 4672 subtilitas,
3165 4622 3268 4660 nec
3291 4607 3608 4667 multitudo

1969 4712 2195 4762 earum,
2230 4711 2531 4750 summum
2556 4693 2819 4764 judicem
2853 4692 3050 4749 fallere
3080 4699 3347 4765 possunt,
3381 4697 3480 4768 qui
3507 4715 3610 4770 pro

1970 4783 2220 4857 singulis
2251 4788 2309 4838 et
2337 4799 2439 4854 pro
2472 4783 2748 4838 omnibus
2780 4781 3219 4838 retributionem
3242 4787 3331 4839 est
3356 4786 3613 4844 redditu-

1969 4891 2091 4930 rus.
2126 4873 2184 4930 Si
2235 4889 2370 4945 ergo
2419 4877 2570 4926 Deus
2619 4888 2733 4926 non
2767 4871 2956 4927 solum
3011 4872 3161 4928 facta
3190 4877 3246 4928 et
3294 4873 3468 4941 dicta,
3509 4879 3611 4934 sed

1968 4964 2143 5019 etiam
2177 4961 2452 5017 minimas
2483 4961 2864 5034 cogitationes
2896 4961 2966 5016 ad
2991 4961 3285 5033 judicium
3335 4970 3610 5035 reservat,

1973 5057 2191 5125 quanta
2203 5050 2818 5121 diligentiadebemus,
2835 5051 3043 5107 fratres
3064 5050 3198 5117 mei,
3227 5067 3326 5107 cor
3345 5058 3613 5112 nostrum

1973 5141 2282 5208 custodire,
2313 5156 2383 5193 ne
2417 5138 2582 5193 malae
2612 5139 2698 5194 vel
2731 5157 2888 5194 vanae
2913 5140 3290 5213 cogitationes
3317 5141 3375 5196 in
3402 5159 3467 5198 eo
3489 5161 3617 5200 sur-

1974 5234 2132 5303 gant,
2165 5227 2252 5283 vel
2287 5245 2358 5282 ne
2389 5233 2695 5298 surgentes
2727 5235 3013 5298 crescant,
3044 5229 3141 5284 sed
3173 5229 3369 5284 statim
3393 5232 3619 5304 parvuli

1975 5316 2627 5390 Babylonistcneantur,
2644 5321 2701 5372 et
2713 5316 2784 5372 ad
2800 5321 3056 5387 pertram
3070 5315 3368 5373 Christum
3383 5317 3623 5375 allidan-

1975 5413 2090 5463 tur.

2049 5493 2326 5567 Sequitur
2355 5510 2491 5566 pars
2532 5501 2743 5566 quarta
2774 5495 2835 5549 in
2867 5513 2986 5569 qua
3039 5494 3320 5552 Dominus
3371 5494 3630 5553 ostendit
