4008 6072
378 230 569 297 '1359

1682 220 2081 288 RADULPIII
2118 192 2534 284 AnnnNTIs.
2594 265 2599 270 .

413 368 556 443 quid
587 383 651 424 se
680 363 1094 423 conﬁtentibus
1121 362 1211 422 vel
1251 362 1601 437 negantibus
1646 360 1726 417 sit
1764 359 2051 415 facturus.
2078 358 2137 426 Ἀ
2156 371 2220 411 se
2277 356 2755 427 angustiaverunt
2800 360 2857 412 et
2902 354 3270 413 abstulerunt
3320 353 3552 413 labores
3607 368 3819 413 eorum

413 458 678 515 Primum
711 456 893 530 igitur
937 455 1075 528 quid
1108 471 1171 511 se
1221 452 1633 510 conﬁtentibus
1684 449 1761 506 sit
1790 448 2055 508 facturus

414 545 686 614 ostendit,
721 561 856 601 cum
886 544 1115 601 subdit:
1153 544 1354 600 Omnis
1394 544 1719 616 quicunque
1763 536 2059 610 confessus

414 637 599 708 fuerit
625 651 716 691 me
747 651 948 691 coram
976 634 1314 699 hominibus,
1332 638 1385 688 et
1402 631 1592 687 Fiiius
1614 628 1868 684 hominis
1885 624 2060 697 eonﬁ-

417 728 639 784 tebitur
664 741 796 780 eum
827 739 1028 779 coram
1058 724 1284 796 angelis
1318 722 1441 776 Dei.
1478 716 1799 781 Confessio,
1852 715 2058 770 fratres

418 816 554 885 mei,
582 832 697 871 non
728 817 816 869 est
845 815 1075 868 tantum
1106 811 1243 868 oris.
1278 810 1383 878 Qui
1416 810 1574 865 enim
1605 808 1902 863 Christum
1936 802 2059 859 solo

422 921 518 963 ore
547 904 842 977 praedicat,
876 902 1090 957 fatetur
1120 902 1353 973 quidem
1377 916 1532 965 eum,
1558 898 1659 953 sed
1687 913 1805 951 non
1829 893 2064 950 conﬁte-

421 997 538 1051 tur.
572 992 736 1049 Unde
770 990 1086 1046 Dominus:
1122 1013 1149 1039 ‹‹
1184 988 1438 1061 Populus
1461 987 1555 1041 hic
1576 984 1750 1041 labiis
1773 1000 1864 1038 me
1886 982 2065 1036 hono-

424 1087 535 1151 rat,
570 1099 668 1139 cor
698 1083 892 1136 autem
925 1096 1126 1135 eorum
1155 1079 1327 1151 longe
1353 1080 1442 1132 est
1465 1094 1498 1132 a
1530 1093 1623 1131 me
1656 1073 1883 1148 (Matth.
1913 1071 2059 1137 xv).n

427 1173 538 1230 Sed
572 1176 713 1226 tunc
745 1173 834 1225 est
864 1169 1150 1225 confessio
1178 1184 1334 1234 vera,
1368 1166 1600 1238 quando
1641 1181 1757 1229 cor,
1798 1180 1883 1231 os,
1917 1175 2064 1232 opus

427 1265 568 1319 sunt
597 1260 996 1317 consonantia.
1030 1258 1155 1313 Non
1186 1257 1342 1312 enim
1374 1254 1591 1311 sufﬁcit
1620 1253 1745 1309 sola
1764 1252 1910 1307 ﬁdes
1942 1265 2067 1304 cor-

429 1352 543 1423 dis,
575 1350 689 1405 nisi
716 1348 889 1415 adsit,
923 1347 1173 1403 maxime
1203 1345 1357 1417 quod
1380 1343 1778 1400 necessarium
1800 1344 1908 1405 est,
1933 1354 2068 1393 con-

2166 445 2317 517 (Sap.
2362 447 2440 517 v),
2475 450 2581 502 etc.
2617 446 2923 513 Quoniam,
2950 445 3180 517 fratres,
3201 446 3261 503 in
3280 446 3388 503 hoc
3408 448 3656 515 mundo,
3664 449 3820 521 justi

2165 534 2512 607 spoliantur,
2565 534 2977 607 opprimuntur
3023 540 3080 590 et
3126 541 3409 592 vexantur
3438 538 3512 592 ab
3560 536 3820 609 iniquis,

2165 624 2321 679 unde
2342 623 2491 693 justi
2524 624 2820 679 multoties
2841 625 3266 681 contristantur
3283 629 3341 680 et
3362 627 3819 693 conturbantur,

2168 718 2226 769 et
2254 713 2602 779 econtrario,
2634 712 2817 785 iniqui
2844 713 2903 768 in
2929 712 3132 785 spoliis
3154 718 3208 770 et
3230 715 3823 787 oppressionejusto—

2169 818 2299 857 rum
2332 800 2677 873 gloriantur,
2712 802 2840 857 ideo
2864 802 2936 857 ad
2959 802 3419 859 consolationem
3433 804 3749 875 justorum
3771 812 3821 861 et

2170 889 2585 946 correctionem
2618 894 3012 962 peccatorum,
3046 892 3483 949 demonstratur
3517 894 3576 948 in
3602 893 3720 948 hac
3753 894 3820 949 le-

2172 980 2379 1046 ctione,
2397 979 2606 1051 primo,
2622 984 2903 1051 quantam
2918 984 3264 1052 potestatem
3269 980 3415 1052 justi
3440 998 3626 1055 super
3637 982 3821 1039 malos

2172 1066 2232 1122 in
2266 1068 2689 1124 resurrectione
2710 1069 2829 1123 sint
2850 1068 3136 1137 habituri;
3162 1071 3439 1139 secundo,
3463 1072 3611 1144 quid
3637 1071 3823 1144 iniqui

2176 1156 2295 1212 sint
2306 1157 2535 1228 passuri
2554 1182 2568 1226 ;
2582 1158 2772 1223 tertio,
2789 1156 2929 1230 quid
2943 1158 3014 1214 de
3036 1176 3144 1214 sua
3156 1159 3394 1216 miseria
3397 1159 3422 1231 j
3431 1166 3822 1234 ustorumque

2177 1245 2361 1318 gloria
2381 1246 2501 1301 sint
2522 1246 2765 1315 dicturi;
2790 1246 3051 1303 Primum
3072 1247 3253 1320 igitur
3272 1254 3557 1321 quantam
3570 1256 3825 1325 potesta~

2176 1338 2293 1390 tem
2301 1335 2449 1407 justi
2465 1353 2642 1408 super
2654 1336 2912 1392 malosin
2918 1337 3143 1408 judicio
3164 1339 3284 1394 sint
3306 1339 3562 1395 habituri
3578 1341 3825 1399 demon-

430 1440 606 1498 fessio
636 1439 776 1495 oris.
826 1438 988 1493 Unde
1018 1440 1076 1492 et
1107 1436 1328 1503 Petrus,
1382 1434 1551 1489 corde
1601 1433 1843 1488 credens
1874 1432 1931 1485 et
1972 1442 2070 1482 ore
2180 1426 3825 1504 stratur,cumdicitur:Stabuntjustiinmagnacom‘lau-

430 1545 653 1603 negans
700 1527 1019 1588 Christum.
1071 1524 1507 1582 damnationem
1558 1521 1922 1586 incurrisset,
1957 1514 2070 1571 nisi
2180 1514 2270 1569 tia
2297 1515 2568 1570 adversus
2594 1518 2800 1589 eosqui
2812 1534 2871 1572 se
2886 1520 3516 1588 angustiaverunt,etc.
3544 1522 3663 1579 Sed
3695 1540 3825 1579 cum

430 1616 1021 1694 peccatumlacrymis
1042 1614 1392 1687 poenitentia
1412 1612 1700 1668 diluisset.
1716 1610 1789 1665 Ut
1810 1608 1968 1664 enim
1991 1603 2074 1660 ait
2184 1603 2466 1694 Dominus
2497 1604 2556 1659 in
2586 1605 2894 1679 Evangelio
2923 1606 3079 1662 dicat
3100 1608 3296 1679 justos
3329 1609 3387 1663 in
3401 1608 3630 1680 judicio
3653 1628 3831 1685 super

433 1692 677 1766 l’aulus:
718 1729 745 1757 ‹‹
779 1705 961 1761 Corde
993 1703 1247 1760 creditur
1276 1703 1347 1759 ad
1373 1703 1691 1775 justitiam,
1736 1716 1833 1755 ore
1874 1701 2072 1753 autem
2105 1744 2153 1775 η
2184 1692 2492 1748 duodecim
2521 1695 2686 1751 sedes
2717 1712 3003 1762 sessuros,
3027 1702 3084 1752 et
3101 1697 3410 1754 duodecim
3432 1698 3624 1758 tribus
3645 1702 3830 1758 Israel

434 1744 677 1766 ιαυιυε.
718 1744 744 1757 ι,
781 1744 960 1761 ww...
994 1744 1237 1760 ww”...
1276 1744 1347 1759 ..ιι
1410 1744 1691 1765 “suum”,
1737 1744 1832 1755 ,ην
1874 1744 2072 1753 -.νη--
2192 1744 2492 1748 "ww---
2521 1744 2684 1751 τη--
2717 1744 3003 1762 ---η-η,
3030 1744 3410 1754 nunc“...
3436 1744 3624 1758 ..-ην
3645 1744 3830 1758 -υ,.,,,,

433 1796 721 1855 confessio
753 1796 819 1851 ﬁt
847 1795 920 1851 ad
948 1792 1196 1849 salutem
1244 1744 1423 1865 (Itoni.
1466 1793 1541 1863 Χ).
1581 1814 1608 1841 ››
1643 1790 1753 1846 Sed
1788 1805 1891 1843 nec
1930 1786 2076 1841 ﬁdes
2105 1744 2155 1810 B
2182 1782 2574 1854 judicaturos,
2595 1784 2734 1856 quid
2757 1791 2844 1841 est
2864 1787 3019 1857 quod
3046 1786 3137 1842 hic
3160 1787 3377 1843 dicitur
3394 1790 3669 1846 stabunt?
3692 1793 3846 1858 Quo-

434 1887 650 1953 cordis,
677 1901 782 1942 nec
812 1882 1099 1940 confessio
1130 1882 1268 1948 oris,
1302 1882 1627 1949 sufﬁciunt,
1661 1878 1710 1935 si
1737 1896 1852 1934 non
1877 1892 2085 1948 sequa-

435 1982 554 2045 tur,
580 1975 875 2046 sitempus
888 1972 1160 2040 adfuerit,
1186 1971 1478 2027 attestatio
1495 1968 1706 2043 operis.
1732 1970 1902 2024 Teste
1922 1965 2081 2022 enim

439 2066 676 2134 Jacobo,
712 2087 740 2115 «
773 2063 920 2118 ﬁdes
951 2062 1077 2118 sine
1102 2061 1376 2134 operibus
1397 2064 1629 2116 mortua
1650 2062 1756 2115 est.
1784 2062 2083 2113 Daemones

440 2155 598 2213 enim
631 2152 878 2209 credunt
907 2155 963 2206 et
994 2148 1452 2205 contremiscunt
1481 2150 1634 2215 (Jac,
1664 2146 1749 2216 ιι).
1784 2167 1811 2195 ››
1846 2142 2082 2200 Undein

442 2241 753 2315 Evangelio
767 2240 989 2306 dicunt,
1017 2260 1044 2289 «
1064 2237 1170 2294 Fili
1196 2237 1315 2309 Dei,
1331 2241 1396 2291 ut
1407 2236 1546 2308 quid
1559 2233 1767 2290 venisti
1791 2237 1923 2289 ante
1934 2236 2083 2288 tem-

443 2349 557 2406 pus
578 2336 848 2401 torquere
860 2327 1005 2383 nos?
1020 2350 1047 2376 ››
1063 2326 1283 2399 (Matth.
1301 2326 1483 2395 xvm.)
1499 2324 1606 2390 Qui
1625 2338 1761 2395 ergo
1781 2319 1904 2376 vult
1928 2319 2089 2375 Chri-

445 2427 603 2481 stum
632 2435 763 2475 vere
792 2416 1078 2486 conﬁteri,
1114 2432 1246 2472 cum
1279 2414 1456 2471 simul
1487 2414 1679 2479 corde,
1706 2428 1802 2468 ore
1830 2415 1886 2466 et
1914 2425 2089 2482 opere

446 2511 809 2569 conﬁteatur.
842 2507 914 2562 Et
941 2506 1117 2562 etiam
1140 2521 1334 2561 coram
1356 2503 1718 2569 hominibus,
1742 2505 1805 2555 ut
1825 2498 2091 2554 videlicet

446 2595 1087 2662 Christibumilitatem,
1116 2594 1470 2667 passionem,
1494 2607 1747 2656 crucem,
1772 2593 2093 2659 caeteraque

446 2686 807 2763 improperia
826 2685 1061 2752 Christi,
1087 2701 1192 2739 nec
1215 2683 1500 2748 conﬁteri,
1525 2698 1630 2738 nec
1649 2678 1868 2735 imitari
1889 2678 2094 2733 timeat

446 2779 537 2835 vel
562 2777 885 2834 erubescat.
911 2790 1107 2830 coram
1129 2773 1469 2829 hominibus
1481 2770 1732 2844 publice,
1751 2769 1849 2824 ubi
1873 2767 2096 2824 scilicet

448 2867 588 2925 talis
617 2863 905 2923 confessio
934 2862 1205 2936 pluribus
1236 2879 1338 2935 per
1366 2859 1696 2933 exemplum
1728 2861 1918 2930 potest
1956 2873 2093 2927 pro-

453 2959 643 3014 desse.
677 2955 744 3011 Et
772 2952 910 3026 quid
943 2952 1215 3009 Christus
1247 2952 1418 3007 faciet
1448 2950 1530 3006 sic
1562 2967 1623 3006 se
1653 2943 2097 3005 conﬁtentibus?

454 3044 833 3118 Conﬁtebitur
864 3042 1043 3099 illum
1073 3058 1271 3099 eorum
1299 3042 1525 3112 angelis
1556 3040 1680 3096 Dei.
1715 3036 1892 3104 Quasi
1914 3035 2091 3090 dicat:

2192 1872 2351 1927 niam
2377 1873 2700 1944 judicantis
2729 1879 2817 1930 est
2846 1876 3065 1945 sedere,
3099 1880 3155 1932 et
3195 1876 3475 1934 ultionem
3515 1883 3844 1939 exercentis

2194 1966 2367 2018 stare.
2404 1962 2566 2019 Unde
2596 1967 2653 2019 et
2682 1962 2752 2020 de
2783 1964 3032 2021 Phineas
3054 1964 3383 2038 perforante
3406 1975 3642 2041 propter
3662 1971 3842 2041 justi-

2192 2052 2336 2107 tiam
2386 2052 2711 2109 Israelitam
2766 2071 2900 2109 cum
2954 2054 3271 2111 Madianita
3318 2057 3731 2127 fornicautem,
3766 2061 3843 2117 sic

2195 2142 2479 2214 scriptum
2494 2148 2608 2198 est:
2626 2166 2651 2192 α
2672 2144 2842 2199 Stetit
2858 2144 3125 2214 Phinees,
3151 2150 3208 2201 et
3229 2145 3496 2219 placavit,
3520 2152 3579 2204 et
3596 2152 3844 2206 cessavit

2198 2233 2494 2303 quassatio
2528 2235 2711 2305 (Psal.
2745 2234 2853 2303 cv).
2889 2256 2917 2283 »
2949 2233 3056 2300 Qui
3098 2235 3254 2291 enim
3286 2236 3586 2308 justitiam
3618 2239 3678 2293 in
3724 2256 3845 2296 reos

2196 2326 2439 2389 exercet,
2474 2326 2629 2377 stare
2660 2322 2850 2392 debet,
2885 2328 3039 2379 stare
3064 2324 3124 2379 in
3154 2324 3387 2392 virtute,
3421 2331 3575 2383 stare
3598 2327 3657 2383 in
3682 2330 3845 2385 recti-

2198 2410 2419 2472 tudine.
2446 2416 2599 2467 stare
2632 2412 2689 2466 in
2724 2411 2932 2485 rigore.
2968 2402 3132 2470 Stare
3163 2415 3334 2471 debet
3353 2415 3412 2470 in
3435 2416 3668 2475 virtute.
3704 2418 3843 2474 Nam

2202 2500 2249 2554 si
2282 2500 2342 2554 in
2372 2500 2580 2555 vitium
2614 2502 2836 2569 defluit,
2874 2503 3167 2575 quomodo
3196 2503 3471 2561 vitiosum
3504 2506 3845 2563 damnabit?

2201 2589 2499 2653 Quomodo
2531 2591 2687 2645 enim
2720 2591 2950 2647 adulter
2978 2592 3331 2661 adulterum,
3359 2611 3570 2651 avarus
3584 2608 3844 2663 avarum,

2201 2677 2351 2734 latro
2382 2678 2667 2735 latronem
2700 2680 2979 2736 damnare
3010 2682 3238 2754 potest?
3266 2682 3401 2738 hinc
3433 2684 3662 2740 Veritas
3683 2686 3839 2741 dicit:

2206 2789 2235 2818 «
2268 2768 2376 2834 Qui
2408 2769 2533 2823 sine
2548 2773 2783 2840 peccato
2797 2774 2903 2834 est,
2921 2770 3220 2842 primusin
3244 2771 3569 2829 adulteram
3592 2774 3842 2847 lapidem

2205 2857 2402 2913 mittat
2423 2862 2617 2926 (Joan.
2641 2862 2779 2927 VIII).
2806 2881 2834 2910 »
2851 2860 3015 2915 Stare
3037 2861 3207 2917 debet
3227 2861 3283 2916 in
3309 2860 3520 2934 rigore,
3547 2867 3613 2919 ut
3631 2863 3845 2920 scilicet

2205 2947 2367 3003 nulla
2416 2947 2815 3004 misericordia
2855 2967 2888 3004 a
2929 2949 3118 3023 rigore
3162 2951 3490 3022 promeritae
3547 2954 3845 3009 sententiae

2206 3038 2556 3093 reﬂectatur.
2573 3038 2718 3093 Nam
2736 3038 3200 3112 utphilosophus
3223 3040 3335 3097 ait:
3364 3064 3390 3091 α
3406 3041 3595 3098 Judex
3615 3044 3851 3099 damna-

456 3116 692 3194 Publice
722 3133 1088 3199 conﬁtentes,
1121 3130 1351 3205 publice
1373 3130 1762 3186 conﬁtebitur.
1789 3121 2096 3181 Conﬁtebi-
2129 3116 2173 3184 C
2210 3132 2324 3195 tur,
2355 3144 2485 3183 cum
2511 3143 2725 3183 nocens
2746 3128 3085 3205 absolvitur.
3114 3151 3140 3177 »
3161 3132 3323 3186 Stare
3345 3131 3515 3187 debet
3536 3131 3596 3187 in
3624 3132 3853 3188 rectitu-

457 3229 557 3283 tur
585 3240 819 3298 quoque
847 3239 945 3278 eos
976 3222 1169 3287 corde,
1212 3237 1329 3287 ore,
1368 3236 1557 3292 opere.
1600 3217 1800 3282 Corde,
1843 3230 1942 3270 eos
1970 3216 2103 3267 tan—
2213 3215 2368 3284 dine,
2404 3220 2467 3271 ut
2513 3220 2732 3288 quanta
2762 3233 2933 3289 poena
2979 3204 3146 3273 debet
3176 3223 3233 3274 et
3263 3223 3482 3292 quanta
3530 3219 3851 3277 intentione

461 3332 641 3389 quam
698 3314 904 3369 fratres
933 3315 991 3367 et
1018 3310 1345 3366 cohazredes
1368 3325 1498 3364 vere
1526 3306 1847 3379 diligendo:
1874 3318 1991 3369 ore,
2018 3301 2105 3357 eis
2212 3305 2405 3368 debet,
2437 3306 2803 3361 damnandos
2835 3307 3091 3363 damnet.
3126 3308 3278 3363 Bene
3318 3308 3499 3381 igitur
3540 3311 3762 3366 dicitur
3786 3312 3851 3366 de

463 3403 737 3460 dicendo:
773 3424 801 3450 ((
832 3400 1055 3467 Venite,
1087 3398 1376 3454 benedicti
1410 3399 1595 3454 Patris
1639 3397 1774 3462 mei,
1826 3392 2105 3467 percipitc
2205 3394 3005 3467 j‘ustisquoniamstabuntin
3028 3398 3599 3468 magnaconstantia.
3633 3404 3694 3453 1n
3719 3416 3850 3455 cen-

463 3508 707 3565 regnum
740 3490 894 3562 quod
925 3489 1088 3543 vobis
1118 3493 1385 3559 paratum
1420 3494 1508 3542 est
1528 3489 1599 3542 ab
1632 3487 1854 3559 origine
1895 3481 2097 3538 mundi

463 3584 696 3653 (Matth.
730 3578 878 3648 xxv).
917 3602 943 3625 ››
971 3578 1173 3649 Opere,
1205 3594 1304 3631 eos
1327 3577 1383 3632 in
1408 3595 1651 3649 regnum
1676 3581 1897 3631 internae
1923 3571 2103 3628 beati—

459 3667 685 3724 tudinis
708 3666 1150 3721 introducendo.
1179 3664 1324 3731 Quid
1348 3682 1480 3721 vero
1506 3668 1763 3720 facturus
1792 3665 1868 3719 sit
1890 3679 2103 3734 negan-

462 3758 624 3813 tibus
652 3772 735 3823 se,
768 3754 998 3811 subdit:
1021 3755 1134 3825 Qui
1146 3760 1336 3810 autem
1356 3756 1661 3828 negaverit
1685 3771 1772 3807 me
1789 3768 1987 3808 coram
2007 3752 2105 3805 lio-

459 3846 731 3913 minibus,
762 3844 1079 3918 negabitur
1104 3861 1301 3899 coram
1330 3843 1569 3917 angelis
1594 3845 1713 3899 Dei.
1739 3842 1953 3897 Omnes
1977 3857 2106 3913 pro-

462 3936 612 3994 fecto
643 3933 744 4008 qui
775 3936 991 4006 negant
1024 3931 1337 4001 Christum,
1369 3932 1459 3987 vel
1500 3932 1691 3997 corde,
1726 3936 1792 3985 ut
1827 3930 2012 3985 Judaei
2046 3933 2102 3985 et

460 4024 694 4099 pagani,
726 4022 815 4078 vel
836 4038 953 4089 ore,
980 4026 1047 4077 ut
1066 4020 1387 4094 imperfecti
1412 4019 1745 4086 Christiani,
1771 4018 1870 4091 qui
1892 4019 2104 4073 timent

461 4131 566 4188 pro
594 4129 660 4169 eo
692 4111 859 4179 mori,
892 4110 979 4167 vel
1002 4128 1191 4184 opere,
1208 4110 1415 4166 utfalsi
1437 4108 1773 4177 Christiani,
1798 4107 2103 4180 quiverbis

462 4202 702 4275 quidem
716 4200 1068 4256 conﬁtentur
1089 4201 1287 4268 Deum,
1314 4200 1481 4256 factis
1501 4203 1698 4255 autem
1720 4201 1962 4271 negant;
1978 4212 2101 4252 om-

456 4307 588 4358 nes,
604 4289 869 4361 inquam,
883 4289 981 4345 isti
994 4289 1672 4362 negabunturaChristo,
1698 4286 1969 4343 similiter
1983 4301 2105 4341 cor-

463 4382 555 4449 de,
588 4395 705 4448 ore,
730 4382 787 4433 et
808 4395 1005 4451 opere:
1032 4380 1229 4447 Corde,
1255 4396 1352 4435 eos
1374 4379 1621 4435 odiendo
1640 4383 1695 4433 et
1716 4375 2101 4448 reprobando;

2213 3484 2431 3539 stantia
2460 3484 2727 3539 videlicet
2755 3484 3006 3551 virtutis,
3040 3486 3099 3540 in
3148 3488 3479 3542 constantia
3530 3488 3762 3560 rigoris,
3796 3488 3849 3542 in

2213 3576 2539 3630 constantia
2570 3574 2935 3629 rectitudinis
2961 3579 3017 3628 et
3040 3574 3274 3645 justitia
3294 3577 3644 3634 confirmati.
3671 3577 3848 3643 Tunc,

2213 3666 2421 3720 fratres
2454 3664 2590 3733 mei,
2622 3664 2732 3719 erit
2762 3667 2996 3735 tempus
3025 3665 3356 3720 exercendae
3376 3665 3623 3736 justitiee
3656 3666 3719 3723 in
3740 3682 3851 3722 ma-

2214 3754 2320 3823 los,
2355 3753 2509 3809 sicut
2540 3770 2694 3808 nunc
2741 3758 2830 3808 est
2868 3758 3099 3825 tempus
3147 3754 3477 3810 exercendae
3524 3754 3847 3812 misericor-

2213 3845 2319 3900 ὀίω
2369 3848 2425 3899 et
2471 3842 2761 3914 patientia:
2813 3842 2872 3896 in
2923 3841 3076 3898 illos.
3137 3843 3424 3899 Dominus
3476 3859 3737 3917 namque
3793 3845 3849 3901 in

2214 3934 2401 4007 primo
2460 3933 2709 3988 adventu
2759 3948 2863 3987 suo
2914 3932 3073 3987 venit
3118 3948 3321 3988 vocare
3371 3937 3707 4006 peccatores
3756 3951 3853 4007 per

2212 4021 2552 4095 patientiam
2600 4025 2657 4077 et
2706 4020 3197 4089 misericordiam;
3250 4022 3309 4077 in
3360 4023 3620 4079 secundo
3668 4023 3854 4079 veniet

2205 4112 2474 4183 judicare
2506 4115 2835 4184 peccatores
2867 4127 2968 4182 per
3006 4110 3326 4183 justitiam.
3358 4110 3451 4168 Sic
3492 4111 3640 4183 justi
3692 4129 3856 4169 exer-

2213 4205 2344 4258 cent
2401 4217 2555 4255 nunc
2612 4200 2670 4254 in
2731 4199 2917 4256 malos
2978 4199 3439 4256 misericordiam
3504 4205 3561 4256 ct
3629 4201 3858 4274 patien-

2214 4292 2381 4358 tiam,
2442 4289 2498 4343 in
2557 4290 2752 4344 futuro
2810 4306 2943 4345 vero
2991 4290 3341 4345 exercebunt
3390 4294 3621 4345 tantum
3671 4291 3857 4362 justi-

2214 4379 2357 4435 tiam
2414 4384 2471 4434 et
2539 4395 2788 4451 pmnam.
2867 4379 3031 4434 Tunc
3102 4384 3275 4434 erunt
3342 4378 3508 4435 electi
3564 4378 3649 4436 sic
3718 4396 3855 4436 con-

464 4486 583 4536 ore,
616 4467 700 4525 eis
731 4467 1009 4523 dicendo:
1040 4490 1067 4517 ‹‹
1094 4467 1543 4534 Recediteame,
1568 4464 2106 4539 operariiiniquita-
2134 4492 2180 4555 D
2206 4468 2396 4540 juncti
2430 4468 2637 4522 divinae
2667 4466 2950 4522 voluntati
3001 4467 3156 4539 quod
3190 4466 3335 4522 nihil
3376 4471 3651 4540 poterunt
3690 4467 3854 4531 velle.

461 4559 540 4617 tis
558 4560 791 4630 (Matth.
812 4558 943 4629 vn);
970 4580 998 4607 »
1022 4573 1212 4629 opere,
1244 4574 1341 4613 eos
1364 4558 1423 4611 in
1446 4557 1640 4629 ignem
1657 4560 1935 4611 internum
1961 4571 2103 4626 prae-

462 4647 780 4720 cipitando.
815 4647 1036 4719 Itaque,
1070 4647 1295 4713 fratres,
1341 4647 1725 4702 conﬁteamur
1765 4642 2095 4699 Christum:

461 4753 596 4795 eum
647 4736 820 4792 corde
864 4752 997 4792 vere
1043 4736 1328 4791 credendo
1359 4740 1414 4791 et
1445 4735 1766 4807 diligendo;
1808 4749 1927 4798 ore,
1961 4748 2096 4788 eum

460 4826 694 4899 semper
718 4825 1141 4893 benedicendo;
1195 4841 1385 4897 opere,
1430 4825 1558 4895 ejus
1606 4824 1783 4878 vitam
1817 4827 1873 4877 et
1904 4838 2096 4877 mores

459 4914 765 4976 imitando,
790 4918 1188 4987 paupertatem
1215 4918 1271 4968 et
1293 4913 1706 4981 humilitatem,
1731 4911 2093 4985 patientiam,

458 5003 824 5069 charitatem,
880 5008 1232 5074 caeterasque
1281 5004 1408 5073 ejus
1452 5002 1696 5057 virtutes
1745 4999 2094 5067 aemulando,

458 5092 704 5163 ejusque
746 5091 1047 5162 praeceptis
1096 5092 1435 5159 obediendo,
1488 5095 1778 5163 quatenus
1826 5090 1949 5162 ipse
1990 5104 2097 5144 nos

461 5179 808 5236 conﬁteatur
830 5178 890 5234 in
924 5179 1016 5234 die
1038 5180 1247 5250 judicii
1303 5187 1359 5237 et
1384 5198 1518 5237 cum
1542 5180 1760 5236 sanctis
1783 5178 1905 5235 suis
1934 5183 2097 5234 aeter-

457 5284 669 5326 norum
703 5266 1014 5342 participes
1047 5269 1221 5326 faciat
1250 5270 1617 5343 gaudiorum.
1651 5271 1854 5325 Amen.

1204 5377 1341 5434 XIX.

460 5463 845 5507 PIURlNORUM
884 5462 1222 5504 MARTYRUM.
1254 5466 1443 5505 SERMO
1475 5466 1546 5504 DE
1578 5466 1740 5504 [ΑΒΠο
1769 5465 2092 5503 S.\PlENTl.E.

529 5536 779 5593 Stabunt
784 5540 822 5609 j
828 5543 914 5593 ust
922 5538 947 5593 i
961 5538 1023 5593 in
1038 5553 1246 5608 magna
1263 5539 1587 5595 constantia
1598 5539 1868 5593 adversus
1890 5552 1982 5592 eos
2000 5537 2102 5610 qui

2214 4557 2325 4612 nisi
2357 4557 2509 4629 quod
2544 4557 2729 4611 scient
2761 4556 3072 4611 Dominum
3098 4554 3267 4611 velle.
3301 4557 3371 4611 Et
3400 4556 3547 4612 nihil
3582 4561 3855 4630 poterunt

2210 4664 2406 4703 amare
2439 4645 2549 4701 nisi
2582 4646 2736 4717 quod
2771 4644 2959 4700 sciant
2985 4645 3295 4701 Dominum
3317 4662 3537 4702 amare.
3562 4646 3731 4703 Unde
3754 4663 3851 4702 nec

2209 4754 2385 4808 super
2397 4734 2830 4790 damnationem
2847 4740 3155 4805 parentum
3180 4738 3237 4789 et
3254 4734 3578 4791 amicorum
3605 4752 3849 4792 suorum

2209 4825 2614 4890 movebuntur,
2650 4823 2751 4879 sed
2784 4823 2978 4895 potius
3004 4822 3463 4895 divinaajustitise
3485 4826 3853 4882 consentient

2207 4919 2264 4970 et
2280 4911 3049 4985 eongratulabuntur,juxta
3072 4912 3215 4968 illud
3238 4912 3582 4970 Psalmistzs:
3612 4937 3640 4963 ‹‹
3668 4914 3850 4970 Laeta-

2206 5003 2365 5058 bitur
2387 5003 2587 5073 justus
2620 5019 2753 5057 cum
2786 5002 2994 5058 viderit
3020 5002 3340 5059 vindictam
3373 5001 3567 5069 (Psal.
3606 5006 3788 5071 Lvm).
3823 5026 3847 5051 ω

2206 5092 2516 5159 Adversus,
2550 5092 2764 5164 inquit,
2793 5108 2912 5157 eus,
2936 5090 3037 5164 qui
3061 5108 3121 5147 se
3141 5091 3646 5165 angustiaverunt,
3672 5098 3731 5148 et
3752 5092 3847 5166 qui

2209 5180 2575 5236 abstulerunt
2604 5180 2832 5237 labores
2872 5197 3093 5237 eorum.
3149 5179 3464 5253 Dupliciter
3510 5182 3852 5253 angustiant

2210 5269 2349 5324 mali
2378 5270 2560 5326 bonos
2592 5270 2650 5325 in
2682 5270 2790 5325 hoc
2822 5270 3062 5338 mundo,
3094 5270 3181 5325 vel
3212 5270 3299 5326 eis
3330 5269 3487 5325 mala
3526 5269 3848 5338 inferendo,

2207 5357 2296 5413 vel
2328 5375 2528 5414 eorum
2548 5360 2697 5415 bona
2720 5359 3164 5415 contemnendo.
3196 5358 3353 5415 Licet
3374 5358 3529 5414 enim
3554 5357 3721 5415 nulla
3741 5359 3851 5415 alia

2210 5446 2364 5504 mala
2398 5449 2664 5517 inferant,
2700 5453 2892 5504 tamen
2925 5466 3023 5505 eos
3056 5446 3308 5505 multum
3332 5448 3388 5503 in
3410 5448 3541 5519 hoc,
3565 5448 3628 5504 in
3662 5453 3850 5506 mente

2210 5536 2478 5609 affligunt
2500 5543 2556 5595 et
2582 5537 2861 5609 cruciant,
2888 5539 3041 5610 quod
3071 5542 3250 5595 Deum
3276 5539 3850 5611 contemnunt,quod
