4008 6072
198 273 350 347 ωσι

1333 279 1710 344 HOMILIE.
1743 313 1822 326 —-
1850 279 1927 343 Ῑῐ.
1974 281 2076 344 DE
2122 280 2474 345 SANCTlS.

3448 276 3606 343 1562

206 415 479 474 mandata
506 412 636 488 ejus
659 411 964 487 abjiciunt,
985 430 1099 487 quo
1127 414 1304 472 verba
1350 413 1559 472 salutis
1599 433 1705 473 nec
1736 433 1843 473 au-
1872 415 1929 484 Α
1956 415 2133 481 Quasi
2164 416 2336 485 dicat,
2368 428 2485 474 non
2516 413 2707 475 solum
2741 429 2968 483 carnes,
2991 411 3093 474 sed
3138 410 3315 473 etiam
3345 429 3479 472 ossa
3507 417 3602 472 ta-

206 507 327 563 dire
354 504 578 562 volunt.
614 504 757 560 Hinc
787 504 1103 561 Psalmista
1136 523 1149 561 :
1180 528 1210 554 ί
1246 506 1565 562 Tabescere
1587 523 1680 562 me
1712 507 1847 563 fecit

203 594 360 654 zelus
390 594 734 667 meus,quia
763 593 927 650 obliti
961 599 1099 650 sunt
1126 595 1301 651 verba
1329 598 1432 650 tua
1476 595 1699 651 inimici
1732 595 1845 653 mei

208 685 373 759 (Psal.
407 684 658 755 cxvm).»
692 714 758 724 —
790 705 817 733 ‹‹
852 683 1020 740 Zelus
1052 685 1262 740 domus
1292 688 1405 740 tum
1453 686 1706 741 comedit
1752 701 1846 741 me

207 774 375 845 (Psal.
427 776 640 841 vam).
678 795 705 822 »
736 771 1059 845 Dupliciter
1102 790 1335 847 quoque
1383 775 1658 829 auferunt
1705 773 1844 829 mali

206 861 430 920 labores
442 863 763 935 justorum,
782 861 869 917 vel
891 878 1093 918 eorum
1114 863 1466 936 temporales
1486 863 1845 919 substantias

205 960 550 1034 diripienda,
573 959 658 1015 vel
697 959 926 1015 labores
970 977 1117 1032 quos
1139 960 1286 1032 justi
1328 965 1562 1033 propter
1604 978 1844 1017 conver-

205 1049 427 1106 sionem
448 1065 650 1105 eorum
679 1047 739 1103 in
771 1048 1136 1121 corripiendo
1164 1053 1221 1106 et
1251 1050 1620 1105 admonendo
1655 1050 1844 1106 susci-

204 1138 391 1212 piunt,
426 1139 630 1194 inanes
660 1138 945 1194 faciendo.
978 1139 1140 1195 Unde
1171 1139 1254 1195 eis
1285 1156 1319 1195 a
1350 1139 1595 1195 Domino
1640 1140 1843 1211 praeci-

204 1228 359 1301 pitur
386 1232 677 1300 quatenus
708 1226 1004 1300 pulverem
1037 1228 1253 1301 pedum
1285 1245 1525 1284 suorum
1550 1228 1847 1285 excutiant

203 1318 264 1377 in
292 1316 423 1374 illos
456 1317 556 1389 qui
585 1316 762 1372 verba
790 1333 992 1372 eorum
1027 1316 1284 1390 accipere
1311 1316 1644 1386 noluerunt,
1664 1318 1723 1373 in
1756 1323 1846 1373 te-

203 1415 546 1474 stimonium
577 1413 697 1471 illis
728 1415 932 1485 (Matth.
960 1416 1035 1485 x),
1072 1415 1234 1471 Unde
1285 1415 1490 1472 merito
1531 1417 1680 1488 justi
1731 1421 1847 1472 sta-

204 1507 348 1563 bunt
374 1505 435 1561 in
467 1521 681 1579 magna
706 1506 1054 1573 constantia,
1090 1505 1379 1561 sententia
1410 1507 1691 1563 adversus
1723 1525 1842 1576 eos,

205 1607 491 1679 quatenus
522 1602 674 1659 sicut
700 1601 782 1658 illi
812 1602 1039 1659 labores
1072 1607 1410 1659 sanctorum
1453 1604 1846 1673 abstulerunt,

204 1692 284 1747 ita
303 1694 358 1747 et
376 1690 603 1747 labores
625 1706 827 1745 eorum
851 1689 1495 1763 auferantur,quoniam
1520 1692 1850 1765 relinquent

204 1779 408 1838 alienis
439 1778 673 1835 divitias
703 1783 933 1846 suas,et
962 1778 1231 1852 sepulcra
1258 1797 1461 1836 eorum
1493 1782 1702 1838 domus
1725 1782 1851 1838 illo—
1878 1793 1927 1859 B

207 1881 336 1923 rum
367 1867 428 1923 in
459 1872 741 1923 aeternum
761 1866 932 1936 (Psal.
956 1868 1170 1937 xnvm).
1193 1866 1304 1922 Sed
1337 1868 1385 1923 si
1428 1869 1570 1924 forte
1611 1870 1850 1924 fecerint

207 1964 459 2039 aliquem
492 1964 713 2021 bonum
740 1964 1019 2033 laborem,
1037 1964 1334 2021 auferetur
1353 1966 1424 2021 ab
1457 1965 1641 2033 eis,nc
1663 1967 1849 2025 valeat

204 2054 287 2110 eis
316 2055 387 2111 ad
420 2052 775 2110 salutem.Et
800 2052 952 2109 sicut
984 2052 1066 2107 illi
1102 2057 1335 2109 sanctos
1353 2056 1844 2127 angustiaverant,

198 2141 281 2199 ita
307 2142 419 2216 ipsi
451 2142 511 2199 in
543 2142 829 2198 incendiis
859 2141 1304 2215 gebennalibus,
1329 2148 1385 2199 et
1414 2144 1630 2213 anima,
1651 2150 1706 2201 et
1728 2163 1848 2202 cor-

202 2249 337 2306 pore
366 2231 424 2287 in
451 2234 734 2287 aeternum
766 2232 1202 2305 angustiantur,
1228 2232 1399 2303 juxta
1424 2234 1579 2305 quod
1612 2234 1671 2288 in
1703 2236 1849 2307 Apo-

201 2320 419 2395 calypsi
449 2319 738 2377 Dominus
769 2320 913 2375 dicit
942 2321 1011 2376 ad
1047 2325 1280 2377 sanctos
1312 2332 1521 2387 suos,a
1551 2339 1849 2398 synagoga

198 2409 578 2482 rsproborum
616 2414 852 2465 vexatos
884 2426 897 2464 :
936 2430 964 2459 ‹‹
1000 2409 1259 2475 Reddite,
1295 2409 1505 2482 inquit,
1538 2410 1643 2479 illi,
1696 2413 1848 2469 sicut

198 2505 327 2580 ipsa
352 2506 609 2562 reddidit
629 2506 824 2577 vobis;
859 2511 915 2563 et
931 2506 1222 2578 duplicate
1245 2507 1503 2580 duplicia
1520 2512 1845 2566 secundum

199 2613 372 2671 opera
401 2596 549 2668 ejus.
584 2596 648 2651 ln
681 2594 885 2669 poculo
914 2597 1066 2669 quod
1116 2596 1353 2653 miscuit
1382 2598 1567 2664 vobis,
1605 2600 1847 2657 miscete

198 2683 283 2742 illi
316 2683 583 2759 duplum.
617 2685 909 2749 Quantum
939 2683 1281 2757 glorificavit
1309 2703 1390 2755 se,
1413 2692 1469 2742 et
1509 2687 1566 2742 in
1623 2688 1848 2746 deliciis

199 2771 329 2843 fuit,
361 2776 593 2830 tantum
627 2774 757 2829 date
788 2771 839 2829 ei
863 2777 1221 2829 tormentum
1254 2781 1310 2830 et
1337 2774 1561 2832 luctum
1606 2778 1843 2851 (Apocal.

198 2863 378 2936 xvm).
414 2885 443 2913 ››

270 2952 535 3011 Secundo
567 2952 1049 3008 demonstrantur
1080 2955 1334 3022 quatuor
1377 2954 1683 3026 supplicia,
1720 2974 1845 3028 quze

199 3040 427 3115 reprobi
457 3040 807 3114 generaliter
830 3040 888 3095 in
920 3038 1034 3094 alia
1061 3039 1179 3094 vita
1220 3045 1358 3096 sunt
1408 3044 1638 3113 passuri
1677 3061 1688 3098 :
1724 3045 1847 3099 Pri-

198 3149 363 3190 mum
394 3136 484 3189 est
512 3135 717 3201 terror,
750 3131 820 3187 de
860 3146 975 3203 quo
1025 3131 1300 3185 subditur
1332 3148 1344 3185 :
1378 3131 1620 3187 videnter
1653 3133 1843 3188 turba-
1876 3163 1921 3229 Ο

198 3229 404 3287 buntur
432 3232 627 3287 timore
655 3229 935 3285 horribili.
971 3229 1145 3284 Porro
1179 3227 1238 3282 in
1270 3227 1378 3283 hoc
1409 3229 1564 3300 quod
1596 3230 1848 3301 praemit-

188 3318 284 3388 tit,
306 3320 565 3388 videntes,
600 3318 756 3374 unde
786 3322 990 3373 tantus
1022 3317 1200 3373 timor
1229 3316 1313 3373 sis
1344 3317 1588 3385 eveniat,
1613 3319 1849 3375 demon-

194 3412 361 3475 strat,
385 3408 691 3480 quoniam,
715 3424 784 3462 ex
810 3406 1029 3463 visione
1063 3406 1387 3478 majestatis
1430 3409 1715 3463 tremendi
1740 3410 1847 3480 ju-

192 3498 367 3563 dicis,
397 3500 455 3553 et
484 3496 750 3553 omnium
784 3499 1119 3551 sanctorum
1153 3514 1299 3567 quos
1330 3496 1614 3552 videbunt
1646 3505 1847 3555 contra

195 3613 258 3653 se
273 3594 629 3651 sententiam
649 3593 1045 3649 damnationis
1070 3594 1334 3661 ferre;ex
1364 3593 1581 3651 visione
1613 3615 1845 3670 quoque

195 3680 547 3739 terribilium
579 3682 1159 3754 daemonum,quibus
1180 3683 1462 3739 videbunt
1485 3702 1546 3740 se
1570 3687 1747 3754 tradi;
1778 3704 1845 3743 ex

191 3770 418 3828 visione
443 3771 619 3827 etiam
652 3770 1028 3827 infernalium
1058 3776 1483 3829 tormentorum
1515 3791 1641 3847 quae
1690 3776 1844 3832 vide-

193 3861 344 3919 bunt
373 3859 485 3916 sibi
518 3864 840 3933 praeparata
868 3877 1015 3917 esse.
1051 3860 1158 3916 Sed
1209 3863 1575 3934 majestatem
1626 3864 1843 3919 summi

181 3948 410 4022 judicis
430 3952 1029 4022 sanctorumque,non
1064 3949 1175 4005 nisi
1199 3955 1330 4006 ante
1355 3951 1762 4022 judicium,vel
1786 3955 1842 4008 in

189 4043 319 4119 ipse
341 4046 567 4119 judicio
597 4048 896 4104 videbunt.
925 4048 1061 4104 Post
1082 4046 1377 4119 judicium
1410 4049 1566 4104 enim
1598 4049 1843 4106 nullate-

189 4151 307 4192 nus
336 4136 533 4192 videre
563 4140 839 4209 poterunt
867 4152 984 4192 eos.
1011 4135 1306 4208 Scriptum
1340 4140 1429 4192 est
1449 4136 1602 4192 enim
1630 4155 1641 4193 :
1669 4162 1694 4188 ‹‹
1714 4138 1842 4194 Tol-

184 4222 349 4282 latur
392 4223 613 4298 impius
665 4242 737 4281 ne
785 4224 979 4281 videat
1023 4223 1267 4297 gloriam
1318 4224 1417 4280 Dei
1450 4226 1573 4297 (Isa.
1607 4231 1777 4296 xxw).
1813 4250 1839 4278 ››

185 4311 389 4372 Sancti
418 4330 551 4369 vero
583 4313 862 4385 reprobos
907 4312 966 4368 in
1021 4311 1331 4368 tormentis
1379 4331 1611 4387 semper
1650 4316 1843 4373 videre

182 4406 482 4475 poterunt,
502 4407 797 4475 quatenus
827 4401 1089 4458 videntes
1118 4402 1530 4475 supplicia,vel
1562 4422 1689 4476 quae
1712 4423 1841 4478 pec-

1951 506 2180 562 befacit.
2216 508 2286 562 Et
2316 510 2486 579 poeta
2517 521 2531 560 :

2019 594 2224 651 lustius
2254 593 2467 650 invidia
2493 593 2642 649 nihil
2668 602 2763 663 est,
2793 609 2916 667 quae
2931 593 3185 666 protinus
3214 593 3398 664 ipsum

2091 685 2373 739 Auctorem
2399 685 2583 756 punit,
2617 685 3004 756 excruciath
3027 698 3210 740 suum.

1952 772 2023 828 Et
2052 771 2203 828 alius
2236 789 2248 826 :

2022 861 2240 917 Invidia
2268 861 2446 917 Siculi
2472 878 2583 918 non
2615 862 2868 919 invenere
2898 862 3129 933 tyranni

2023 950 2192 1023 Majas
2223 959 2567 1008 tormentum.

2167 1040 2401 1111 (HORA'I‘.
2432 1041 2600 1112 Epist.
2633 1039 2737 1095 lib.
2766 1057 2804 1108 ι,
2839 1056 2989 1096 vers.
3022 1040 3111 1108 57,
3144 1039 3261 1107 58.)

2024 1129 2287 1185 Tertium
2307 1134 2397 1185 est
2418 1129 2854 1202 pcenitentia,de
2876 1145 2993 1200 qua
3014 1125 3394 1200 subjungitur
3417 1143 3430 1181 :
3457 1127 3606 1183 intra

1949 1236 2006 1275 se
2027 1221 2357 1291 pcenitentes.
2392 1220 2542 1275 Sane
2572 1218 2822 1291 reprobi,
2856 1218 2957 1290 qui
2989 1218 3049 1273 in
3081 1217 3187 1273 hoc
3219 1215 3430 1273 seculo
3480 1233 3601 1289 pce-

1952 1307 2133 1364 nitere
2191 1308 2524 1375 noluerunt,
2559 1314 2719 1374 tunc,
2751 1307 2932 1363 velint
2962 1306 3172 1374 nolint,
3202 1306 3264 1362 in
3312 1310 3595 1362 aeternum

1954 1396 2730 1470 pmnitebuntJtlxtorquebit
2768 1397 2926 1452 enim
2957 1396 3029 1451 ab
3060 1394 3145 1451 eis
3176 1394 3602 1469 pmnitentiam,

1953 1486 2349 1559 hinc,publica
2365 1485 2632 1542 confusio
2648 1489 2995 1542 cunctarum
3014 1483 3605 1558 turpitudinum,qu¢e

1955 1576 2228 1633 omnibus
2258 1575 2511 1647 patebit;
2546 1574 2702 1642 hinc,
2735 1575 2966 1631 infinita
2995 1577 3422 1631 tormentorum
3447 1589 3610 1629 vexa-

1953 1666 2055 1720 tio.
2089 1664 2253 1721 Illius
2284 1663 2464 1737 igitur
2493 1663 2843 1736 pmnitentiaa
2871 1662 3168 1720 cruciatus
3212 1667 3374 1719 tanto
3420 1662 3610 1734 major

1956 1753 2066 1810 erit
2077 1754 2091 1808 i
2102 1753 2569 1825 nterius,quanto
2583 1753 2771 1825 major
2781 1752 2892 1808 erit
2907 1751 3160 1809 exterius
3171 1751 3607 1824 turpitudinum

1958 1844 2147 1917 pudor
2175 1843 2451 1899 omnibus
2485 1840 2889 1907 revelatarum,
2923 1845 2982 1897 et
3018 1840 3410 1914 irrogatorum
3440 1855 3607 1897 vexa-

1956 1931 2038 1986 tio
2070 1929 2513 2003 suppliciorum.
2547 1929 2835 1985 Caeterum
2868 1928 3211 2001 paenitentia
3240 1928 3341 1984 illa
3372 1928 3609 2001 penitus

1957 2019 2067 2075 erit
2096 2020 2478 2085 infructuosa,
2512 2035 2743 2091 pcenam
2777 2034 2893 2073 non
2944 2017 3238 2086 minuens,
3271 2018 3374 2075 sed
3424 2016 3611 2090 dupli-

1957 2125 2125 2176 cans;
2150 2109 2209 2164 in
2242 2108 2469 2164 inferno
2499 2107 2656 2164 enim
2688 2105 2852 2163 nulla
2878 2107 2990 2162 erit
3020 2107 3359 2179 redemptis,
3385 2109 3443 2163 et
3475 2107 3606 2165 ideo

1956 2197 2119 2254 nulla
2148 2198 2409 2253 remedia
2437 2196 2517 2253 ibi
2547 2195 2735 2253 valere
2766 2199 3059 2268 poterunt.
3078 2196 3364 2259 Quartum
3392 2199 3484 2252 est
3511 2196 3612 2253 do-

1955 2289 2044 2342 lor
2070 2287 2140 2342 de
2172 2303 2287 2359 quo
2322 2287 2606 2359 sequitur,
2639 2294 2689 2341 et
2713 2300 2838 2357 prae
2867 2287 3123 2355 angustia
3150 2286 3380 2357 spiritus
3399 2301 3609 2357 gemen-

1955 2385 2050 2431 tes.
2085 2375 2362 2431 Videntes
2391 2376 2605 2448 quippe
2637 2390 2699 2430 se
2740 2375 2904 2445 justo
2941 2372 3167 2445 judicio
3218 2373 3277 2429 in
3329 2378 3607 2432 aeternam

1954 2463 2106 2520 tradi
2137 2464 2593 2535 damnationem,
2627 2463 2728 2518 ubi
2765 2484 2794 2512 «
2824 2462 3040 2519 vermis
3089 2480 3205 2519 non
3249 2462 3518 2530 moritur,
3548 2467 3611 2519 et

1954 2554 2109 2627 ignis
2161 2570 2279 2609 non
2337 2552 2729 2625 exstinguitur
2784 2553 2908 2625 (13a.
2964 2553 3190 2624 um,»
3234 2552 3444 2625 spiritu
3493 2570 3609 2626 pra

1955 2642 2151 2700 dolore
2177 2641 2512 2715 angustiato
2542 2645 2866 2707 gementes,
2900 2640 3248 2714 plangentes
3287 2645 3345 2697 et
3373 2640 3609 2713 ejulan-

1956 2738 2039 2787 tes
2069 2732 2356 2804 optabunt
2385 2730 2553 2798 mori,
2575 2730 2676 2786 sed
2701 2747 2858 2786 mors
2877 2730 3062 2804 fugiet
3081 2730 3153 2786 ab
3188 2730 3293 2786 eis.
3309 2731 3426 2787 Nos
3448 2747 3606 2804 ergo,

1956 2822 2164 2876 fratres
2196 2820 2330 2888 mei,
2364 2820 2507 2875 dum
2536 2819 2691 2887 licet,
2724 2818 2832 2874 bas
2865 2836 3068 2892 poenas
3107 2819 3519 2892 anticipemus,
3551 2823 3611 2876 et

1955 2911 2015 2966 in
2056 2911 2277 2966 bonum
2308 2908 2478 2966 nobis
2505 2912 2822 2976 vertamus,
2858 2908 3174 2966 timeamus
3226 2908 3387 2965 illam
3444 2914 3606 2965 aeter-

1955 3016 2092 3054 nam
2116 2998 2644 3064 damnationem,et
2665 2997 2958 3065 timentes,
2984 3013 3223 3070 peccare
3253 2997 3609 3054 desistamus

1956 3093 2013 3144 et
2043 3090 2188 3144 bene
2212 3103 2381 3159 agere
2412 3087 2773 3143 studeamus.
2807 3086 3181 3143 Admiremur
3207 3104 3344 3160 ergo
3375 3090 3607 3144 sancto-

1958 3195 2090 3234 rum
2122 3176 2395 3232 virtutem
2428 3180 2484 3231 et
2514 3175 3081 3244 beatitudinem,non
3115 3192 3219 3247 per
3237 3174 3518 3232 invidiam
3542 3180 3610 3232 ut

1957 3267 2210 3338 reprobi,
2230 3266 2330 3321 sed
2363 3282 2464 3338 per
2493 3262 2923 3320 aemulationem
2954 3269 3012 3319 et
3040 3263 3453 3321 imitationem.
3487 3264 3607 3321 Pna-

1956 3355 2249 3411 niteamus
2279 3354 2458 3410 etiam
2491 3354 2561 3409 de
2592 3352 2809 3408 nostris
2840 3353 3264 3421 cxcessibus,et
3287 3353 3428 3410 dum
3449 3352 3607 3423 licet,

1954 3444 2228 3517 lacrymis
2260 3441 2631 3516 pmnitentiae,
2666 3445 2724 3497 et
2756 3442 3034 3513 operibus
3066 3442 3477 3498 misericordia
3508 3442 3610 3499 illa

1955 3534 2336 3590 redimamus.
2372 3531 2684 3587 Doleamus
2713 3548 2945 3603 quoque
2979 3548 3085 3587 nos
3119 3532 3412 3604 peccando
3441 3536 3608 3589 aeter-

1955 3640 2092 3678 nam
2123 3620 2560 3678 damnationem
2592 3619 3008 3692 promeruisse.
3035 3621 3105 3676 Et
3135 3621 3433 3679 continuis
3454 3621 3610 3679 dolo-

1954 3711 2117 3767 ribus
2147 3709 2327 3766 animi
2360 3714 2417 3765 et
2469 3709 3049 3780 compunctionibus,
3081 3714 3328 3767 aeternos
3378 3710 3608 3769 dolores

1953 3801 2342 3871 anticipemus
2374 3801 2431 3854 et
2460 3815 2495 3853 a
2516 3798 2688 3854 nobis
2712 3798 3473 3857 avertamus.Poeniteamus
3487 3799 3603 3871 hic,

1952 3906 2024 3945 ne
2055 3888 2114 3943 in
2144 3892 2425 3943 aeternum
2458 3885 2540 3942 ibi
2569 3887 2978 3959 poeniteamus.
3013 3887 3348 3959 Lugeamus
3383 3888 3498 3956 hic,
3533 3906 3607 3946 ne

1952 3977 2031 4032 ibi
2063 3977 2119 4032 in
2153 3980 2434 4032 aeternum
2458 3975 2787 4049 lugeamus.

2024 4066 2219 4122 Tertio
2238 4064 2382 4136 quid
2404 4065 2637 4137 reprobi
2656 4064 2714 4119 in
2734 4063 2850 4119 alia
2869 4063 2989 4120 vita
3009 4064 3130 4121 sint
3148 4064 3384 4133 dicturi,
3408 4069 3606 4123 osten-

1952 4155 2130 4222 ditur,
2164 4170 2301 4209 cum
2334 4152 2606 4208 subditur
2638 4169 2651 4207 :
2684 4154 2754 4209 Hi
2776 4160 2904 4209 sunt
2933 4169 3064 4224 quos
3093 4153 3396 4227 aliquando
3414 4156 3607 4212 habui-

1948 4260 2070 4299 mus
2102 4245 2161 4298 in
2190 4242 2451 4306 derisum,
2482 4248 2537 4296 et
2563 4238 2623 4295 in
2653 4240 3095 4311 similitudinem,
3131 4242 3188 4297 id
3220 4248 3330 4312 est,
3363 4245 3607 4317 parabo-

1950 4332 2069 4389 lam
2101 4331 2441 4403 impropcrii.
2469 4331 2573 4385 Nos
2605 4331 2892 4398 insensati,
2914 4332 3086 4387 vitam
3116 4332 3342 4389 illorum
3368 4336 3605 4392 aestima-

1953 4422 2144 4478 bamus
2176 4421 2474 4487 insaniam,
2497 4426 2549 4475 et
2592 4420 2759 4491 ﬁnem
2788 4419 3015 4475 illorum
3042 4422 3164 4477 sine
3200 4422 3421 4478 honore.
3450 4422 3603 4487 Quos

182 4500 373 4557 οαηάο
404 4499 518 4572 ἰρεί
546 4499 921 4599 ίιξουζξθταῐξξ
947 4503 1003 4553 et
1035 4515 1162 4599 (ζιξᾶῖ
1191 4499 1664 4599 ἱξείυθνδδθτυηῐ,
1694 4520 1842 4558 εθηὶ-
1870 4534 1918 4599 D
1950 4512 2108 4568 enim
2135 4510 2192 4566 in
2226 4509 2335 4564 hoc
2368 4507 2577 4564 saeculo
2612 4508 2906 4581 sapientes
2934 4513 2989 4565 et
3012 4509 3229 4581 justos,
3262 4509 3604 4583 insipientes

181 4604 289 4661 per
318 4603 530 4646 causas
558 4587 945 4662 gloriﬁcandi,
970 4592 1027 4643 et
1053 4586 1189 4642 hinc
1221 4588 1322 4643 Dei
1355 4589 1839 4661 misericordiam,

181 4677 325 4733 inde
354 4676 457 4735 Dei
479 4678 777 4749 justitiam
810 4676 1183 4733 collaudandi
1210 4676 1485 4733 habeant.
1505 4678 1836 4736 Secundum

170 4765 544 4839 supplicium
566 4771 656 4825 est
681 4766 922 4833 invidia,
948 4765 1019 4821 de
1044 4782 1162 4838 qua
1182 4766 1475 4831 subditur,
1488 4776 1539 4823 et
1560 4770 1839 4825 mirabun-

177 4861 296 4923 tur,
318 4853 377 4911 id
407 4860 517 4922 est,
533 4855 814 4912 mirantes
844 4855 1066 4910 invidia
1095 4854 1517 4911 cruciabuntur
1538 4860 1598 4912 in
1625 4859 1836 4915 subita-

181 4944 335 5001 tione
364 4946 654 5017 inspirata:
680 4946 899 5012 salutis,
920 4942 1182 5000 nascitur
1200 4944 1357 5000 enim
1388 4944 1610 5002 invidia
1637 4965 1705 5005 ex
1736 4949 1835 5005 ad-

181 5030 499 5091 miratione
545 5039 604 5091 et
654 5051 723 5091 ex
770 5034 923 5091 odio.
959 5032 1106 5098 Quia
1134 5051 1391 5108 namque
1423 5037 1674 5109 reprobi,
1708 5036 1838 5094 illos

174 5138 336 5194 quos
356 5123 620 5193 oderant,
644 5122 927 5179 videbunt
956 5122 1152 5179 subito
1182 5127 1241 5178 et
1269 5140 1337 5179 ex
1364 5123 1658 5196 insperato
1679 5128 1833 5199 apud

172 5209 369 5269 Deum
416 5211 792 5285 glorificatos,
830 5212 1051 5269 invidia
1103 5211 1522 5268 cruciabuntur
1567 5214 1746 5283 intus,
1779 5220 1836 5272 et

170 5307 506 5377 tabescent,
528 5310 850 5368 sentientes
868 5309 1006 5367 inde
1027 5313 1114 5366 tot
1133 5314 1191 5365 et
1209 5313 1404 5366 tantas
1428 5311 1829 5381 cruciationes,

171 5400 326 5470 quot
350 5402 412 5454 et
442 5404 694 5472 quantas
712 5399 992 5458 videbunt
1017 5398 1077 5455 in
1099 5398 1319 5456 sanctis
1358 5399 1828 5472 gloriﬁcationcs.

168 5486 477 5550 Quantum
509 5490 667 5545 enim
690 5489 1048 5561 supplicium
1070 5489 1148 5545 sit
1169 5488 1387 5544 invidia
1407 5489 1661 5547 ostend‘t
1676 5490 1833 5547 Salo-

166 5590 319 5633 mon
341 5575 543 5636 dicens
565 5596 578 5635 :
605 5602 632 5629 ‹‹
659 5578 908 5635 Putredo
929 5576 1409 5648 ossium,invidia
1440 5579 1619 5650 (Prov.
1644 5584 1829 5650 x1v).»

1952 4617 2080 4655 esse
2112 4598 2415 4672 putabant,
2449 4601 2590 4654 tunc
2641 4597 2701 4652 in
2751 4596 3135 4654 retributione
3176 4614 3240 4655 se
3279 4599 3602 4656 econtrario

1948 4688 2316 4761 insipientes,
2350 4691 2408 4742 et
2431 4690 2666 4743 sanctos
2698 4686 3024 4760 intelligent
3055 4685 3236 4744 fuisse
3285 4687 3599 4761 sapientes.

1948 4779 2011 4835 In
2056 4794 2171 4850 quo
2221 4775 2715 4833 considerandum
2772 4780 2861 4831 est
2917 4776 3195 4848 quoniam
3258 4776 3487 4849 reprobi
3540 4777 3600 4834 in

1945 4868 2063 4925 alia
2090 4866 2207 4921 vita
2236 4864 2386 4920 vires
2419 4863 2627 4920 animo:
2664 4869 2724 4920 et
2771 4881 2983 4922 sensus
3030 4864 3293 4938 corporis
3340 4864 3599 4940 integros

1946 4956 2066 5012 sint
2092 4953 2372 5010 habituri.
2407 4952 2719 5009 Habebunt
2747 4954 2986 5026 quidem
3036 4954 3323 5027 integram
3375 4971 3599 5012 memo-

1946 5046 2115 5111 riam,
2152 5048 2215 5098 ut
2271 5042 2643 5098 recordantes
2700 5060 2880 5114 quam
2938 5043 3283 5115 insipienter
3337 5048 3396 5100 et
3441 5044 3596 5102 male

1946 5150 2007 5190 se
2052 5132 2384 5189 habuerunt
2441 5130 2720 5187 adversus
2777 5134 3033 5199 sanctos,
3067 5131 3255 5205 magis
3308 5132 3443 5190 inde
3487 5150 3597 5206 pu-

1944 5223 2201 5278 niantur.
2244 5220 2555 5275 Habebunt
2603 5224 2660 5274 et
2702 5220 2991 5294 integram
3042 5221 3351 5290 rationem,
3388 5227 3454 5279 ut
3501 5224 3597 5280 in-

1943 5310 2270 5383 telligentes
2328 5323 2391 5362 se
2441 5307 2602 5377 juste
2658 5309 2948 5376 damnari,
2996 5309 3193 5381 justos
3250 5328 3383 5368 vero
3431 5313 3596 5384 juste

1942 5399 2173 5465 salvari,
2209 5395 2399 5469 magis
2460 5395 2593 5453 inde
2640 5397 2979 5470 puniantur.
3032 5400 3345 5456 Habebunt
3389 5404 3448 5456 et
3497 5400 3594 5457 in-

1941 5493 2163 5562 tegram
2204 5484 2652 5559 providentiam,
2687 5491 2979 5559 quatenus
3007 5489 3390 5561 praevidentes
3420 5506 3589 5546 suam

1941 5576 2379 5635 damnationem
2402 5578 2459 5631 et
2470 5575 2773 5647 justorum
2790 5576 3433 5650 beatitudinem,mag:is
3454 5577 3591 5637 inde
