4002 6078
468 181 624 250 1563

1758 185 2154 252 RADULPHI
2196 188 2610 252 ARDENTIS.

463 320 801 395 puniantur.
821 315 1132 376 Habebunt
1155 315 1424 377 similiter
1452 323 1508 378 et
1537 319 1831 396 integrum
1852 323 2107 397 corporis
2138 324 2191 391 Α
2222 324 2356 380 dine
2386 319 3001 392 sublimari,honorari
3031 323 3089 378 et
3115 318 3351 396 gloriari
3382 335 3483 394 per
3503 319 3880 381 intercessio-

462 411 987 482 visum,quatenus
1033 409 1294 467 videntes
1349 410 1618 468 horrores
1669 413 2002 468 daamonum
2055 417 2111 468 et

462 495 906 570 suppliciorum,
940 497 1128 569 magis
1160 497 1294 553 inde
1324 498 1664 570 puniantur.
1692 500 2001 557 Habebunt
2051 506 2109 558 et

461 585 756 660 integrum
804 587 1093 653 auditum,
1126 592 1415 660 quatenus
1469 589 1773 646 audientes
1823 590 2107 648 stridores

461 679 886 734 tormentorum
918 676 1263 748 rugitusque
1293 677 1737 744 daemoniorum,
1762 679 1950 752 magis
1973 680 2107 736 inde

460 765 800 838 puniantur.
825 765 1134 820 Habebunt
1160 771 1216 820 et
1244 765 1535 838 integrum
1558 769 2106 840 gustum,quoniam

459 858 762 928 gustantes
785 854 1151 909 omnimodas
1171 855 1809 929 amaritudines,magis
1833 857 1966 913 inde
1997 875 2105 930 pu-

458 942 716 998 niantur.
749 943 911 998 Unde
941 947 998 998 et
1028 943 1186 998 dives
1217 949 1596 1015 purpuratus,
1624 946 1682 1000 in
1717 945 1942 1001 inferno
1973 951 2103 1018 gut-

456 1035 574 1087 tam
601 1048 763 1104 aquae
783 1049 817 1086 a
837 1032 1022 1104 digito
1037 1033 1234 1087 Lazari
1259 1033 1329 1087 ad
1356 1034 1815 1106 refrigerandum
1840 1034 2104 1106 linguam

455 1137 624 1177 suam
657 1120 934 1193 postulat,
965 1122 1065 1178 sed
1099 1138 1213 1176 non
1246 1121 1478 1194 accipit,
1509 1139 1575 1178 eo
1607 1123 1761 1195 quod
1794 1125 2107 1197 recepisset

456 1209 610 1266 bona
631 1210 689 1265 in
710 1210 828 1265 vita
851 1214 1039 1277 sua,et
1061 1211 1311 1266 Lazarus
1333 1210 1603 1267 similiter
1625 1212 1778 1268 mala
1800 1214 1948 1282 (Luc.
1964 1215 2102 1284 xvx).

454 1298 765 1354 Habebunt
795 1302 851 1354 et
881 1299 1135 1354 interum
1168 1300 1495 1362 odoratum.
1530 1305 1820 1372 quatenus
1851 1303 2102 1357 odoran-

453 1392 542 1444 tes
573 1387 914 1444 omnifarios
946 1387 1382 1462 fetores,magis
1405 1389 1539 1445 inde
1566 1390 2104 1461 puniantur.Habe-

453 1477 604 1534 bunt
631 1481 690 1532 et
718 1476 1012 1549 integrum
1044 1481 1284 1545 tactum,
1302 1483 1592 1550 quatenus
1622 1479 1942 1535 sentientes
1964 1496 2102 1534 cun-

453 1570 577 1622 ctas
608 1565 1033 1639 suppliciorum
1062 1566 1428 1639 asperitates,
1465 1568 1652 1640 magis
1683 1568 1819 1624 inde
1850 1568 2099 1640 punian-

450 1658 566 1709 tur.
585 1654 647 1710 In
680 1655 908 1710 cunctis
939 1655 1156 1727 quippe
1187 1656 1640 1728 punientur,qui
1664 1657 1723 1712 in
1745 1656 1971 1713 cunctis
1993 1657 2096 1713 de-

451 1741 767 1816 liquerunt.
804 1748 980 1800 Porro
1013 1743 1073 1798 in
1104 1743 1213 1800 hoc
1242 1746 1396 1816 quod
1429 1744 1613 1813 aiunt,
1629 1747 1690 1802 hi
1701 1755 1832 1802 sunt
1851 1762 1979 1818 quos
1999 1747 2101 1801 ali-

451 1833 667 1906 quando
697 1835 988 1888 habuimus
1019 1835 1079 1888 in
1107 1833 1371 1903 derisum,
1387 1837 1707 1891 ostendunt
1736 1852 1798 1891 se
1821 1836 2018 1906 justos
2039 1835 2099 1890 in

451 1922 562 1980 hac
589 1921 708 1978 vita
737 1922 1181 1994 contempsisse.
1207 1924 1318 1979 Eos
1349 1924 1506 1979 enim
1538 1941 1686 1996 quos
1716 1929 2101 1980 contemnunt

451 2012 740 2080 homines,
773 2012 1057 2067 derident.
1083 2012 1147 2068 In
1178 2012 1287 2067 hoc
1313 2030 1446 2069 vero
1479 2014 1635 2085 quod
1661 2013 1865 2068 dicunt
1908 2031 1969 2068 se
2000 2030 2098 2069 eos

451 2101 730 2157 habuisse
761 2101 820 2155 in
853 2100 1191 2174 parabolam
1216 2100 1556 2174 improperii
1589 2103 1994 2158 demonstrant
2036 2120 2099 2159 se

449 2206 550 2247 eos
597 2190 730 2246 odio
786 2189 1083 2246 habuisse.
1123 2189 1257 2246 Illos
1313 2190 1471 2246 enim
1519 2209 1666 2263 quos
1726 2191 1942 2247 habent
1997 2209 2100 2263 per

451 2279 788 2352 parabolam
825 2279 1246 2351 improperant,
1277 2284 1333 2335 et
1363 2297 1502 2336 suas
1534 2279 1903 2337 infirmitates
1933 2284 1991 2336 et
2009 2298 2100 2336 ex-

449 2384 653 2424 cessus
683 2367 766 2424 eis
796 2367 1108 2439 objectant,
1132 2372 1194 2422 ut
1228 2368 1423 2426 «alios
1452 2369 1643 2424 salvos
1677 2369 2097 2442 fecit,seipsum

450 2472 566 2512 non
593 2459 784 2528 potest
815 2455 1040 2512 salvum
1074 2456 1261 2513 facere
1293 2457 1495 2529 (Matth.
1524 2459 1720 2530 nvu),
1748 2481 1775 2509 »
1811 2463 1868 2514 et
1897 2457 2099 2530 hujus—

450 2546 629 2602 modi.
656 2546 718 2601 In
750 2545 860 2602 hoc
890 2563 1121 2618 quoque
1152 2548 1307 2619 quod
1334 2547 1558 2616 dicunt,
1591 2567 1688 2604 nos
1717 2551 1998 2618 insensati,
2020 2551 2099 2603 vi-

447 2642 560 2691 tam
600 2636 826 2692 illorum
869 2635 1277 2693 aestimabamus
1325 2639 1622 2704 insaniam,
1660 2639 1977 2694 ostendunt
2035 2654 2096 2694 se

449 2740 642 2780 mores
671 2728 729 2780 et
744 2725 925 2780 vitam
957 2729 1292 2782 sanctorum
1315 2731 1596 2799 tanquam
1619 2726 1910 2784 insaniam
1939 2725 2092 2782 devi-

445 2816 623 2882 tasse,
656 2818 714 2869 et
741 2813 921 2870 vitam
971 2815 1055 2871 eis
1104 2815 1457 2872 contrariam
1492 2817 1880 2874 dilexisse.‘Et
1907 2818 2092 2888 ﬁnem,

445 2901 661 2976 inquit,
684 2903 911 2960 illorum
933 2905 1052 2960 sine
1079 2905 1314 2974 honore;
1343 2922 1476 2961 cum
1510 2905 1666 2962 enim
1695 2905 1970 2962 videbant
2002 2922 2092 2960 re-

445 2991 610 3064 probi
643 2997 878 3049 sanctos
908 2992 1002 3049 hic
1033 2993 1220 3050 multa
1249 2994 1463 3067 pati,et
1484 3012 1587 3067 per
1605 2994 2016 3051 tribulationes
2037 2998 2095 3049 et

2221 430 2323 470 nes
2353 429 2553 469 eorum
2583 428 2932 468 mereamur.
2969 413 3170 467 Amen.

2430 608 2786 647 PLURIMOBUM
2825 607 3139 646 MARTYRUH.
3181 607 3354 647 SEBHO
3394 605 3464 646 03
3502 607 3654 647 ιυοΑ.

2286 683 2441 736 Dixit
2467 685 2628 738 Jesus
2659 679 2946 751 discipulis
2975 681 3130 734 suis:
3166 679 3272 747 Qui
3300 695 3389 735 vos
3407 679 3564 735 audit
3583 695 3673 735 me
3695 681 3870 748 audit,

2216 779 2267 826 et
2296 771 2392 842 qui
2421 778 2510 825 ves
2530 771 2737 841 spernit
2758 785 2843 824 me
2867 770 3110 840 spernit;
3142 770 3240 840 qui
3289 777 3473 824 autem
3519 785 3607 824 me
3635 774 3868 841 spernit,

2215 861 2422 932 spernit
2451 876 2576 914 cum
2595 860 2691 930 qui
2720 875 2804 913 me
2831 859 2986 913 misit
3017 858 3166 929 (Luc.
3200 859 3283 928 x),
3324 861 3380 912 et
3428 857 3679 930 reliqua.
3718 861 3870 924 Qua-

2216 949 2526 1020 dripartita
2549 951 2638 1004 est
2657 947 2780 1003 haec
2808 946 3213 1015 lectio,fratres
3243 946 3374 1003 mei.
3395 946 3590 1003 Primo
3613 965 3870 1020 namque

2215 1039 2456 1094 mittens
2488 1037 2767 1092 Dominus
2821 1036 3196 1108 septuaginta
3245 1036 3392 1091 duos
3439 1037 3510 1090 ad
3544 1037 3874 1108 praedican-

2215 1127 2377 1194 dum,
2412 1127 2553 1182 dicit
2583 1142 2645 1182 se
2675 1129 2731 1181 et
2763 1130 2988 1180 Patrem
3023 1124 3083 1179 in
3113 1125 3199 1180 eis
3225 1123 3314 1180 vel
3343 1124 3555 1192 audiri,
3591 1125 3682 1181 vel
3739 1143 3871 1181 con-

2213 1215 2568 1283 temni,cum
2599 1215 2740 1271 dicit
2772 1232 2786 1270 :
2821 1217 2938 1288 Qui
2967 1230 3056 1270 vos
3085 1214 3240 1269 audit
3268 1230 3353 1269 me
3377 1214 3675 1286 audit,etc.
3694 1215 3764 1271 In
3787 1215 3869 1271 his

2211 1305 2403 1361 verbis
2432 1303 2715 1360 Dominus
2743 1304 2919 1360 Jesus
2948 1303 3063 1358 tria
3093 1302 3461 1359 demonstrat
3495 1303 3698 1372 nobis,
3717 1304 3869 1360 vide-

2216 1393 2348 1450 licet
2377 1394 2532 1466 quod
2565 1391 2840 1465 discipuli
2873 1391 2966 1447 sui
2997 1408 3316 1464 eorumque
3350 1408 3636 1464 sequaces
3684 1392 3870 1450 vicem

2212 1485 2340 1554 ejus
2361 1484 2420 1538 in
2454 1481 2711 1538 Ecclesia
2731 1485 3051 1548 teneant,et
3081 1481 3239 1553 quod
3273 1481 3402 1536 ideo
3435 1479 3540 1547 illi,
3568 1481 3764 1553 hujus
3795 1482 3869 1537 vi-

2210 1571 2398 1639 cariae,
2417 1571 2625 1644 dignos
2645 1569 2884 1626 omnino
2907 1585 2967 1624 se
2989 1569 3238 1625 debeant
3260 1585 3609 1642 praeparare,
3639 1575 3700 1625 et
3718 1572 3871 1643 quod

2210 1659 2431 1718 subditi
2461 1660 2544 1716 eis
2566 1659 2964 1715 omnimodam
2996 1658 3380 1714 reverentiam
3411 1658 3669 1714 debeant
3701 1660 3871 1716 exhi-

2211 1751 2365 1808 bere.
2399 1751 2574 1806 Porro
2606 1749 2663 1804 in
2696 1748 2905 1815 tribus,
2937 1746 3137 1803 vicarii
3165 1746 3379 1803 Christi
3409 1747 3596 1803 vicem
3643 1749 3785 1820 ejus
3817 1750 3872 1805 in

2208 1839 2466 1896 Ecclesia
2516 1843 2730 1906 tenent,
2763 1837 2822 1892 in
2872 1836 3217 1903 eruditione,
3251 1837 3311 1892 in
3358 1843 3872 1894 sacramentorum

2208 1929 2664 2002 dispensatione,
2698 1927 2756 1982 in
2788 1926 3010 1999 ligandi
3042 1925 3422 1998 solvendique
3452 1930 3772 1998 potestate.
3807 1929 3872 1984 In

2207 2020 2423 2091 quibus
2455 2017 2786 2090 intelligant
2816 2033 2878 2072 se
2909 2032 3025 2071 non
3057 2019 3313 2082 auctore,
3348 2015 3448 2071 sed
3481 2019 3724 2072 tantum
3759 2017 3871 2073 mi-

2208 2109 2612 2180 nistrosjuxta
2641 2105 2786 2162 illud
2813 2104 2974 2162 Pauli
3003 2122 3015 2160 :
3050 2127 3070 2154 α
3099 2104 3193 2160 Sic
3227 2121 3332 2160 nos
3363 2103 3668 2160 existimet
3691 2105 3869 2162 homo

2207 2203 2274 2254 ut
2293 2197 2596 2253 ministros
2614 2194 2848 2264 Christi,
2867 2199 2925 2251 et
2946 2193 3382 2266 dispensatores
3396 2193 3867 2252 ministeriorum

2205 2287 2307 2343 Dei
2340 2289 2387 2358 (Ι
2415 2287 2535 2343 Cor.
2569 2286 2668 2357 ιν).
2704 2308 2732 2335 ››
2772 2285 2836 2341 In
2885 2283 3096 2351 tribus,
3133 2282 3344 2338 Christi
3391 2283 3596 2339 vicarii
3654 2285 3866 2358 dignos

2206 2377 2334 2449 ejus
2354 2374 2579 2432 vicariae
2602 2392 2664 2430 se
2687 2374 2902 2430 debent
2923 2372 3193 2428 exhibere
3211 2389 3222 2427 :
3243 2371 3301 2428 in
3334 2372 3702 2441 doctrina,in
3729 2375 3864 2441 vita,

2204 2465 2264 2520 in
2292 2463 2628 2521 intentione.
2660 2463 2721 2518 In
2753 2462 3039 2528 doctrina,
3064 2464 3128 2516 ut
3159 2477 3275 2516 non
3305 2459 3616 2528 aliam,sed
3645 2461 3863 2518 Christi

2205 2554 2530 2610 doctrinam
2580 2551 2920 2625 praedicent;
2957 2551 3015 2606 in
3057 2550 3195 2617 vita,
3231 2553 3297 2605 ut
3347 2566 3466 2605 non
3515 2548 3724 2619 aliam,
3760 2552 3859 2609 sed

2203 2643 2416 2699 Christi
2441 2643 2621 2698 vitam
2644 2645 2700 2698 et
2717 2657 2910 2697 mores
2924 2657 3027 2714 pro
3051 2655 3222 2712 posse
3243 2656 3349 2695 suo
3371 2643 3643 2707 teneant;
3669 2639 3734 2696 in
3776 2640 3862 2696 in-

2204 2733 2479 2802 tentione,
2515 2737 2578 2787 ut
2608 2748 2722 2787 non
2751 2747 2941 2796 suam,
2970 2730 3072 2785 sed
3104 2727 3315 2785 Christi
3347 2727 3599 2802 gloriam
3631 2736 3692 2784 et
3739 2730 3863 2786 ani-

2204 2839 2434 2878 marum
2458 2820 2707 2878 salutem
2725 2823 3006 2892 quaerant.
3022 2818 3183 2875 Unde
3203 2817 3491 2874 Dominus
3511 2834 3524 2874 :
3546 2818 3692 2882 «Qui
3717 2819 3862 2875 mihi

2202 2910 2736 2984 inquit,ministrat,
2761 2926 2855 2965 me
2886 2911 3167 2980 sequatur
3187 2907 3371 2978 (Joan.
3395 2905 3556 2978 1:11),»
3573 2907 3639 2962 In
3665 2908 3862 2964 tribus

2204 2999 2472 3056 similiter
2503 2997 2723 3056 subditi
2753 2998 2968 3054 debent
2986 2996 3369 3053 reverentiam
3400 2994 3679 3051 exhibere
3713 2996 3862 3054 vica-

445 3084 1054 3155 tormenta,tanquam
1077 3082 1510 3153 homicidas,ab
1532 3083 1640 3140 hac
1658 3085 1777 3140 vita
1797 3084 2091 3157 demigra—
2123 3071 2166 3138 C
2204 3088 2306 3145 riis
2336 3087 2568 3157 Christi,
2594 3088 2652 3143 in
2702 3087 3053 3152 obedientia,
3079 3084 3138 3140 in
3179 3083 3420 3152 honore,
3439 3083 3499 3140 in
3531 3085 3860 3158 stipendio-

445 3187 526 3237 re,
557 3175 616 3226 et
645 3187 889 3245 corpora
917 3188 1120 3228 eorum
1149 3172 1236 3228 vel
1270 3173 1580 3229 inhumata
1611 3173 1748 3230 feris
1778 3177 1835 3229 et
1882 3173 2089 3229 avibus

442 3259 707 3332 exposita
734 3260 972 3329 esse,vel
1007 3260 1104 3317 vili
1127 3261 1342 3318 tradita
1369 3261 2092 3334 sepulturm,aestimabant

441 3353 691 3404 mortem
718 3365 922 3406 eorum
943 3367 1071 3406 esse
1092 3351 1380 3422 abjectam
1402 3355 1459 3408 et
1475 3351 1600 3407 sine
1627 3351 1866 3418 honore,
1890 3350 2090 3406 miseri

441 3436 770 3494 nescientes
790 3460 818 3488 ‹‹
841 3438 1119 3511 quoniam
1141 3456 1244 3512 per
1264 3439 1482 3495 multas
1498 3439 1905 3496 tribulationes
1925 3457 2091 3513 opor-

439 3528 524 3580 tet
551 3542 657 3582 nos
687 3525 906 3583 intrare
937 3528 996 3582 in
1028 3544 1276 3600 regnum
1307 3527 1583 3584 caelorum
1616 3530 1748 3601 (Act.
1780 3530 1918 3600 xw),
1957 3552 1984 3578 ››
2032 3533 2090 3584 et

439 3615 596 3686 quod
625 3631 869 3688 corpora
889 3621 1228 3673 sanctorum
1252 3617 1586 3690 ubicunque
1611 3622 1667 3674 et
1688 3617 2088 3691 qualitercun-

438 3718 553 3776 que
582 3703 700 3759 sint
729 3704 936 3776 posita,
956 3704 1016 3760 in
1047 3723 1187 3778 pace
1218 3706 1450 3779 sepulta
1478 3711 1636 3776 sunt,
1652 3711 1708 3764 et
1733 3707 1971 3762 nomina
1998 3723 2089 3763 eo-

437 3807 571 3848 rum
600 3793 799 3848 vivunt
828 3794 886 3850 in
918 3799 1200 3852 aternum
1231 3797 1418 3870 (Eccli.
1448 3798 1616 3868 XLVI).
1661 3797 1903 3853 Mortem
1951 3813 2085 3852 vero

437 3878 682 3936 divitum
713 3885 770 3937 et
799 3886 1105 3955 potentum
1157 3885 1336 3957 hujus
1382 3884 1598 3951 saeculi,
1631 3902 1696 3941 eo
1741 3885 1898 3957 quod
1935 3884 2088 3940 inter

439 3967 756 4038 divitias,et
777 3971 1480 4046 obsequia,planctusque
1497 3991 1738 4030 suorum
1761 3974 2084 4030 amicorum

439 4058 790 4129 moriuntur,
815 4065 874 4116 et
904 4078 1039 4117 cum
1071 4079 1242 4136 poma
1270 4066 1326 4118 et
1357 4080 1572 4137 pompa
1597 4062 2087 4136 sepeliuntur,pu-

438 4149 566 4202 tant
593 4163 721 4204 esse
751 4149 811 4204 in
842 4148 1081 4217 honore,
1101 4151 1436 4224 ignorantes
1469 4153 1746 4226 quoniam
1791 4152 1946 4208 sicut
1975 4153 2084 4207 La-

437 4251 609 4291 zarus
638 4236 709 4291 de
738 4238 1104 4310 sterquilinio
1125 4241 1197 4296 ab
1220 4240 1446 4313 angelis
1472 4241 1544 4296 ab
1567 4241 1796 4296 beatam
1821 4241 2082 4313 requiem

431 4328 724 4397 portatur,
756 4326 838 4384 ita
869 4331 925 4384 et
954 4328 1114 4386 dives
1142 4330 1212 4386 de
1244 4347 1538 4402 purpureo
1569 4329 1716 4386 lecto
1747 4347 1780 4385 a
1809 4330 2083 4386 daemoni-

435 4414 547 4470 bus
578 4413 638 4512 in
691 4415 985 4512 infernum
1035 4417 1430 4490 praecipitatur
1455 4419 1607 4492 (Luc.
1640 4421 1777 4490 xw).
1813 4419 2082 4487 Quomodo
2113 4447 2160 4512 Ι)

430 4519 582 4573 ergo,
617 4503 914 4577 inquiunt,
948 4515 1336 4580 computantur
1365 4509 1509 4564 inter
1534 4509 1679 4578 ﬂlios
1707 4510 1823 4576 Dei,
1857 4518 1906 4564 et
1938 4511 2083 4564 inter

428 4600 643 4650 sanctos
670 4609 787 4650 sors
819 4595 1046 4652 illorum
1067 4600 1184 4654 est?
1212 4596 1283 4651 Et
1313 4613 1437 4666 nos,
1474 4596 1725 4652 subaudi
1746 4597 1900 4652 inter
1927 4595 2080 4653 ﬁlios

431 4679 992 4756 Dei,computamur,
1011 4689 1068 4740 et
1090 4702 1218 4742 sors
1239 4689 1438 4741 nostra
1457 4684 1611 4742 inter
1629 4686 1938 4743 damnatos
1967 4692 2076 4744 est.

431 4769 719 4827 Mirantur
749 4773 1040 4846 siquidem
1087 4792 1203 4848 pra:
1246 4773 1464 4830 invidia
1516 4773 1901 4843 tabescentes,
1935 4794 2079 4849 quo-

431 4859 605 4914 modo
638 4859 721 4914 illi
747 4862 819 4917 de
851 4866 1014 4920 tanta
1033 4863 1252 4920 vilitate
1285 4863 1356 4919 ad
1387 4867 1610 4918 tantam
1644 4864 1910 4936 gloriam,
1936 4870 1994 4922 et
2009 4867 2080 4922 de

430 4951 597 5004 tanta
625 4948 942 5008 afflictione
973 4954 1045 5010 ad
1077 4957 1302 5010 tantam
1331 4953 1776 5020 beatitudinem,
1808 4954 1877 5011 de
1899 4956 2079 5012 tantis

431 5035 708 5107 laerymis
739 5038 811 5093 ad
843 5042 1007 5096 tanta
1037 5041 1278 5115 gaudia;
1313 5046 1368 5096 et
1415 5041 1759 5110 econtrario,
1791 5045 2082 5116 quomodo

432 5123 545 5196 ipsi
578 5124 650 5181 de
683 5130 847 5183 tanta
876 5129 1082 5185 mundi
1111 5131 1297 5204 gloria
1326 5131 1399 5187 ad
1430 5135 1656 5186 tantam
1687 5131 2082 5201 miseriam,de

433 5217 600 5270 tanta
628 5216 1016 5288 prosperitate
1046 5220 1117 5274 ad
1149 5225 1375 5275 tantam
1404 5220 1790 5287 vexationem,
1823 5223 1892 5278 de
1921 5226 2081 5279 tanto

433 5302 649 5375 gaudio
681 5305 752 5360 ad
785 5309 977 5364 tantas
1003 5307 1289 5383 lacrymas
1320 5313 1635 5382 potuerunt
1683 5311 1969 5367 devenire.
2003 5313 2084 5368 Ea

432 5395 688 5466 propter,
705 5392 910 5454 fratres
939 5398 1074 5467 mei,
1097 5399 1507 5467 vitam,mores
1547 5400 1618 5455 ad
1639 5399 1817 5456 vitam
1849 5407 2082 5460 sancto-

434 5495 566 5540 rum
595 5479 897 5543 imitemur
917 5491 1206 5562 quatenus
1227 5504 1361 5546 cum
1393 5489 1477 5546 eis
1507 5489 1565 5546 in
1597 5493 1812 5548 aeterna
1835 5492 2084 5551 beatitu-

2200 3195 2330 3234 rum
2365 3177 2776 3251 temporalium
2808 3174 3258 3241 ministratione,
3284 3176 3368 3241 ut,
3392 3171 3668 3229 videlicet
3701 3175 3764 3230 in
3785 3176 3864 3230 vi-

2199 3267 2371 3324 cariis
2402 3267 2617 3323 Christi
2656 3265 2954 3322 Christum
3005 3264 3313 3329 honorent,
3344 3262 3577 3318 Christo
3629 3263 3860 3320 submi-

2199 3357 2468 3423 nistrent,
2504 3355 2732 3412 Christo
2765 3354 3059 3411 obediant.
3093 3352 3256 3420 Quod
3308 3351 3358 3408 si
3407 3351 3610 3407 vicarii
3643 3353 3856 3410 Christi

2198 3445 2526 3502 doctrinam
2556 3443 2773 3500 Christi
2806 3461 2921 3499 non
2965 3445 3219 3509 teneant,
3243 3441 3372 3513 jam
3423 3457 3541 3496 non
3594 3441 3742 3496 dicit
3771 3443 3853 3499 eis

2198 3534 2485 3602 Christus,
2521 3534 2625 3602 Qui
2671 3549 2763 3590 vos
2810 3533 2984 3600 audit,
3016 3547 3104 3588 me
3141 3530 3314 3586 audit.
3349 3529 3408 3586 Si
3456 3547 3594 3585 vero
3639 3530 3854 3587 Christi

2194 3624 2372 3680 vitam
2405 3628 2463 3680 et
2493 3623 2878 3678 intentionem
2911 3637 3026 3678 non
3051 3624 3399 3694 sequuntur,
3417 3620 3546 3692 jam
3570 3636 3689 3675 non
3713 3619 3854 3676 dicit

2195 3713 2280 3768 eis
2308 3711 2592 3780 Christus,
2622 3712 2727 3780 Qui
2755 3727 2846 3767 vos
2874 3711 3101 3783 spernit,
3121 3725 3208 3764 me
3253 3710 3483 3780 spernit.
3518 3708 3850 3780 Reprobam

2196 3801 2408 3874 quippe
2467 3800 2790 3857 doctrinam
2849 3804 2906 3856 et
2960 3799 3140 3854 vitam
3200 3797 3550 3854 vicariorum
3625 3797 3850 3853 subditi

2195 3907 2466 3964 spernere
2495 3891 2708 3946 debent
2737 3893 2794 3946 et
2825 3890 3044 3962 fugere,
3077 3887 3178 3960 qui
3209 3891 3409 3945 tamen
3441 3887 3500 3942 in
3555 3885 3853 3943 ministris

2194 3985 2490 4036 auctorem
2541 3979 2753 4034 debent
2798 3977 3104 4034 honorare.
3156 3976 3424 4034 Secundo
3475 3980 3856 4032 revertuntur

2194 4068 2566 4142 septuaginta
2582 4069 2698 4124 duo
2716 4065 2992 4139 discipuli
3015 4083 3149 4122 cum
3173 4063 3388 4139 gaudio
3423 4065 3687 4120 dicentes
3709 4081 3723 4118 :
3748 4067 3852 4122 Do-

2191 4159 2361 4223 mine,
2386 4158 2447 4211 in
2473 4158 2696 4213 nomine
2725 4164 2816 4211 tuo
2846 4157 3013 4212 etiam
3039 4155 3317 4212 daemonia
3345 4152 3728 4226 subjiciuntur
3751 4169 3854 4209 no-

2193 4245 2292 4302 bis.
2312 4250 2374 4301 ln
2405 4245 2595 4301 tribus
2626 4245 3096 4312 benefaciunt,et
3125 4244 3344 4299 bonum
3366 4240 3853 4314 praedicatoribus

2192 4335 2406 4391 futuris
2435 4334 2766 4406 exemplum
2798 4333 3135 4400 ostendunt,
3169 4332 3230 4387 in
3258 4331 3368 4388 hoc
3416 4330 3642 4386 scilicet
3689 4332 3848 4403 quod

2191 4442 2294 4499 per
2322 4423 2796 4498 praedicationem
2827 4423 2899 4479 ad
2931 4421 3192 4479 scholam
3223 4419 3435 4477 Christi
3486 4419 3756 4489 redeunt,
3789 4420 3848 4476 in

2191 4531 2306 4588 quo
2356 4513 2656 4570 Christum
2698 4511 3012 4569 Dominum
3061 4515 3119 4568 et
3158 4513 3455 4568 auctorem
3490 4509 3853 4566 conﬁtentur

2187 4620 2391 4660 eorum
2423 4619 2550 4675 quas
2567 4605 2958 4676 gesserunt,et
2974 4601 3034 4657 in
3055 4601 3164 4657 hoc
3188 4597 3345 4672 quod
3369 4615 3484 4655 non
3525 4597 3848 4654 virtutibus

2186 4692 2274 4750 vel
2307 4691 2531 4749 meritis
2554 4691 2698 4758 suis,
2723 4691 2824 4747 sed
2856 4691 3054 4746 virtuti
3087 4687 3343 4746 nominis
3359 4685 3574 4744 Christi
3589 4702 3660 4742 ea
3689 4686 3850 4742 attri-

2187 4783 2396 4839 buunt.
2421 4780 2515 4836 Sic
2536 4784 2593 4836 et
2618 4797 2725 4837 nos
2750 4779 3177 4854 praedicatores,
3203 4781 3336 4851 post
3360 4774 3840 4848 praedicationem

2189 4871 2502 4938 factam,ad
2522 4886 2822 4926 sacrarum
2849 4867 3198 4943 magistrum
3215 4866 3658 4939 Scripturarum
3680 4865 3849 4921 debe-

2190 4978 2323 5016 mus
2358 4976 2674 5028 recurrere,
2695 4963 2986 5032 quatenus
3015 4975 3085 5015 ea
3114 4974 3241 5031 quae
3273 4952 3730 5029 praedicavimus
3763 4970 3844 5010 re-

2189 5053 2530 5106 tractemus.
2573 5049 2643 5104 Et
2691 5047 2741 5104 si
2783 5047 2978 5121 aliquo
3029 5046 3412 5121 prmdicantss
3459 5041 3844 5110 excessimus,

2191 5139 2639 5212 corrigamus,et
2669 5155 2796 5210 quae
2828 5137 3042 5193 iterum
3068 5133 3439 5210 pradicaturi
3467 5148 3848 5204 sumus,praa-

2187 5227 2512 5284 videamus.
2536 5226 2828 5283 Debemus
2846 5244 3078 5300 quaque
3099 5225 3418 5283 Dominum
3450 5225 3724 5278 nostrum
3753 5225 3844 5278 Je-

2193 5334 2323 5373 sum
2349 5315 2668 5385 Christum,
2702 5315 2968 5372 omnium
3018 5332 3144 5388 qua:
3191 5315 3340 5370 bene
3393 5309 3844 5385 predicavimus

2188 5407 2276 5464 vel
2323 5407 2470 5464 bene
2528 5405 2794 5474 fecimus,
2864 5409 3159 5463 auctorem
3208 5409 3266 5462 et
3324 5400 3646 5459 Dominum
3707 5415 3844 5456 con-

2192 5497 2363 5567 fiteri,
2416 5513 2521 5553 nos
2567 5499 2796 5553 tantum
2848 5513 2976 5555 esse
3022 5511 3220 5554 servos
3278 5496 3336 5550 et
3367 5489 3701 5567 -ministros
3755 5487 3839 5545 in-

3723 183 3894 291 Iset
3987 159 3992 236 ἶ
