4002 6078
173 317 205 383 ’1
219 314 332 383 389

1315 271 1690 378 HOMlLl/E.
1725 348 1800 358 —
1832 311 1908 376 ιι.
1954 313 2057 377 DE
2100 316 2446 380 SANCTIS.

3430 321 3454 380 i
3469 321 3586 383 5'70

179 458 408 527 insuper
433 453 644 526 plebem
672 450 1017 515 suam.Quia
1047 467 1299 524 namque
1327 452 1516 506 Aaron
1548 447 1834 506 excellens
1862 453 1917 519 Α
1945 455 2180 506 norunt.
2206 452 2274 506 Et
2317 453 2489 523 juxta
2528 450 2672 507 illud
2722 451 3126 524 propheticum
3159 469 3172 507 :
3205 475 3235 503 ‹‹
3278 453 3397 510 Heu
3437 455 3590 526 perit

179 544 290 600 fuit
317 543 378 598 in
410 541 814 598 observatione
846 539 1148 612 legis,ideo
1174 557 1208 596 a
1237 539 1354 594 Deo
1386 555 1658 595 summus
1689 555 1833 610 pon-

180 626 316 688 tifex
349 647 525 704 super
555 627 782 702 plebem
809 629 1145 686 Judeorum
1171 628 1526 684 sublimatus
1548 633 1603 683 et
1624 627 1834 682 conﬁr-

180 726 375 777 matus
406 718 788 776 est.Christus
821 735 1074 791 quoque,
1109 717 1247 789 quia
1278 717 1556 772 obediens
1585 716 1696 770 fuit
1728 719 1834 769 Pa-

177 812 250 866 tri
280 825 466 882 usque
498 808 568 863 ad
604 811 1016 874 mortem,eum
1048 805 1389 862 sublimavit
1417 808 1472 860 et
1504 805 1554 860 ei
1577 802 1838 876 «juravit

178 899 483 965 Dominus,
518 902 578 953 et
604 913 718 954 non
753 895 1057 969 pcenitebit
1104 912 1236 951 eum
1273 912 1285 950 :
1321 895 1408 950 Tu
1463 911 1524 950 es
1564 893 1836 949 sacerdos

177 989 239 1044 in
270 993 553 1044 aeternum
575 985 902 1042 secundum
925 975 1190 1040 ordinem
1215 982 1635 1039 Melchisedech
1661 981 1833 1053 (Psal.

178 1078 310 1149 (δικ).
347 1099 376 1126 ››
399 1072 610 1132 Beatus
655 1091 885 1147 quoque
916 1073 1193 1147 pontifex,
1227 1072 1320 1128 cui
1353 1072 1524 1128 hodie
1565 1071 1839 1127 solemni-

179 1182 402 1232 zamus,
437 1163 578 1236 quia
623 1160 910 1218 excellens
955 1161 1066 1217 fuit
1107 1161 1168 1216 in
1221 1160 1622 1216 observatione
1668 1158 1835 1231 legis,

181 1253 388 1310 merito
417 1269 451 1307 a
481 1253 595 1308 Deo
626 1265 743 1306 non
776 1250 970 1306 solum
987 1248 1373 1322 spiritualiter
1388 1253 1445 1304 et
1467 1247 1836 1313 aeternaliter,

92 1398 94 1400 ,
180 1343 283 1399 sed
311 1342 487 1398 etiam
530 1338 934 1413 temporaliter
978 1339 1050 1393 ad
1096 1354 1399 1394 summum
1449 1337 1838 1393 sacerdotium

183 1436 488 1506 promotus
519 1435 627 1486 est.
661 1433 780 1485 Hoc
833 1432 921 1484 est
965 1429 1121 1500 quod
1169 1425 1481 1500 Apostolus
1514 1426 1635 1482 ait:
1677 1445 1698 1475 α
1733 1424 1841 1488 Qui

183 1523 328 1578 bene
357 1517 840 1585 ministraverint,
860 1519 1079 1574 bonum
1114 1518 1362 1590 gradum
1395 1517 1506 1572 sibi
1539 1513 1844 1587 acquirent

183 1612 228 1682 (Ι
263 1613 397 1666 Tim.
451 1609 608 1681 111).»
640 1608 710 1664 Et
757 1607 1040 1662 Dominus
1089 1606 1149 1661 in
1202 1605 1512 1679 Evangelio
1545 1621 1557 1659 :
1595 1627 1622 1654 «
1669 1603 1840 1660 Omni

177 1697 421 1756 habenti
450 1698 687 1754 dabitur
701 1700 757 1752 et
778 1695 1334 1767 abundabit(Matth.
1349 1713 1461 1750 xxv
1477 1712 1490 1763 ;
1508 1696 1635 1748 Luc.
1654 1692 1793 1762 xxx.)
1811 1713 1839 1740 ››

177 1789 340 1854 Quod
372 1787 660 1860 quosdam
693 1786 1066 1854 condemnat,
1100 1785 1199 1856 qui
1250 1802 1365 1840 non
1421 1784 1652 1838 meritis
1694 1780 1837 1847 suis,

177 1879 281 1936 sed
299 1878 494 1951 potius
512 1876 772 1932 nummis
792 1875 1254 1947 suffragantibus
1275 1873 1596 1946 perniciose
1613 1887 1840 1944 promo-

180 1971 406 2024 ventur.
434 1965 513 2022 De
543 1966 763 2038 quibus
803 1962 1086 2020 Dominus
1119 1979 1220 2035 per
1248 1962 1591 2034 prophetam
1619 1977 1630 2014 2
1659 1983 1684 2009 «
1721 1959 1836 2031 Ipsi

185 2059 592 2130 regnaverunt,
613 2059 670 2109 et
698 2070 815 2108 non
839 2070 908 2109 ex
937 2068 1052 2107 me.
1088 2051 1383 2123 Principes
1414 2051 1752 2116 existerunt,
1782 2051 1840 2103 et

188 2161 294 2219 ego
325 2143 586 2218 ignoravi
619 2143 910 2216 (Ose.vm).
937 2164 965 2192 »
990 2143 1101 2197 [los
1118 2140 1272 2196 enim
1290 2141 1472 2211 judex
1494 2140 1759 2194 internus
1784 2140 1842 2192 et

191 2233 456 2308 provehit
475 2238 533 2289 et
555 2231 908 2303 neseit,quia
928 2247 1074 2302 quos
1097 2229 1484 2302 permittendo
1505 2227 1843 2297 tolerat,per

184 2324 478 2397 judicium
511 2318 936 2394 reprobationis
965 2319 1214 2392 ignorat.
1247 2322 1415 2372 Sexta
1445 2318 1631 2388 gratia
1661 2321 1752 2370 est
1781 2331 1842 2368 o-

194 2412 353 2486 pinlo
382 2411 631 2478 bona,de
659 2427 775 2482 qua
803 2408 1112 2465 subditur:
1147 2408 1578 2463 Benedictionem
1600 2406 1844 2460 omnium

193 2503 438 2572 gentium
466 2501 612 2556 dedit
641 2501 748 2554 illi.
785 2503 944 2553 Bona
991 2497 1227 2570 quidem
1260 2496 1454 2568 opinio
1508 2498 1846 2550 sanctorum

193 2597 282 2648 est
310 2607 489 2648 causa
519 2589 659 2662 quia
709 2587 824 2660 ipsi
873 2587 945 2643 ab
996 2586 1272 2642 omnibus
1302 2584 1576 2657 gentibus
1610 2581 1848 2638 benedi-

194 2685 404 2737 cantur
433 2684 491 2736 et
533 2678 865 2733 laudentur.
899 2676 1044 2732 Data
1090 2679 1179 2732 est
1227 2675 1444 2746 quippe
1485 2675 1676 2728 Aaron
1726 2676 1848 2725 tam

195 2769 390 2825 suavis
419 2766 616 2841 opinio
667 2765 926 2822 nominis
957 2769 1022 2820 ut
1055 2779 1258 2818 omnes
1296 2762 1397 2834 qui
1429 2763 1500 2816 de
1529 2778 1595 2817 eo
1626 2761 1848 2832 legunt,

197 2875 332 2915 eum
363 2857 734 2914 benedicunt.
767 2854 994 2910 Christo
1041 2869 1275 2925 quoque
1319 2853 1520 2906 datum
1555 2853 1663 2915 est,
1697 2853 1762 2903 ut
1790 2847 1850 2902 in

199 2946 530 3004 admirabili
568 2944 824 3001 nominis
856 2943 948 3000 sui
979 2941 1284 3007 suavitate,
1315 2958 1430 2996 non
1482 2939 1674 2995 solum
1718 2953 1851 2992 eum

199 3035 546 3093 benedicant
575 3035 675 3091 sed
725 3037 790 3088 ut
841 3032 1017 3088 etiam
1063 3031 1124 3086 in
1155 3047 1220 3086 eo
1271 3028 1690 3084 benedicantur
1728 3043 1853 3081 om—

199 3143 304 3182 nes
335 3130 556 3199 gentes.
591 3123 769 3179 Istius
802 3138 1034 3195 quoque
1063 3119 1217 3176 beati
1249 3117 1602 3174 confessoris
1641 3115 1852 3189 glorio-

1869 1832 1916 1896 B

1941 539 2114 594 hodie
2127 539 2218 594 lex
2232 557 2265 594 a
2280 540 2658 608 sacerdote,et
2671 541 2981 598 consilium
2996 558 3027 596 a
3040 540 3384 614 sapiente,et
3397 559 3588 598 sermo

1943 645 1975 682 a
1997 628 2278 700 propheta
2311 630 2520 700 (Ezech.
2551 630 2672 702 vn).
2704 653 2731 679 »
2753 632 2797 685 A
2819 647 2932 702 quo
2955 647 3090 704 ergo
3121 632 3379 687 minores
3401 632 3592 704 requi-

1944 733 2064 771 rem
2092 716 2301 789 legem,
2336 735 2469 773 cum
2514 719 2796 790 scriptum
2849 719 2923 774 sit
2956 736 2968 774 :
3007 741 3034 768 «
3069 719 3246 775 Labia
3274 719 3592 777 sacerdotis

1943 805 2284 861 custodiunt
2329 806 2654 875 scientiam,
2701 812 2757 863 et
2803 808 2988 880 legem
3040 809 3337 880 requirent
3376 811 3444 866 de
3495 827 3594 867 ore

1943 895 2070 966 ejus
2100 895 2242 966 (Mal.
2277 896 2361 967 ιι),
2399 919 2426 945 ››

2017 983 2227 1039 Octava
2281 985 2469 1057 gratia
2515 990 2603 1041 est
2650 985 2988 1058 approbatio
3038 987 3482 1056 benedictionis,
3522 989 3594 1044 de

1945 1089 2061 1144 qua
2092 1073 2402 1129 subditur:
2440 1073 2717 1143 (leg-novit,
2750 1075 2809 1130 id
2849 1079 2938 1131 est
2983 1076 3327 1148 approbavit
3363 1093 3490 1132 eum
3535 1079 3597 1132 in

1949 1163 2410 1218 benedictionibus
2439 1166 2576 1219 suis.
2609 1165 2678 1219 Et
2707 1166 2897 1220 Aaron
2949 1165 3185 1237 quidem
3232 1165 3292 1220 in
3329 1166 3507 1222 Israel
3531 1166 3596 1222 in

1945 1257 2204 1323 tempore
2235 1268 2340 1307 suo
2362 1251 2898 1309 habuitefﬁcaciam
2926 1253 3598 1312 benedicendi.Christus

1945 1357 2077 1396 vero
2129 1357 2360 1412 semper
2412 1348 2468 1396 et
2516 1342 2732 1414 ubique
2779 1359 2893 1397 non
2925 1341 3115 1398 solum
3149 1343 3462 1412 benedixit,
3493 1344 3597 1401 sed

1947 1429 2121 1485 etiam
2153 1427 2282 1500 ipsa
2337 1429 2663 1485 benedictio
2695 1435 2803 1498 est,
2837 1430 2964 1486 sine
3013 1447 3130 1502 qua
3169 1430 3370 1488 nullus
3411 1435 3602 1505 potest

1947 1535 2075 1573 esse
2107 1517 2470 1574 benedictus.
2499 1518 2608 1574 Sed
2659 1518 2833 1574 etiam
2883 1519 3063 1575 istum
3109 1519 3432 1592 gloriosum
3463 1537 3601 1578 oon-

1949 1608 2225 1662 fessorem
2260 1607 2343 1662 sic
2373 1607 2640 1680 cognovit
2670 1607 2823 1664 Deus
2844 1608 2904 1663 in
2924 1608 3431 1666 benedictionibus
3449 1609 3599 1680 suis,

1949 1697 2103 1768 quod
2160 1697 2232 1752 ad
2291 1697 2757 1753 benedictionem
2821 1698 2949 1770 ejus
3015 1697 3436 1768 benediceret;
3487 1699 3602 1755 dte-

1950 1785 2248 1841 moniacos
2281 1784 2574 1855 liberaret,
2609 1801 2793 1859 aegros
2832 1790 3084 1858 sanaret,
3117 1792 3311 1860 pestes
3353 1787 3602 1860 fugaret,

1946 1878 2277 1946 peccatores
2326 1874 2667 1931 absolveret.
2721 1875 3045 1948 Episcopus
3094 1877 3310 1950 quippe
3353 1877 3603 1950 gratiam

1947 1968 2005 2017 et
2051 1963 2463 2019 discretionem
2517 1963 2897 2020 benedicendi
2953 1965 3167 2021 habere
3207 1967 3399 2033 debet,
3450 1961 3606 2022 unde

1947 2055 2003 2107 et
2051 2069 2214 2108 sacro
2265 2051 2389 2107 oleo
2441 2069 2681 2108 manum
2729 2053 3030 2109 inunctam
3065 2053 3260 2110 habet.
3305 2055 3413 2110 Sed
3464 2053 3606 2127 quid

1949 2141 2139 2196 dicam
2180 2142 2250 2196 de
2298 2141 2654 2213 quibusdam
2689 2141 2976 2215 episcopis
3026 2142 3334 2215 perversis,
3388 2143 3489 2216 qui
3527 2143 3609 2204 af.

1951 2231 2136 2286 fectus
2195 2247 2366 2299 suos,
2429 2248 2544 2287 non
2604 2247 2812 2288 causas
2870 2232 3211 2287 meritorum
3269 2237 3605 2305 sequentes,

1952 2320 2306 2375 benedicunt
2342 2319 2693 2387 maledictis,
2725 2325 2782 2376 et
2825 2320 3182 2376 maledicunt
3231 2321 3608 2378 benedictis?

1954 2409 2043 2474 l-Ii,
2095 2409 2263 2478 juxta
2320 2409 2684 2480 prophetam,
2750 2433 2770 2459 ιι
2829 2410 3126 2464 viviﬁcant
3194 2409 3423 2468 animas
3481 2427 3608 2483 quae

1955 2498 2300 2566 morientur,
2334 2503 2388 2553 et
2447 2499 2800 2554 mortiﬁcant
2859 2499 3088 2556 animas
3147 2516 3274 2571 quae
3319 2517 3433 2556 non
3483 2518 3611 2560 mo-

1955 2589 2189 2642 riuntur
2234 2589 2441 2659 (Bacch.
2471 2591 2614 2660 xm).
2654 2611 2674 2641 ι
2703 2589 2866 2644 Nona
2907 2589 3096 2661 gratia
3139 2594 3229 2646 est
3279 2589 3610 2648 misericor-

1958 2677 2072 2746 dia,
2109 2677 2179 2731 de
2237 2694 2353 2749 qua
2411 2677 2686 2732 subditur
2719 2678 3114 2758 :OConseniavit
3169 2680 3262 2734 illi
3306 2681 3615 2738 misericor-

1957 2766 2108 2821 diam
2126 2765 2480 2837 suam,quasi
2495 2765 2650 2822 dicat
2675 2783 2686 2819 :
2709 2765 3171 2823 misericordiam
3195 2785 3373 2840 quam
3393 2769 3615 2827 castoris

1959 2871 2130 2927 parce
2161 2855 2504 2926 dedit,justo
2539 2853 3212 2927 multiplicavit.Nullum
3244 2858 3400 2914 enim
3422 2859 3615 2931 magis

1963 2961 2140 3016 quam
2173 2944 2535 2999 sacerdotem
2567 2943 2970 3000 misericordia
2999 2945 3290 3018 decet,qui
3321 2963 3426 3018 per
3455 2963 3614 3003 com-

1963 3033 2299 3106 passionem
2349 3031 2626 3087 omnibus
2678 3032 2877 3088 omnia
2925 3033 3050 3088 ﬁeri
3102 3033 3292 3100 debet.
3325 3035 3394 3090 Et
3422 3037 3613 3092 Aaron

1967 3123 2202 3195 quidem
2257 3137 2534 3192 magnam
2576 3120 3039 3177 misericordiam
3091 3121 3315 3190 habuit,
3358 3125 3457 3196 qui
3510 3135 3614 3198 pro

200 3233 328 3273 sam
356 3215 535 3270 vitam
585 3217 642 3269 et
688 3211 1186 3268 conversationem
1239 3209 1576 3281 quicunque
1607 3203 1925 3268 audiunt’C
1962 3211 2499 3283 transgressoribus
2530 3214 2584 3264 et
2607 3210 2780 3266 etiam
2803 3212 3312 3268 murmurantibus
3333 3218 3535 3270 contra
3551 3231 3616 3270 se

199 3305 288 3362 vel
318 3305 539 3378 legunt,
573 3319 709 3359 eum
739 3301 984 3356 laudant
1016 3303 1072 3354 et
1103 3299 1477 3354 benedicunt.
1513 3297 1672 3350 Sicut
1703 3293 1858 3350 enim

205 3396 358 3450 bona
387 3391 746 3450 conscientia
776 3389 1107 3446 necessaria
1133 3392 1224 3444 est
1267 3403 1462 3443 coram
1516 3387 1652 3452 Deo,
1693 3385 1775 3438 ita
1805 3387 1861 3438 et

208 3485 363 3540 bona
392 3482 588 3556 opinio
631 3497 827 3537 coram
880 3478 1241 3542 hominibus,
1288 3476 1575 3549 praecipue
1618 3471 1858 3546 pastori,

211 3573 314 3646 qui
347 3573 550 3628 docere
573 3571 745 3626 debet
775 3567 1057 3642 populum
1086 3584 1200 3622 non
1233 3567 1423 3621 solum
1445 3565 1637 3632 verbo,
1670 3562 1771 3617 sed
1803 3565 1861 3617 et

211 3660 668 3734 exemplo.Unde
697 3659 984 3715 Dominus
1015 3675 1026 3712 :
1062 3681 1090 3708 «
1113 3657 1206 3712 Sic
1226 3655 1459 3711 luceant
1479 3669 1655 3725 opera
1670 3655 1862 3707 vestra

209 3768 407 3808 coram
430 3749 791 3817 hominibus,
811 3753 878 3803 ut
907 3746 1233 3820 gloriﬁcent
1263 3746 1488 3800 Patrem
1521 3742 1622 3814 qui
1652 3741 1712 3796 in
1743 3757 1860 3796 cm-

205 3841 282 3898 lis
324 3845 414 3896 est
465 3839 665 3911 (Matth.
707 3839 784 3910 v).
815 3861 841 3887 ››
873 3837 1034 3900 Quod
1083 3839 1277 3908 aperte
1328 3838 1530 3888 contra
1573 3830 1703 3886 illos
1751 3833 1859 3895 est,

209 3931 311 4004 qui
357 3928 464 3984 etsi
511 3927 661 3984 clam
709 3927 855 3982 bene
883 3926 1098 3992 vivant,
1141 3929 1338 3979 tamen
1387 3923 1457 3977 de
1501 3939 1562 3977 se
1609 3919 1862 3976 exterius

209 4019 362 4075 male
393 4017 619 4090 Opinari
664 4015 1030 4089 permittunt,
1062 4017 1148 4068 tot
1188 4013 1268 4068 rei
1315 4011 1667 4078 animarum,
1719 4012 1863 4080 quot

207 4113 446 4182 propter
489 4105 835 4162 scandalum
877 4103 1041 4160 malae
1073 4101 1364 4175 opinionis
1393 4117 1512 4155 suae
1543 4099 1860 4172 perierunt.

204 4197 467 4269 Septima
493 4195 682 4268 gratia
709 4198 800 4250 est
828 4191 1294 4256 conﬁrmatio,de
1326 4207 1441 4262 qua
1471 4188 1738 4260 sequitur
1761 4188 1863 4242 :‘Et

211 4287 608 4343 Testamentum
650 4301 812 4339 suum
858 4283 1200 4353 conﬁrmavit
1248 4295 1410 4351 super
1445 4286 1606 4350 caput
1633 4277 1770 4348 ejus,
1803 4275 1862 4329 id

206 4377 298 4431 est
315 4389 542 4432 sacram
565 4373 1084 4447 Scripturamqua:
1105 4374 1194 4426 est
1212 4371 1633 4425 testamentum
1657 4366 1863 4420 futura:

207 4464 594 4529 haereditatis,
627 4461 996 4518 conﬁrmavit
1025 4461 1087 4515 in
1136 4462 1332 4513 mente
1380 4459 1527 4529 ejus.
1563 4457 1630 4510 Et
1673 4457 1863 4509 Aaron

207 4554 451 4627 quidem
483 4553 543 4608 in
575 4555 812 4624 accepta
835 4550 961 4622 lege
981 4550 1187 4604 ﬁrmus
1209 4546 1611 4603 fuit.Christus
1631 4559 1864 4617 quoque

207 4660 329 4701 non
361 4640 552 4698 solum
585 4642 812 4708 ﬁrmus,
835 4641 936 4696 sed
967 4639 1144 4694 etiam
1174 4636 1479 4708 utriusque
1508 4633 1865 4691 Testamenti

208 4733 590 4788 conﬁrmator
638 4729 766 4786 fuit.
789 4731 834 4784 A
865 4745 980 4801 quo
1011 4727 1185 4784 etiam
1217 4726 1325 4781 iste
1355 4725 1644 4798 gloriosus
1676 4722 1866 4795 ponti-

207 4821 304 4877 fex
333 4821 416 4877 sic
447 4821 830 4877 conﬁrmatus
862 4817 1153 4889 fuit,quod
1176 4832 1280 4888 pro
1310 4815 1436 4888 lege
1454 4815 1550 4870 Dei
1566 4813 1656 4868 sui
1677 4829 1866 4884 usque

207 4911 284 4967 ad
317 4915 565 4967 mortem
598 4909 922 4978 certavit,et
952 4924 1068 4962 non
1099 4906 1298 4960 timuit
1329 4922 1361 4960 a
1389 4905 1580 4960 verbis
1603 4919 1866 4975 persecu-

201 5005 408 5057 torum
458 5007 515 5055 et
565 4998 996 5054 haereticorum.
1055 4995 1218 5051 Unde
1269 4994 1374 5050 etsi
1426 4994 1684 5049 animam
1737 4993 1864 5063 ejus

205 5089 444 5164 gladius
477 5105 592 5144 non
625 5087 887 5154 abstulit,
922 5085 1180 5158 palmam
1215 5089 1411 5138 tamen
1450 5082 1716 5154 martyrii
1749 5097 1864 5136 non

203 5177 434 5236 amisit.
460 5177 740 5234 Convenit
782 5176 998 5248 quippe
1031 5173 1194 5247 quod,
1217 5172 1524 5245 episcopus
1555 5171 1630 5226 sit
1661 5173 1865 5226 doctus

206 5271 269 5324 et
299 5268 508 5323 ﬁrmus
541 5266 600 5321 in
633 5265 777 5339 lege,
813 5265 910 5336 qui
959 5265 1103 5321 alios
1153 5264 1324 5319 debet
1367 5262 1570 5317 docere
1619 5261 1676 5314 in
1718 5259 1862 5333 lege.

205 5356 378 5413 Unde
408 5359 465 5412 et
493 5355 729 5412 mitram
762 5354 1059 5411 bicornem
1093 5353 1153 5408 in
1185 5351 1371 5425 capite
1395 5351 1632 5424 gerit,ut
1653 5349 1868 5406 utrius-

207 5461 328 5519 que
357 5461 537 5502 cornu
587 5445 947 5502 Testamenti
997 5444 1172 5498 ﬁdem
1222 5441 1374 5498 tueri
1423 5444 1480 5496 et
1521 5439 1866 5496 conﬁrmare

205 5537 420 5610 possit.
452 5540 519 5591 In
551 5543 665 5609 quo
699 5533 937 5607 quidem
964 5531 1277 5589 miserrimi
1301 5530 1558 5603 episcopi
1588 5530 1866 5586 condem-

195 5615 737 5705 'nant‘ur,qui'legis
767 5623 868 5684 Dei
896 5622 1106 5700 ignari,
1134 5637 1238 5682 nec
1268 5635 1463 5694 se,nec
1495 5619 1641 5680 alios
1672 5635 1868 5697 regere

1969 3299 2615 3372 supplicavit.Christus
2645 3316 2778 3355 vero
2799 3315 2916 3355 non
2941 3300 3128 3356 solum
3153 3301 3617 3370 misericors,sed

1968 3389 2144 3445 etiam
2178 3389 2306 3460 ipsa
2335 3387 2736 3444 misericordia
2765 3393 2821 3444 et
2851 3394 3021 3456 est,et
3041 3390 3277 3463 fuit,qui
3306 3391 3480 3447 etiam
3512 3407 3617 3464 pro

1969 3479 2094 3534 suis
2147 3477 2587 3533 crueiﬁxoribus
2638 3477 2696 3533 in
2745 3495 2913 3534 cruce
2961 3480 3218 3535 exoravit
3251 3480 3398 3552 (Luc.
3430 3479 3616 3552 xxm).

1970 3569 2086 3624 Iste
2118 3583 2350 3640 quoque
2380 3566 2668 3638 gloriosus
2699 3568 2997 3624 confessor
3027 3567 3165 3624 totis
3204 3568 3618 3626 misericordia:

1967 3657 2288 3713 visceribus
2337 3655 2580 3724 efﬂuxit,
2615 3657 2972 3729 patientibus
3005 3657 3384 3730 compatiens,
3417 3658 3618 3716 dolen-

1969 3747 2129 3802 tibus
2160 3744 2747 3812 condolens,aliorum
2781 3762 2956 3802 onera
2986 3751 3246 3819 portans,
3270 3765 3363 3803 res
3389 3764 3528 3804 suas
3553 3747 3618 3804 in

1970 3836 2246 3908 operibus
2275 3834 2686 3890 misericordia
2718 3834 3350 3908 distribuens,peccata
3369 3837 3619 3894 aliorum

1969 3925 2313 3996 lugens,pro
2348 3923 2816 3996 persecutoribus
2848 3925 2974 3980 suis
3003 3941 3268 3994 exorans,
3299 3926 3476 3981 etiam
3508 3926 3620 3982 ini-

1971 4015 2140 4070 micis
2171 4013 2294 4068 suis
2325 4013 2713 4068 benefaciens.
2746 4017 2811 4067 In
2863 4030 2979 4086 quo
3030 4031 3136 4070 nos
3179 4013 3376 4070 miseri
3427 4028 3620 4070 sacer-

1972 4105 2136 4158 dotes
2166 4102 2557 4169 confutamur,
2602 4102 2702 4173 qui
2733 4118 2870 4174 erga
2925 4119 3209 4175 pauperes
3267 4106 3326 4158 et
3373 4102 3620 4159 afﬂictos

1971 4191 2135 4246 nulla
2164 4189 2568 4262 compassione
2616 4206 3070 4258 commovemur,
3108 4190 3207 4264 qui
3253 4191 3326 4246 ad
3371 4191 3620 4248 aliorum

1973 4280 2348 4335 inﬁrmitates
2381 4279 2548 4334 ferrei
2581 4283 2638 4334 et
2669 4279 2800 4333 duri
2831 4296 3059 4347 sumus,
3096 4297 3244 4352 quos
3275 4280 3407 4353 plus
3435 4280 3624 4354 tangit

1973 4370 2146 4425 ruina
2171 4369 2378 4424 animae
2402 4371 2611 4423 nostra:
2635 4368 2896 4423 cadentis
2911 4385 3087 4440 quam
3110 4369 3392 4425 damnum
3411 4369 3622 4426 animae

1973 4459 2316 4515 Christianae
2347 4456 2664 4528 pereuntis.
2699 4456 2934 4512 Decima
2980 4456 3168 4530 gratia
3208 4461 3298 4513 est
3335 4458 3624 4530 gratias-a-

1894 4575 1941 4640 D
1975 4546 2300 4603 bundantia
2326 4546 2395 4601 de
2427 4563 2544 4618 qua
2574 4545 2849 4601 subditur
2881 4562 2895 4600 :
2929 4547 2994 4601 Et
3023 4547 3234 4602 invenit
3269 4548 3505 4618 gratiam
3533 4561 3620 4603 eo-

1967 4653 2094 4693 ‘ram
2125 4637 2297 4692 oculis
2320 4637 2558 4692 Domini.
2594 4636 2743 4690 Sane
2773 4635 3046 4690 sacerdos
3067 4652 3180 4690 non
3215 4634 3444 4703 una,vel
3471 4635 3623 4692 duo-

1975 4728 2086 4782 bus
2109 4725 2442 4800 gratiis,sed
2468 4723 2786 4780 multarum
2810 4723 3168 4779 abundantia
3189 4715 3510 4796 gratiarum
3531 4724 3625 4781 de-

1975 4818 2071 4872 bet
2100 4815 2378 4870 decorari.
2425 4816 2494 4870 Et
2548 4816 2736 4868 Aaron
2788 4813 3026 4886 quidem
3076 4813 3396 4886 gratiarum
3445 4812 3624 4869 abun-

1976 4905 2175 4961 dantia
2205 4905 2477 4976 perfusus
2507 4903 2636 4972 fuit,
2665 4903 2819 4974 quod
2869 4919 2971 4974 per
3016 4901 3210 4958 oleum
3243 4919 3420 4975 super
3449 4906 3625 4976 caput
3667 4889 3670 4892 ’

1974 4996 2102 5066 ejus
2133 4996 2470 5060 eifusum,et
2502 4993 2572 5048 ad
2607 4993 2848 5047 barbam
2873 4996 2929 5046 et
2948 4991 3124 5047 etiam
3156 5009 3341 5064 usque
3369 4993 3440 5047 ad
3460 5007 3623 5049 oram

1973 5083 2300 5139 vestimenti
2335 5083 2596 5138 deﬂuens
2618 5083 2790 5151 (Psal.
2824 5081 3022 5152 xxxn),
3057 5080 3451 5153 signiﬁcatum
3492 5081 3621 5139 fuit.

1975 5172 2243 5228 Christus
2273 5188 2405 5227 vero
2464 5187 2698 5226 omnem
2756 5171 2930 5227 habet
2985 5171 3043 5226 in
3099 5187 3159 5226 se
3201 5170 3624 5242 plenitudinem

1976 5263 2502 5335 gratiarum,quem
2536 5261 2701 5316 unxit
2731 5261 2885 5316 Deus
2916 5260 3084 5316 Pater
3112 5259 3236 5316 oleo
3267 5259 3476 5316 laatitiai
3499 5275 3625 5334 pre

1977 5349 2362 5423 participibus
2413 5348 2536 5404 suis
2567 5350 2738 5418 (Psal.
2771 5349 2944 5420 xuv).
2979 5352 3026 5402 A
3059 5365 3174 5421 quo
3215 5348 3310 5405 hic
3334 5348 3629 5422 gloriosus

1977 5440 2276 5496 confessor
2307 5439 2390 5493 sic
2419 5437 2578 5510 large
2609 5439 2882 5510 perfusus
2915 5441 3097 5506 est,ut
3125 5437 3173 5492 si
3203 5438 3331 5508 ejus
3361 5441 3627 5494 sanetam

1975 5529 2376 5597 vitam,mores
2406 5529 2462 5581 et
2493 5530 2657 5582 actus
2686 5525 3011 5600 legas,eum
3035 5524 3199 5581 nulla
3215 5523 3426 5580 virtute
3445 5524 3630 5580 nulla-

1977 5635 2091 5696 que
2121 5615 2308 5696 gratia
2338 5614 2596 5678 caruisse
2625 5615 2806 5676 dicas.
2841 5614 2957 5674 Sed
2990 5614 3132 5696 quid
3159 5629 3278 5676 nos
3303 5611 3504 5673 miseri
3520 5623 3628 5678 θω-
