  <div class='ocr_page' id='page_1' title='image "/cluster/home/n/w/nwhite01/storage/ocr_20150623/155/hvd.32044054760137/789.png"; bbox 0 0 4002 6078; ppageno 0'>
   <div class='ocr_carea' id='block_1_1' title="bbox 493 320 641 382">
    <p class='ocr_par' dir='ltr' id='par_1_1' title="bbox 493 320 641 382">
     <span class='ocr_line' id='line_1_1' title="bbox 493 320 641 382; baseline 0 0"><span class='ocrx_word' id='word_1_1' title='bbox 493 320 641 382; x_wconf 68' lang='grc'>1371</span> 
     </span>
    </p>
   </div>
   <div class='ocr_carea' id='block_1_2' title="bbox 1772 316 2624 384">
    <p class='ocr_par' dir='ltr' id='par_1_2' title="bbox 1772 316 2624 384">
     <span class='ocr_line' id='line_1_2' title="bbox 1772 316 2624 384; baseline 0 -2"><span class='ocrx_word' id='word_1_2' title='bbox 1772 316 2166 383; x_wconf 80' lang='lat' dir='ltr'>RADULPHI</span> <span class='ocrx_word' id='word_1_3' title='bbox 2207 317 2624 384; x_wconf 83' lang='lat' dir='ltr'>ARDEN’I‘IS.</span> 
     </span>
    </p>
   </div>
   <div class='ocr_carea' id='block_1_3' title="bbox 3759 324 3924 384">
    <p class='ocr_par' dir='ltr' id='par_1_3' title="bbox 3759 324 3924 384">
     <span class='ocr_line' id='line_1_3' title="bbox 3759 324 3924 384; baseline 0 0"><span class='ocrx_word' id='word_1_4' title='bbox 3759 324 3794 384; x_wconf 84' lang='grc'><strong>1</strong></span> <span class='ocrx_word' id='word_1_5' title='bbox 3805 325 3924 384; x_wconf 77' lang='lat'>57‘2</span> 
     </span>
    </p>
   </div>
   <div class='ocr_carea' id='block_1_4' title="bbox 493 451 3924 528">
    <p class='ocr_par' dir='ltr' id='par_1_4' title="bbox 493 451 3924 528">
     <span class='ocr_line' id='line_1_4' title="bbox 493 451 3924 528; baseline 0.001 -19"><span class='ocrx_word' id='word_1_6' title='bbox 493 457 757 511; x_wconf 76' lang='lat' dir='ltr'>cerdotes</span> <span class='ocrx_word' id='word_1_7' title='bbox 787 451 996 510; x_wconf 87' lang='lat' dir='ltr'>facturi</span> <span class='ocrx_word' id='word_1_8' title='bbox 1026 452 1512 526; x_wconf 89' lang='lat' dir='ltr'>sumus,quicum</span> <span class='ocrx_word' id='word_1_9' title='bbox 1537 454 1913 510; x_wconf 87' lang='lat' dir='ltr'>deberemuss</span> <span class='ocrx_word' id='word_1_10' title='bbox 1937 454 2136 511; x_wconf 88' lang='lat' dir='ltr'>essein</span> <span class='ocrx_word' id='word_1_11' title='bbox 2167 455 2224 524; x_wconf 79' lang='grc' dir='ltr'><strong>Α</strong></span> <span class='ocrx_word' id='word_1_12' title='bbox 2252 455 2559 527; x_wconf 84' lang='lat' dir='ltr'>principio,</span> <span class='ocrx_word' id='word_1_13' title='bbox 2587 456 2645 509; x_wconf 91' lang='lat' dir='ltr'>in</span> <span class='ocrx_word' id='word_1_14' title='bbox 2689 454 3008 511; x_wconf 89' lang='lat' dir='ltr'>novissimo</span> <span class='ocrx_word' id='word_1_15' title='bbox 3038 455 3436 513; x_wconf 85' lang='lat' dir='ltr'>benedictione</span> <span class='ocrx_word' id='word_1_16' title='bbox 3468 457 3697 514; x_wconf 76' lang='lat' dir='ltr'>carebit</span> <span class='ocrx_word' id='word_1_17' title='bbox 3727 461 3924 528; x_wconf 72' lang='lat' dir='ltr'>(Prov.</span> 
     </span>
    </p>
   </div>
   <div class='ocr_carea' id='block_1_5' title="bbox 491 542 2138 616">
    <p class='ocr_par' dir='ltr' id='par_1_5' title="bbox 491 542 2138 616">
     <span class='ocr_line' id='line_1_5' title="bbox 491 542 2138 616; baseline 0 -18"><span class='ocrx_word' id='word_1_18' title='bbox 491 544 678 600; x_wconf 87' lang='lat' dir='ltr'>lucem</span> <span class='ocrx_word' id='word_1_19' title='bbox 712 542 1204 616; x_wconf 88' lang='lat' dir='ltr'>gentium,potius</span> <span class='ocrx_word' id='word_1_20' title='bbox 1235 543 1528 598; x_wconf 81' lang='lat' dir='ltr'>fumantes</span> <span class='ocrx_word' id='word_1_21' title='bbox 1561 559 1738 614; x_wconf 89' lang='lat' dir='ltr'>quam</span> <span class='ocrx_word' id='word_1_22' title='bbox 1770 543 2138 600; x_wconf 84' lang='lat' dir='ltr'>ﬂammantes</span> 
     </span>
    </p>
   </div>
   <div class='ocr_carea' id='block_1_6' title="bbox 493 631 2140 705">
    <p class='ocr_par' dir='ltr' id='par_1_6' title="bbox 493 631 2140 705">
     <span class='ocr_line' id='line_1_6' title="bbox 493 631 2140 705; baseline 0.001 -17"><span class='ocrx_word' id='word_1_23' title='bbox 493 634 754 688; x_wconf 85' lang='lat' dir='ltr'>sumus?</span> <span class='ocrx_word' id='word_1_24' title='bbox 784 631 1102 688; x_wconf 90' lang='lat' dir='ltr'>Undecima</span> <span class='ocrx_word' id='word_1_25' title='bbox 1144 632 1334 704; x_wconf 87' lang='lat' dir='ltr'>gratia</span> <span class='ocrx_word' id='word_1_26' title='bbox 1363 636 1452 686; x_wconf 89' lang='lat' dir='ltr'>est</span> <span class='ocrx_word' id='word_1_27' title='bbox 1490 633 1888 705; x_wconf 82' lang='lat' dir='ltr'>magniﬁcatio</span> <span class='ocrx_word' id='word_1_28' title='bbox 1920 635 1976 688; x_wconf 84' lang='lat' dir='ltr'>in</span> <span class='ocrx_word' id='word_1_29' title='bbox 2008 650 2140 689; x_wconf 85' lang='lat' dir='ltr'>eon-</span> 
     </span>
    </p>
   </div>
   <div class='ocr_carea' id='block_1_7' title="bbox 487 719 2137 795">
    <p class='ocr_par' dir='ltr' id='par_1_7' title="bbox 487 719 2137 795">
     <span class='ocr_line' id='line_1_7' title="bbox 487 719 2137 795; baseline -0.001 -16"><span class='ocrx_word' id='word_1_30' title='bbox 487 730 671 795; x_wconf 63' lang='grc' dir='ltr'>δροσίην</span> <span class='ocrx_word' id='word_1_31' title='bbox 703 719 1115 791; x_wconf 76' lang='lat' dir='ltr'>regnumTalis</span> <span class='ocrx_word' id='word_1_32' title='bbox 1149 720 1363 794; x_wconf 84' lang='lat' dir='ltr'>quippe</span> <span class='ocrx_word' id='word_1_33' title='bbox 1392 721 1562 776; x_wconf 85' lang='lat' dir='ltr'>debet</span> <span class='ocrx_word' id='word_1_34' title='bbox 1593 738 1721 777; x_wconf 88' lang='lat' dir='ltr'>esse</span> <span class='ocrx_word' id='word_1_35' title='bbox 1752 723 2022 778; x_wconf 85' lang='lat' dir='ltr'>sacerdos</span> <span class='ocrx_word' id='word_1_36' title='bbox 2051 722 2137 778; x_wconf 87' lang='lat' dir='ltr'>vel</span> 
     </span>
    </p>
   </div>
   <div class='ocr_carea' id='block_1_8' title="bbox 487 808 2137 884">
    <p class='ocr_par' dir='ltr' id='par_1_8' title="bbox 487 808 2137 884">
     <span class='ocr_line' id='line_1_8' title="bbox 487 808 2137 884; baseline -0.001 -16"><span class='ocrx_word' id='word_1_37' title='bbox 487 811 818 884; x_wconf 90' lang='lat' dir='ltr'>episcopus,</span> <span class='ocrx_word' id='word_1_38' title='bbox 855 808 954 882; x_wconf 91' lang='lat' dir='ltr'>qui</span> <span class='ocrx_word' id='word_1_39' title='bbox 985 826 1088 881; x_wconf 94' lang='lat' dir='ltr'>pro</span> <span class='ocrx_word' id='word_1_40' title='bbox 1119 826 1227 864; x_wconf 90' lang='lat' dir='ltr'>sua</span> <span class='ocrx_word' id='word_1_41' title='bbox 1254 809 1466 865; x_wconf 90' lang='lat' dir='ltr'>virtute</span> <span class='ocrx_word' id='word_1_42' title='bbox 1496 813 1551 864; x_wconf 92' lang='lat' dir='ltr'>et</span> <span class='ocrx_word' id='word_1_43' title='bbox 1583 809 1887 866; x_wconf 82' lang='lat' dir='ltr'>honestate</span> <span class='ocrx_word' id='word_1_44' title='bbox 1907 811 1967 865; x_wconf 90' lang='lat' dir='ltr'>in</span> <span class='ocrx_word' id='word_1_45' title='bbox 2000 828 2137 867; x_wconf 91' lang='lat' dir='ltr'>con-</span> 
     </span>
    </p>
   </div>
   <div class='ocr_carea' id='block_1_9' title="bbox 489 899 2132 973">
    <p class='ocr_par' dir='ltr' id='par_1_9' title="bbox 489 899 2132 973">
     <span class='ocr_line' id='line_1_9' title="bbox 489 899 2132 973; baseline -0.001 -16"><span class='ocrx_word' id='word_1_46' title='bbox 489 905 693 973; x_wconf 89' lang='lat' dir='ltr'>spectu</span> <span class='ocrx_word' id='word_1_47' title='bbox 748 915 952 972; x_wconf 88' lang='lat' dir='ltr'>regum</span> <span class='ocrx_word' id='word_1_48' title='bbox 1002 902 1058 954; x_wconf 89' lang='lat' dir='ltr'>et</span> <span class='ocrx_word' id='word_1_49' title='bbox 1088 899 1438 954; x_wconf 85' lang='lat' dir='ltr'>reverendus</span> <span class='ocrx_word' id='word_1_50' title='bbox 1485 899 1787 955; x_wconf 80' lang='lat' dir='ltr'>habeatur.</span> <span class='ocrx_word' id='word_1_51' title='bbox 1833 901 1904 955; x_wconf 92' lang='lat' dir='ltr'>Et</span> <span class='ocrx_word' id='word_1_52' title='bbox 1951 902 2132 956; x_wconf 85' lang='lat' dir='ltr'>Aaron</span> 
     </span>
    </p>
   </div>
   <div class='ocr_carea' id='block_1_10' title="bbox 488 987 2133 1063">
    <p class='ocr_par' dir='ltr' id='par_1_10' title="bbox 488 987 2133 1063">
     <span class='ocr_line' id='line_1_10' title="bbox 488 987 2133 1063; baseline 0 -19"><span class='ocrx_word' id='word_1_53' title='bbox 488 989 723 1063; x_wconf 83' lang='lat' dir='ltr'>quidem</span> <span class='ocrx_word' id='word_1_54' title='bbox 754 1005 870 1044; x_wconf 89' lang='lat' dir='ltr'>non</span> <span class='ocrx_word' id='word_1_55' title='bbox 894 987 1084 1043; x_wconf 90' lang='lat' dir='ltr'>solum</span> <span class='ocrx_word' id='word_1_56' title='bbox 1109 987 1308 1060; x_wconf 89' lang='lat' dir='ltr'>populi</span> <span class='ocrx_word' id='word_1_57' title='bbox 1331 987 1421 1043; x_wconf 88' lang='lat' dir='ltr'>sui</span> <span class='ocrx_word' id='word_1_58' title='bbox 1443 989 1936 1060; x_wconf 90' lang='lat' dir='ltr'>principibus,sed</span> <span class='ocrx_word' id='word_1_59' title='bbox 1958 988 2133 1044; x_wconf 86' lang='lat' dir='ltr'>etiam</span> 
     </span>
    </p>
   </div>
   <div class='ocr_carea' id='block_1_11' title="bbox 484 1076 2134 1152">
    <p class='ocr_par' dir='ltr' id='par_1_11' title="bbox 484 1076 2134 1152">
     <span class='ocr_line' id='line_1_11' title="bbox 484 1076 2134 1152; baseline -0.001 -17"><span class='ocrx_word' id='word_1_60' title='bbox 484 1077 719 1152; x_wconf 83' lang='lat' dir='ltr'>regibus</span> <span class='ocrx_word' id='word_1_61' title='bbox 769 1076 1092 1132; x_wconf 91' lang='lat' dir='ltr'>alienorum</span> <span class='ocrx_word' id='word_1_62' title='bbox 1134 1093 1383 1150; x_wconf 87' lang='lat' dir='ltr'>magnus</span> <span class='ocrx_word' id='word_1_63' title='bbox 1431 1076 1666 1132; x_wconf 86' lang='lat' dir='ltr'>habitus</span> <span class='ocrx_word' id='word_1_64' title='bbox 1718 1082 1824 1132; x_wconf 86' lang='lat' dir='ltr'>est.</span> <span class='ocrx_word' id='word_1_65' title='bbox 1867 1077 2134 1133; x_wconf 82' lang='lat' dir='ltr'>Christus</span> 
     </span>
    </p>
   </div>
   <div class='ocr_carea' id='block_1_12' title="bbox 481 1162 2134 1238">
    <p class='ocr_par' dir='ltr' id='par_1_12' title="bbox 481 1162 2134 1238">
     <span class='ocr_line' id='line_1_12' title="bbox 481 1162 2134 1238; baseline -0.001 -17"><span class='ocrx_word' id='word_1_66' title='bbox 481 1183 637 1234; x_wconf 92' lang='lat' dir='ltr'>vero,</span> <span class='ocrx_word' id='word_1_67' title='bbox 671 1181 775 1237; x_wconf 91' lang='lat' dir='ltr'>pro</span> <span class='ocrx_word' id='word_1_68' title='bbox 821 1162 913 1218; x_wconf 90' lang='lat' dir='ltr'>sui</span> <span class='ocrx_word' id='word_1_69' title='bbox 961 1163 1217 1220; x_wconf 87' lang='lat' dir='ltr'>nominis</span> <span class='ocrx_word' id='word_1_70' title='bbox 1264 1165 1586 1236; x_wconf 81' lang='lat' dir='ltr'>majestate,</span> <span class='ocrx_word' id='word_1_71' title='bbox 1635 1181 1866 1221; x_wconf 89' lang='lat' dir='ltr'>omnem</span> <span class='ocrx_word' id='word_1_72' title='bbox 1912 1166 2134 1238; x_wconf 85' lang='lat' dir='ltr'>princi-</span> 
     </span>
    </p>
   </div>
   <div class='ocr_carea' id='block_1_13' title="bbox 483 1253 2129 1327">
    <p class='ocr_par' dir='ltr' id='par_1_13' title="bbox 483 1253 2129 1327">
     <span class='ocr_line' id='line_1_13' title="bbox 483 1253 2129 1327; baseline 0.001 -18"><span class='ocrx_word' id='word_1_73' title='bbox 483 1259 686 1327; x_wconf 85' lang='lat' dir='ltr'>patum</span> <span class='ocrx_word' id='word_1_74' title='bbox 718 1258 774 1309; x_wconf 88' lang='lat' dir='ltr'>et</span> <span class='ocrx_word' id='word_1_75' title='bbox 804 1256 1152 1326; x_wconf 88' lang='lat' dir='ltr'>potestatem</span> <span class='ocrx_word' id='word_1_76' title='bbox 1183 1253 1357 1308; x_wconf 87' lang='lat' dir='ltr'>etiam</span> <span class='ocrx_word' id='word_1_77' title='bbox 1389 1253 1733 1321; x_wconf 84' lang='lat' dir='ltr'>caelestium,</span> <span class='ocrx_word' id='word_1_78' title='bbox 1766 1257 2129 1311; x_wconf 83' lang='lat' dir='ltr'>terrestrium</span> 
     </span>
    </p>
   </div>
   <div class='ocr_carea' id='block_1_14' title="bbox 479 1341 2130 1416">
    <p class='ocr_par' dir='ltr' id='par_1_14' title="bbox 479 1341 2130 1416">
     <span class='ocr_line' id='line_1_14' title="bbox 479 1341 2130 1416; baseline 0 -17"><span class='ocrx_word' id='word_1_79' title='bbox 479 1347 538 1399; x_wconf 88' lang='lat' dir='ltr'>et</span> <span class='ocrx_word' id='word_1_80' title='bbox 567 1343 950 1410; x_wconf 89' lang='lat' dir='ltr'>infernorum,</span> <span class='ocrx_word' id='word_1_81' title='bbox 985 1341 1096 1396; x_wconf 90' lang='lat' dir='ltr'>sibi</span> <span class='ocrx_word' id='word_1_82' title='bbox 1129 1342 1398 1414; x_wconf 85' lang='lat' dir='ltr'>subjecit.</span> <span class='ocrx_word' id='word_1_83' title='bbox 1434 1343 1543 1398; x_wconf 90' lang='lat' dir='ltr'>Sed</span> <span class='ocrx_word' id='word_1_84' title='bbox 1595 1348 1650 1398; x_wconf 88' lang='lat' dir='ltr'>et</span> <span class='ocrx_word' id='word_1_85' title='bbox 1700 1344 1810 1400; x_wconf 85' lang='lat' dir='ltr'>iste</span> <span class='ocrx_word' id='word_1_86' title='bbox 1839 1343 2130 1416; x_wconf 90' lang='lat' dir='ltr'>gloriosus</span> 
     </span>
    </p>
   </div>
   <div class='ocr_carea' id='block_1_15' title="bbox 479 1430 2132 1503">
    <p class='ocr_par' dir='ltr' id='par_1_15' title="bbox 479 1430 2132 1503">
     <span class='ocr_line' id='line_1_15' title="bbox 479 1430 2132 1503; baseline 0.001 -15"><span class='ocrx_word' id='word_1_87' title='bbox 479 1432 909 1503; x_wconf 89' lang='lat' dir='ltr'>confessor,per</span> <span class='ocrx_word' id='word_1_88' title='bbox 933 1430 1265 1502; x_wconf 89' lang='lat' dir='ltr'>opinionem</span> <span class='ocrx_word' id='word_1_89' title='bbox 1296 1449 1536 1488; x_wconf 90' lang='lat' dir='ltr'>suarum</span> <span class='ocrx_word' id='word_1_90' title='bbox 1569 1433 1848 1488; x_wconf 89' lang='lat' dir='ltr'>virtutum</span> <span class='ocrx_word' id='word_1_91' title='bbox 1871 1437 1928 1489; x_wconf 91' lang='lat' dir='ltr'>et</span> <span class='ocrx_word' id='word_1_92' title='bbox 1959 1433 2132 1490; x_wconf 88' lang='lat' dir='ltr'>mira-</span> 
     </span>
    </p>
   </div>
   <div class='ocr_carea' id='block_1_16' title="bbox 477 1519 2129 1594">
    <p class='ocr_par' dir='ltr' id='par_1_16' title="bbox 477 1519 2129 1594">
     <span class='ocr_line' id='line_1_16' title="bbox 477 1519 2129 1594; baseline 0.001 -17"><span class='ocrx_word' id='word_1_93' title='bbox 477 1521 686 1577; x_wconf 90' lang='lat' dir='ltr'>bilium</span> <span class='ocrx_word' id='word_1_94' title='bbox 717 1519 1133 1593; x_wconf 88' lang='lat' dir='ltr'>operum,ipsis</span> <span class='ocrx_word' id='word_1_95' title='bbox 1165 1521 1526 1593; x_wconf 86' lang='lat' dir='ltr'>principibus</span> <span class='ocrx_word' id='word_1_96' title='bbox 1548 1525 1604 1578; x_wconf 89' lang='lat' dir='ltr'>et</span> <span class='ocrx_word' id='word_1_97' title='bbox 1629 1523 2002 1594; x_wconf 88' lang='lat' dir='ltr'>magnatibus</span> <span class='ocrx_word' id='word_1_98' title='bbox 2033 1524 2129 1578; x_wconf 91' lang='lat' dir='ltr'>ad-</span> 
     </span>
    </p>
   </div>
   <div class='ocr_carea' id='block_1_17' title="bbox 475 1609 2126 1682">
    <p class='ocr_par' dir='ltr' id='par_1_17' title="bbox 475 1609 2126 1682">
     <span class='ocr_line' id='line_1_17' title="bbox 475 1609 2126 1682; baseline 0.001 -16"><span class='ocrx_word' id='word_1_99' title='bbox 475 1609 764 1666; x_wconf 76' lang='lat' dir='ltr'>mirabilis</span> <span class='ocrx_word' id='word_1_100' title='bbox 795 1610 987 1677; x_wconf 87' lang='lat' dir='ltr'>fuit,et</span> <span class='ocrx_word' id='word_1_101' title='bbox 1017 1611 1392 1667; x_wconf 89' lang='lat' dir='ltr'>verendus.ln</span> <span class='ocrx_word' id='word_1_102' title='bbox 1421 1628 1535 1682; x_wconf 91' lang='lat' dir='ltr'>quo</span> <span class='ocrx_word' id='word_1_103' title='bbox 1574 1611 1992 1667; x_wconf 74' lang='lat' dir='ltr'>confundimur</span> <span class='ocrx_word' id='word_1_104' title='bbox 2020 1629 2126 1668; x_wconf 89' lang='lat' dir='ltr'>nos</span> 
     </span>
    </p>
   </div>
   <div class='ocr_carea' id='block_1_18' title="bbox 475 1698 2122 1772">
    <p class='ocr_par' dir='ltr' id='par_1_18' title="bbox 475 1698 2122 1772">
     <span class='ocr_line' id='line_1_18' title="bbox 475 1698 2122 1772; baseline 0.001 -17"><span class='ocrx_word' id='word_1_105' title='bbox 475 1699 674 1756; x_wconf 87' lang='lat' dir='ltr'>miseri</span> <span class='ocrx_word' id='word_1_106' title='bbox 707 1699 1055 1765; x_wconf 86' lang='lat' dir='ltr'>sacerdotes,</span> <span class='ocrx_word' id='word_1_107' title='bbox 1091 1698 1191 1770; x_wconf 87' lang='lat' dir='ltr'>qui</span> <span class='ocrx_word' id='word_1_108' title='bbox 1239 1715 1353 1754; x_wconf 91' lang='lat' dir='ltr'>non</span> <span class='ocrx_word' id='word_1_109' title='bbox 1401 1699 1594 1755; x_wconf 89' lang='lat' dir='ltr'>solum</span> <span class='ocrx_word' id='word_1_110' title='bbox 1644 1701 1988 1772; x_wconf 84' lang='lat' dir='ltr'>majoribus,</span> <span class='ocrx_word' id='word_1_111' title='bbox 2023 1703 2122 1757; x_wconf 87' lang='lat' dir='ltr'>sed</span> 
     </span>
    </p>
   </div>
   <div class='ocr_carea' id='block_1_19' title="bbox 2248 543 3923 616">
    <p class='ocr_par' dir='ltr' id='par_1_19' title="bbox 2248 543 3923 616">
     <span class='ocr_line' id='line_1_19' title="bbox 2248 543 3923 616; baseline 0.003 -19"><span class='ocrx_word' id='word_1_112' title='bbox 2248 544 2363 614; x_wconf 83' lang='lat' dir='ltr'>xx).</span> <span class='ocrx_word' id='word_1_113' title='bbox 2392 567 2418 594; x_wconf 86' lang='lat'>»</span> <span class='ocrx_word' id='word_1_114' title='bbox 2451 544 2668 607; x_wconf 87' lang='lat' dir='ltr'>Quarta</span> <span class='ocrx_word' id='word_1_115' title='bbox 2711 543 2938 599; x_wconf 88' lang='lat' dir='ltr'>decima</span> <span class='ocrx_word' id='word_1_116' title='bbox 2979 545 3169 616; x_wconf 89' lang='lat' dir='ltr'>gratia</span> <span class='ocrx_word' id='word_1_117' title='bbox 3205 549 3296 600; x_wconf 88' lang='lat' dir='ltr'>est</span> <span class='ocrx_word' id='word_1_118' title='bbox 3333 545 3734 602; x_wconf 85' lang='lat' dir='ltr'>sacerdotium</span> <span class='ocrx_word' id='word_1_119' title='bbox 3785 565 3923 602; x_wconf 85' lang='lat' dir='ltr'>ma—</span> 
     </span>
    </p>
   </div>
   <div class='ocr_carea' id='block_1_20' title="bbox 2247 633 3922 705">
    <p class='ocr_par' dir='ltr' id='par_1_20' title="bbox 2247 633 3922 705">
     <span class='ocr_line' id='line_1_20' title="bbox 2247 633 3922 705; baseline 0.002 -19"><span class='ocrx_word' id='word_1_120' title='bbox 2247 649 2453 705; x_wconf 89' lang='lat' dir='ltr'>gnum,</span> <span class='ocrx_word' id='word_1_121' title='bbox 2486 634 2557 689; x_wconf 89' lang='lat' dir='ltr'>de</span> <span class='ocrx_word' id='word_1_122' title='bbox 2607 651 2722 704; x_wconf 90' lang='lat' dir='ltr'>qua</span> <span class='ocrx_word' id='word_1_123' title='bbox 2761 633 3034 688; x_wconf 85' lang='lat' dir='ltr'>subditur</span> <span class='ocrx_word' id='word_1_124' title='bbox 3066 637 3178 689; x_wconf 86' lang='lat' dir='ltr'>:Et</span> <span class='ocrx_word' id='word_1_125' title='bbox 3217 634 3362 691; x_wconf 80' lang='lat' dir='ltr'>dedit</span> <span class='ocrx_word' id='word_1_126' title='bbox 3405 637 3493 692; x_wconf 83' lang='lat' dir='ltr'>itli</span> <span class='ocrx_word' id='word_1_127' title='bbox 3531 635 3922 692; x_wconf 76' lang='lat' dir='ltr'>sacerdotium</span> 
     </span>
    </p>
   </div>
   <div class='ocr_carea' id='block_1_21' title="bbox 2245 721 3917 797">
    <p class='ocr_par' dir='ltr' id='par_1_21' title="bbox 2245 721 3917 797">
     <span class='ocr_line' id='line_1_21' title="bbox 2245 721 3917 797; baseline 0.002 -21"><span class='ocrx_word' id='word_1_128' title='bbox 2245 738 2530 794; x_wconf 78' lang='lat' dir='ltr'>magnum.</span> <span class='ocrx_word' id='word_1_129' title='bbox 2566 723 2632 777; x_wconf 89' lang='lat' dir='ltr'>Et</span> <span class='ocrx_word' id='word_1_130' title='bbox 2659 724 2850 778; x_wconf 87' lang='lat' dir='ltr'>Aaron</span> <span class='ocrx_word' id='word_1_131' title='bbox 2897 721 3133 794; x_wconf 89' lang='lat' dir='ltr'>quidem</span> <span class='ocrx_word' id='word_1_132' title='bbox 3176 723 3236 777; x_wconf 90' lang='lat' dir='ltr'>in</span> <span class='ocrx_word' id='word_1_133' title='bbox 3266 727 3387 780; x_wconf 87' lang='lat' dir='ltr'>toto</span> <span class='ocrx_word' id='word_1_134' title='bbox 3419 724 3637 797; x_wconf 91' lang='lat' dir='ltr'>populo</span> <span class='ocrx_word' id='word_1_135' title='bbox 3671 724 3917 780; x_wconf 75' lang='lat' dir='ltr'>Judaeo-</span> 
     </span>
    </p>
   </div>
   <div class='ocr_carea' id='block_1_22' title="bbox 2247 810 3911 883">
    <p class='ocr_par' dir='ltr' id='par_1_22' title="bbox 2247 810 3911 883">
     <span class='ocr_line' id='line_1_22' title="bbox 2247 810 3911 883; baseline 0.004 -19"><span class='ocrx_word' id='word_1_136' title='bbox 2247 827 2399 878; x_wconf 91' lang='lat' dir='ltr'>rum,</span> <span class='ocrx_word' id='word_1_137' title='bbox 2434 810 2594 866; x_wconf 90' lang='lat' dir='ltr'>solus</span> <span class='ocrx_word' id='word_1_138' title='bbox 2624 811 2882 883; x_wconf 88' lang='lat' dir='ltr'>primum</span> <span class='ocrx_word' id='word_1_139' title='bbox 2914 816 2971 866; x_wconf 89' lang='lat' dir='ltr'>et</span> <span class='ocrx_word' id='word_1_140' title='bbox 3008 828 3309 868; x_wconf 87' lang='lat' dir='ltr'>summum</span> <span class='ocrx_word' id='word_1_141' title='bbox 3343 811 3600 868; x_wconf 89' lang='lat' dir='ltr'>obtinuit</span> <span class='ocrx_word' id='word_1_142' title='bbox 3630 815 3911 870; x_wconf 84' lang='lat' dir='ltr'>sacerdo-</span> 
     </span>
    </p>
   </div>
   <div class='ocr_carea' id='block_1_23' title="bbox 2243 899 3906 974">
    <p class='ocr_par' dir='ltr' id='par_1_23' title="bbox 2243 899 3906 974">
     <span class='ocr_line' id='line_1_23' title="bbox 2243 899 3906 974; baseline 0.002 -20"><span class='ocrx_word' id='word_1_143' title='bbox 2243 899 2688 955; x_wconf 89' lang='lat' dir='ltr'>tium.Christus</span> <span class='ocrx_word' id='word_1_144' title='bbox 2717 916 2850 954; x_wconf 89' lang='lat' dir='ltr'>vero</span> <span class='ocrx_word' id='word_1_145' title='bbox 2883 917 3057 972; x_wconf 89' lang='lat' dir='ltr'>super</span> <span class='ocrx_word' id='word_1_146' title='bbox 3085 916 3318 956; x_wconf 89' lang='lat' dir='ltr'>omnem</span> <span class='ocrx_word' id='word_1_147' title='bbox 3349 905 3732 974; x_wconf 87' lang='lat' dir='ltr'>potestatem,</span> <span class='ocrx_word' id='word_1_148' title='bbox 3749 919 3906 958; x_wconf 84' lang='lat' dir='ltr'>sum-</span> 
     </span>
    </p>
   </div>
   <div class='ocr_carea' id='block_1_24' title="bbox 2244 989 3904 1063">
    <p class='ocr_par' dir='ltr' id='par_1_24' title="bbox 2244 989 3904 1063">
     <span class='ocr_line' id='line_1_24' title="bbox 2244 989 3904 1063; baseline 0.003 -20"><span class='ocrx_word' id='word_1_149' title='bbox 2244 1005 2409 1044; x_wconf 90' lang='lat' dir='ltr'>mum</span> <span class='ocrx_word' id='word_1_150' title='bbox 2441 993 2498 1044; x_wconf 88' lang='lat' dir='ltr'>et</span> <span class='ocrx_word' id='word_1_151' title='bbox 2527 993 2811 1045; x_wconf 70' lang='lat' dir='ltr'>aeternum</span> <span class='ocrx_word' id='word_1_152' title='bbox 2842 989 3016 1044; x_wconf 89' lang='lat' dir='ltr'>habet</span> <span class='ocrx_word' id='word_1_153' title='bbox 3047 990 3634 1046; x_wconf 88' lang='lat' dir='ltr'>sacerdotium.Unde</span> <span class='ocrx_word' id='word_1_154' title='bbox 3667 993 3904 1063; x_wconf 85' lang='lat' dir='ltr'>Aposto-</span> 
     </span>
    </p>
   </div>
   <div class='ocr_carea' id='block_1_25' title="bbox 2242 1077 3895 1149">
    <p class='ocr_par' dir='ltr' id='par_1_25' title="bbox 2242 1077 3895 1149">
     <span class='ocr_line' id='line_1_25' title="bbox 2242 1077 3895 1149; baseline 0.002 -17"><span class='ocrx_word' id='word_1_155' title='bbox 2242 1077 2335 1134; x_wconf 93' lang='lat' dir='ltr'>lus</span> <span class='ocrx_word' id='word_1_156' title='bbox 2361 1095 2373 1133; x_wconf 92' lang='lat'><strong>:</strong></span> <span class='ocrx_word' id='word_1_157' title='bbox 2407 1098 2428 1126; x_wconf 78' lang='grc' dir='ltr'>(ι</span> <span class='ocrx_word' id='word_1_158' title='bbox 2453 1077 3040 1149; x_wconf 88' lang='lat' dir='ltr'>Plures,inquit,facti</span> <span class='ocrx_word' id='word_1_159' title='bbox 3063 1083 3202 1134; x_wconf 89' lang='lat' dir='ltr'>sunt</span> <span class='ocrx_word' id='word_1_160' title='bbox 3219 1079 3549 1136; x_wconf 87' lang='lat' dir='ltr'>sacerdotes</span> <span class='ocrx_word' id='word_1_161' title='bbox 3571 1081 3895 1136; x_wconf 85' lang='lat' dir='ltr'>secundum</span> 
     </span>
    </p>
   </div>
   <div class='ocr_carea' id='block_1_26' title="bbox 2240 1166 3895 1242">
    <p class='ocr_par' dir='ltr' id='par_1_26' title="bbox 2240 1166 3895 1242">
     <span class='ocr_line' id='line_1_26' title="bbox 2240 1166 3895 1242; baseline 0.002 -21"><span class='ocrx_word' id='word_1_162' title='bbox 2240 1166 2448 1240; x_wconf 86' lang='lat' dir='ltr'>legem,</span> <span class='ocrx_word' id='word_1_163' title='bbox 2482 1184 2570 1236; x_wconf 25' lang='lat' dir='ltr'>eo.</span> <span class='ocrx_word' id='word_1_164' title='bbox 2608 1167 2763 1238; x_wconf 89' lang='lat' dir='ltr'>quod</span> <span class='ocrx_word' id='word_1_165' title='bbox 2815 1171 2998 1222; x_wconf 78' lang='lat' dir='ltr'>morte</span> <span class='ocrx_word' id='word_1_166' title='bbox 3047 1167 3496 1240; x_wconf 85' lang='lat' dir='ltr'>prohiberentur</span> <span class='ocrx_word' id='word_1_167' title='bbox 3529 1186 3895 1242; x_wconf 83' lang='lat' dir='ltr'>permanere.</span> 
     </span>
    </p>
   </div>
   <div class='ocr_carea' id='block_1_27' title="bbox 2240 1256 3895 1332">
    <p class='ocr_par' dir='ltr' id='par_1_27' title="bbox 2240 1256 3895 1332">
     <span class='ocr_line' id='line_1_27' title="bbox 2240 1256 3895 1332; baseline 0.002 -21"><span class='ocrx_word' id='word_1_168' title='bbox 2240 1256 2508 1312; x_wconf 87' lang='lat' dir='ltr'>Christus</span> <span class='ocrx_word' id='word_1_169' title='bbox 2537 1273 2669 1312; x_wconf 86' lang='lat' dir='ltr'>vero</span> <span class='ocrx_word' id='word_1_170' title='bbox 2696 1273 2762 1312; x_wconf 93' lang='lat' dir='ltr'>eo</span> <span class='ocrx_word' id='word_1_171' title='bbox 2785 1257 2939 1328; x_wconf 90' lang='lat' dir='ltr'>quod</span> <span class='ocrx_word' id='word_1_172' title='bbox 2972 1261 3206 1313; x_wconf 90' lang='lat' dir='ltr'>maneat</span> <span class='ocrx_word' id='word_1_173' title='bbox 3244 1257 3305 1312; x_wconf 92' lang='lat' dir='ltr'>in</span> <span class='ocrx_word' id='word_1_174' title='bbox 3336 1262 3646 1326; x_wconf 66' lang='lat' dir='ltr'>aeternum,</span> <span class='ocrx_word' id='word_1_175' title='bbox 3685 1259 3895 1332; x_wconf 86' lang='lat' dir='ltr'>sempi-</span> 
     </span>
    </p>
   </div>
   <div class='ocr_carea' id='block_1_28' title="bbox 2238 1345 3894 1418">
    <p class='ocr_par' dir='ltr' id='par_1_28' title="bbox 2238 1345 3894 1418">
     <span class='ocr_line' id='line_1_28' title="bbox 2238 1345 3894 1418; baseline 0.002 -18"><span class='ocrx_word' id='word_1_176' title='bbox 2238 1351 2474 1400; x_wconf 89' lang='lat' dir='ltr'>ternum</span> <span class='ocrx_word' id='word_1_177' title='bbox 2506 1345 2683 1400; x_wconf 87' lang='lat' dir='ltr'>habet</span> <span class='ocrx_word' id='word_1_178' title='bbox 2727 1345 3120 1402; x_wconf 85' lang='lat' dir='ltr'>sacerdotium</span> <span class='ocrx_word' id='word_1_179' title='bbox 3155 1347 3334 1418; x_wconf 82' lang='lat' dir='ltr'>(Hebr.</span> <span class='ocrx_word' id='word_1_180' title='bbox 3360 1347 3482 1418; x_wconf 82' lang='lat' dir='ltr'>vn).</span> <span class='ocrx_word' id='word_1_181' title='bbox 3512 1370 3539 1396; x_wconf 75' lang='grc' dir='ltr'><strong>η</strong></span> <span class='ocrx_word' id='word_1_182' title='bbox 3573 1347 3695 1404; x_wconf 86' lang='lat' dir='ltr'>Sed</span> <span class='ocrx_word' id='word_1_183' title='bbox 3731 1349 3894 1404; x_wconf 80' lang='lat' dir='ltr'>etiam</span> 
     </span>
    </p>
   </div>
   <div class='ocr_carea' id='block_1_29' title="bbox 2237 1433 3898 1510">
    <p class='ocr_par' dir='ltr' id='par_1_29' title="bbox 2237 1433 3898 1510">
     <span class='ocr_line' id='line_1_29' title="bbox 2237 1433 3898 1510; baseline 0.002 -22"><span class='ocrx_word' id='word_1_184' title='bbox 2237 1435 2344 1490; x_wconf 89' lang='lat' dir='ltr'>iste</span> <span class='ocrx_word' id='word_1_185' title='bbox 2375 1433 2666 1507; x_wconf 87' lang='lat' dir='ltr'>gloriosus</span> <span class='ocrx_word' id='word_1_186' title='bbox 2696 1435 2994 1490; x_wconf 88' lang='lat' dir='ltr'>confessor</span> <span class='ocrx_word' id='word_1_187' title='bbox 3051 1435 3440 1491; x_wconf 83' lang='lat' dir='ltr'>sacerdotium</span> <span class='ocrx_word' id='word_1_188' title='bbox 3481 1436 3704 1492; x_wconf 90' lang='lat' dir='ltr'>habuit</span> <span class='ocrx_word' id='word_1_189' title='bbox 3747 1454 3898 1510; x_wconf 84' lang='lat' dir='ltr'>mag-</span> 
     </span>
    </p>
   </div>
   <div class='ocr_carea' id='block_1_30' title="bbox 2233 1523 3894 1598">
    <p class='ocr_par' dir='ltr' id='par_1_30' title="bbox 2233 1523 3894 1598">
     <span class='ocr_line' id='line_1_30' title="bbox 2233 1523 3894 1598; baseline 0.002 -20"><span class='ocrx_word' id='word_1_190' title='bbox 2233 1539 2832 1595; x_wconf 88' lang='lat' dir='ltr'>num,magnum,non</span> <span class='ocrx_word' id='word_1_191' title='bbox 2844 1526 2966 1578; x_wconf 90' lang='lat' dir='ltr'>tam</span> <span class='ocrx_word' id='word_1_192' title='bbox 2981 1523 3385 1596; x_wconf 83' lang='lat' dir='ltr'>magnitudine</span> <span class='ocrx_word' id='word_1_193' title='bbox 3397 1524 3699 1597; x_wconf 76' lang='lat' dir='ltr'>parochias</span> <span class='ocrx_word' id='word_1_194' title='bbox 3725 1543 3894 1598; x_wconf 88' lang='lat' dir='ltr'>quam</span> 
     </span>
    </p>
   </div>
   <div class='ocr_carea' id='block_1_31' title="bbox 2234 1611 3897 1686">
    <p class='ocr_par' dir='ltr' id='par_1_31' title="bbox 2234 1611 3897 1686">
     <span class='ocr_line' id='line_1_31' title="bbox 2234 1611 3897 1686; baseline 0.001 -18"><span class='ocrx_word' id='word_1_195' title='bbox 2234 1611 2641 1686; x_wconf 83' lang='lat' dir='ltr'>magnitudine</span> <span class='ocrx_word' id='word_1_196' title='bbox 2681 1611 2992 1683; x_wconf 84' lang='lat' dir='ltr'>pastoralis</span> <span class='ocrx_word' id='word_1_197' title='bbox 3021 1612 3353 1685; x_wconf 80' lang='lat' dir='ltr'>vigilantiae,</span> <span class='ocrx_word' id='word_1_198' title='bbox 3388 1631 3500 1669; x_wconf 91' lang='lat' dir='ltr'>non</span> <span class='ocrx_word' id='word_1_199' title='bbox 3554 1621 3686 1670; x_wconf 84' lang='lat' dir='ltr'>tam</span> <span class='ocrx_word' id='word_1_200' title='bbox 3735 1631 3897 1686; x_wconf 82' lang='lat' dir='ltr'>mag-</span> 
     </span>
    </p>
   </div>
   <div class='ocr_carea' id='block_1_32' title="bbox 2232 1701 3892 1773">
    <p class='ocr_par' dir='ltr' id='par_1_32' title="bbox 2232 1701 3892 1773">
     <span class='ocr_line' id='line_1_32' title="bbox 2232 1701 3892 1773; baseline 0.001 -17"><span class='ocrx_word' id='word_1_201' title='bbox 2232 1701 2502 1756; x_wconf 90' lang='lat' dir='ltr'>nitudine</span> <span class='ocrx_word' id='word_1_202' title='bbox 2529 1701 2861 1755; x_wconf 90' lang='lat' dir='ltr'>reddituum</span> <span class='ocrx_word' id='word_1_203' title='bbox 2905 1718 3083 1772; x_wconf 86' lang='lat' dir='ltr'>quam</span> <span class='ocrx_word' id='word_1_204' title='bbox 3130 1701 3535 1773; x_wconf 85' lang='lat' dir='ltr'>magnitudine</span> <span class='ocrx_word' id='word_1_205' title='bbox 3578 1703 3892 1759; x_wconf 83' lang='lat' dir='ltr'>virtutum.</span> 
     </span>
    </p>
   </div>
   <div class='ocr_carea' id='block_1_33' title="bbox 472 1787 3896 1893">
    <p class='ocr_par' dir='ltr' id='par_1_33' title="bbox 472 1787 3896 1893">
     <span class='ocr_line' id='line_1_33' title="bbox 472 1787 3896 1893; baseline 0.001 -49"><span class='ocrx_word' id='word_1_206' title='bbox 472 1789 650 1844; x_wconf 88' lang='lat' dir='ltr'>etiam</span> <span class='ocrx_word' id='word_1_207' title='bbox 682 1787 1011 1843; x_wconf 87' lang='lat' dir='ltr'>minoribus</span> <span class='ocrx_word' id='word_1_208' title='bbox 1043 1805 1146 1860; x_wconf 91' lang='lat' dir='ltr'>pro</span> <span class='ocrx_word' id='word_1_209' title='bbox 1177 1787 1455 1860; x_wconf 90' lang='lat' dir='ltr'>despectu</span> <span class='ocrx_word' id='word_1_210' title='bbox 1486 1788 1824 1861; x_wconf 85' lang='lat' dir='ltr'>vilitateque</span> <span class='ocrx_word' id='word_1_211' title='bbox 1843 1791 1970 1844; x_wconf 68' lang='lat' dir='ltr'>vitae</span> <span class='ocrx_word' id='word_1_212' title='bbox 1993 1807 2123 1845; x_wconf 92' lang='lat' dir='ltr'>nos-</span> <span class='ocrx_word' id='word_1_213' title='bbox 2150 1826 2200 1893; x_wconf 82' lang='lat' dir='ltr'><strong>B</strong></span> <span class='ocrx_word' id='word_1_214' title='bbox 2232 1791 2294 1846; x_wconf 90' lang='lat' dir='ltr'>In</span> <span class='ocrx_word' id='word_1_215' title='bbox 2329 1807 2442 1862; x_wconf 90' lang='lat' dir='ltr'>quo</span> <span class='ocrx_word' id='word_1_216' title='bbox 2474 1807 2580 1845; x_wconf 89' lang='lat' dir='ltr'>nos</span> <span class='ocrx_word' id='word_1_217' title='bbox 2629 1789 2856 1862; x_wconf 81' lang='lat' dir='ltr'>indigni</span> <span class='ocrx_word' id='word_1_218' title='bbox 2898 1790 3229 1888; x_wconf 78' lang='lat' dir='ltr'>sacerdotes</span> <span class='ocrx_word' id='word_1_219' title='bbox 3255 1789 3636 1846; x_wconf 85' lang='lat' dir='ltr'>confutamur</span> <span class='ocrx_word' id='word_1_220' title='bbox 3670 1792 3780 1864; x_wconf 88' lang='lat' dir='ltr'>qui</span> <span class='ocrx_word' id='word_1_221' title='bbox 3808 1810 3896 1848; x_wconf 57' lang='lat' dir='ltr'>suo</span> 
     </span>
    </p>
   </div>
   <div class='ocr_carea' id='block_1_34' title="bbox 471 1877 2120 1950">
    <p class='ocr_par' dir='ltr' id='par_1_34' title="bbox 471 1877 2120 1950">
     <span class='ocr_line' id='line_1_34' title="bbox 471 1877 2120 1950; baseline 0.001 -17"><span class='ocrx_word' id='word_1_222' title='bbox 471 1882 593 1946; x_wconf 64' lang='lat' dir='ltr'>tria,</span> <span class='ocrx_word' id='word_1_223' title='bbox 627 1877 927 1950; x_wconf 88' lang='lat' dir='ltr'>despectui</span> <span class='ocrx_word' id='word_1_224' title='bbox 969 1877 1257 1932; x_wconf 88' lang='lat' dir='ltr'>habemur</span> <span class='ocrx_word' id='word_1_225' title='bbox 1285 1882 1341 1932; x_wconf 90' lang='lat' dir='ltr'>et</span> <span class='ocrx_word' id='word_1_226' title='bbox 1388 1877 1852 1936; x_wconf 88' lang='lat' dir='ltr'>subsannationi.</span> <span class='ocrx_word' id='word_1_227' title='bbox 1889 1881 1959 1935; x_wconf 88' lang='lat' dir='ltr'>Et</span> <span class='ocrx_word' id='word_1_228' title='bbox 2006 1897 2120 1935; x_wconf 91' lang='lat' dir='ltr'>non</span> 
     </span>
    </p>
   </div>
   <div class='ocr_carea' id='block_1_35' title="bbox 468 1965 1780 2038">
    <p class='ocr_par' dir='ltr' id='par_1_35' title="bbox 468 1965 1780 2038">
     <span class='ocr_line' id='line_1_35' title="bbox 468 1965 1780 2038; baseline 0.002 -17"><span class='ocrx_word' id='word_1_229' title='bbox 468 1966 553 2022; x_wconf 89' lang='lat' dir='ltr'>illi</span> <span class='ocrx_word' id='word_1_230' title='bbox 584 1967 821 2038; x_wconf 87' lang='lat' dir='ltr'>nos,sed</span> <span class='ocrx_word' id='word_1_231' title='bbox 856 1967 1179 2022; x_wconf 89' lang='lat' dir='ltr'>econtrario</span> <span class='ocrx_word' id='word_1_232' title='bbox 1211 1965 1598 2023; x_wconf 85' lang='lat' dir='ltr'>formidamus</span> <span class='ocrx_word' id='word_1_233' title='bbox 1629 1966 1780 2023; x_wconf 90' lang='lat' dir='ltr'>illos.</span> 
     </span>
    </p>
   </div>
   <div class='ocr_carea' id='block_1_36' title="bbox 540 2055 2122 2129">
    <p class='ocr_par' dir='ltr' id='par_1_36' title="bbox 540 2055 2122 2129">
     <span class='ocr_line' id='line_1_36' title="bbox 540 2055 2122 2129; baseline 0.002 -19"><span class='ocrx_word' id='word_1_234' title='bbox 540 2055 893 2111; x_wconf 78' lang='lat' dir='ltr'>Duodecimn</span> <span class='ocrx_word' id='word_1_235' title='bbox 947 2055 1136 2126; x_wconf 85' lang='lat' dir='ltr'>gratia</span> <span class='ocrx_word' id='word_1_236' title='bbox 1193 2059 1282 2109; x_wconf 91' lang='lat' dir='ltr'>est</span> <span class='ocrx_word' id='word_1_237' title='bbox 1332 2072 1545 2111; x_wconf 88' lang='lat' dir='ltr'>corona</span> <span class='ocrx_word' id='word_1_238' title='bbox 1600 2056 1816 2128; x_wconf 76' lang='lat' dir='ltr'>gloriae,</span> <span class='ocrx_word' id='word_1_239' title='bbox 1878 2057 1947 2111; x_wconf 89' lang='lat' dir='ltr'>de</span> <span class='ocrx_word' id='word_1_240' title='bbox 2005 2075 2122 2129; x_wconf 90' lang='lat' dir='ltr'>qua</span> 
     </span>
    </p>
   </div>
   <div class='ocr_carea' id='block_1_37' title="bbox 424 2136 2120 2213">
    <p class='ocr_par' dir='ltr' id='par_1_37' title="bbox 424 2136 2120 2213">
     <span class='ocr_line' id='line_1_37' title="bbox 424 2136 2120 2213; baseline 0 -12"><span class='ocrx_word' id='word_1_241' title='bbox 424 2136 436 2156; x_wconf 83' lang='grc'>¹</span> <span class='ocrx_word' id='word_1_242' title='bbox 467 2145 741 2201; x_wconf 89' lang='lat' dir='ltr'>subditur</span> <span class='ocrx_word' id='word_1_243' title='bbox 783 2161 796 2199; x_wconf 88' lang='lat'><strong>:</strong></span> <span class='ocrx_word' id='word_1_244' title='bbox 845 2146 908 2199; x_wconf 84' lang='lat' dir='ltr'>Et</span> <span class='ocrx_word' id='word_1_245' title='bbox 960 2144 1106 2200; x_wconf 83' lang='lat' dir='ltr'>dedit</span> <span class='ocrx_word' id='word_1_246' title='bbox 1164 2145 1253 2198; x_wconf 85' lang='lat' dir='ltr'>illi</span> <span class='ocrx_word' id='word_1_247' title='bbox 1309 2161 1565 2200; x_wconf 80' lang='lat' dir='ltr'>coronam</span> <span class='ocrx_word' id='word_1_248' title='bbox 1618 2146 1834 2213; x_wconf 70' lang='lat' dir='ltr'>gloriae.</span> <span class='ocrx_word' id='word_1_249' title='bbox 1895 2146 2120 2202; x_wconf 90' lang='lat' dir='ltr'>Corona</span> 
     </span>
    </p>
   </div>
   <div class='ocr_carea' id='block_1_38' title="bbox 467 2231 2114 2306">
    <p class='ocr_par' dir='ltr' id='par_1_38' title="bbox 467 2231 2114 2306">
     <span class='ocr_line' id='line_1_38' title="bbox 467 2231 2114 2306; baseline 0.001 -17"><span class='ocrx_word' id='word_1_250' title='bbox 467 2234 707 2306; x_wconf 91' lang='lat' dir='ltr'>quippe,</span> <span class='ocrx_word' id='word_1_251' title='bbox 743 2250 871 2305; x_wconf 63' lang='lat' dir='ltr'>qua</span> <span class='ocrx_word' id='word_1_252' title='bbox 902 2233 1030 2286; x_wconf 79' lang='lat' dir='ltr'>vitae</span> <span class='ocrx_word' id='word_1_253' title='bbox 1063 2231 1331 2304; x_wconf 83' lang='lat' dir='ltr'>designat</span> <span class='ocrx_word' id='word_1_254' title='bbox 1361 2233 1794 2304; x_wconf 81' lang='lat' dir='ltr'>perfectionem,</span> <span class='ocrx_word' id='word_1_255' title='bbox 1830 2234 1995 2290; x_wconf 90' lang='lat' dir='ltr'>decet</span> <span class='ocrx_word' id='word_1_256' title='bbox 2024 2252 2114 2290; x_wconf 88' lang='lat' dir='ltr'>sa-</span> 
     </span>
    </p>
   </div>
   <div class='ocr_carea' id='block_1_39' title="bbox 464 2321 2114 2394">
    <p class='ocr_par' dir='ltr' id='par_1_39' title="bbox 464 2321 2114 2394">
     <span class='ocr_line' id='line_1_39' title="bbox 464 2321 2114 2394; baseline 0.001 -17"><span class='ocrx_word' id='word_1_257' title='bbox 464 2323 776 2378; x_wconf 88' lang='lat' dir='ltr'>cerdotem.</span> <span class='ocrx_word' id='word_1_258' title='bbox 821 2321 984 2376; x_wconf 91' lang='lat' dir='ltr'>Unde</span> <span class='ocrx_word' id='word_1_259' title='bbox 1036 2321 1237 2376; x_wconf 86' lang='lat' dir='ltr'>Petrus</span> <span class='ocrx_word' id='word_1_260' title='bbox 1287 2321 1474 2376; x_wconf 90' lang='lat' dir='ltr'>dicit:</span> <span class='ocrx_word' id='word_1_261' title='bbox 1511 2343 1538 2372; x_wconf 85' lang='lat'><strong>«</strong></span> <span class='ocrx_word' id='word_1_262' title='bbox 1582 2322 1792 2394; x_wconf 83' lang='lat' dir='ltr'>Regale</span> <span class='ocrx_word' id='word_1_263' title='bbox 1846 2325 2114 2379; x_wconf 87' lang='lat' dir='ltr'>sacerdo-</span> 
     </span>
    </p>
   </div>
   <div class='ocr_carea' id='block_1_40' title="bbox 461 2411 2115 2479">
    <p class='ocr_par' dir='ltr' id='par_1_40' title="bbox 461 2411 2115 2479">
     <span class='ocr_line' id='line_1_40' title="bbox 461 2411 2115 2479; baseline 0.001 -13"><span class='ocrx_word' id='word_1_264' title='bbox 461 2413 610 2466; x_wconf 90' lang='lat' dir='ltr'>tium</span> <span class='ocrx_word' id='word_1_265' title='bbox 641 2411 686 2479; x_wconf 92' lang='lat' dir='ltr'>(l</span> <span class='ocrx_word' id='word_1_266' title='bbox 716 2412 863 2466; x_wconf 86' lang='lat' dir='ltr'>Petr.</span> <span class='ocrx_word' id='word_1_267' title='bbox 907 2413 992 2477; x_wconf 82' lang='grc' dir='ltr'>ιι).</span> <span class='ocrx_word' id='word_1_268' title='bbox 1032 2431 1052 2459; x_wconf 76' lang='lat'><em>»</em></span> <span class='ocrx_word' id='word_1_269' title='bbox 1089 2411 1367 2465; x_wconf 86' lang='lat' dir='ltr'>Sacerdos</span> <span class='ocrx_word' id='word_1_270' title='bbox 1422 2411 1577 2465; x_wconf 90' lang='lat' dir='ltr'>enim</span> <span class='ocrx_word' id='word_1_271' title='bbox 1619 2411 1703 2466; x_wconf 89' lang='lat' dir='ltr'>sic</span> <span class='ocrx_word' id='word_1_272' title='bbox 1759 2412 1930 2466; x_wconf 86' lang='lat' dir='ltr'>debet</span> <span class='ocrx_word' id='word_1_273' title='bbox 1987 2430 2115 2469; x_wconf 89' lang='lat' dir='ltr'>esse</span> 
     </span>
    </p>
   </div>
   <div class='ocr_carea' id='block_1_41' title="bbox 463 2497 2114 2572">
    <p class='ocr_par' dir='ltr' id='par_1_41' title="bbox 463 2497 2114 2572">
     <span class='ocr_line' id='line_1_41' title="bbox 463 2497 2114 2572; baseline 0.002 -18"><span class='ocrx_word' id='word_1_274' title='bbox 463 2500 754 2572; x_wconf 87' lang='lat' dir='ltr'>perfectus</span> <span class='ocrx_word' id='word_1_275' title='bbox 787 2502 851 2553; x_wconf 91' lang='lat' dir='ltr'>ut</span> <span class='ocrx_word' id='word_1_276' title='bbox 881 2515 995 2553; x_wconf 89' lang='lat' dir='ltr'>non</span> <span class='ocrx_word' id='word_1_277' title='bbox 1028 2497 1218 2554; x_wconf 90' lang='lat' dir='ltr'>solum</span> <span class='ocrx_word' id='word_1_278' title='bbox 1243 2501 1431 2565; x_wconf 86' lang='lat' dir='ltr'>se,sed</span> <span class='ocrx_word' id='word_1_279' title='bbox 1457 2499 1631 2555; x_wconf 89' lang='lat' dir='ltr'>etiam</span> <span class='ocrx_word' id='word_1_280' title='bbox 1655 2499 1800 2555; x_wconf 88' lang='lat' dir='ltr'>alios</span> <span class='ocrx_word' id='word_1_281' title='bbox 1825 2501 2009 2572; x_wconf 90' lang='lat' dir='ltr'>possit</span> <span class='ocrx_word' id='word_1_282' title='bbox 2034 2520 2114 2558; x_wconf 88' lang='lat' dir='ltr'>rc-</span> 
     </span>
    </p>
   </div>
   <div class='ocr_carea' id='block_1_42' title="bbox 461 2586 2112 2662">
    <p class='ocr_par' dir='ltr' id='par_1_42' title="bbox 461 2586 2112 2662">
     <span class='ocr_line' id='line_1_42' title="bbox 461 2586 2112 2662; baseline 0.001 -18"><span class='ocrx_word' id='word_1_283' title='bbox 461 2587 706 2662; x_wconf 87' lang='lat' dir='ltr'>gere.0b</span> <span class='ocrx_word' id='word_1_284' title='bbox 738 2589 909 2659; x_wconf 90' lang='lat' dir='ltr'>cujus</span> <span class='ocrx_word' id='word_1_285' title='bbox 939 2586 1428 2659; x_wconf 74' lang='lat' dir='ltr'>significationem</span> <span class='ocrx_word' id='word_1_286' title='bbox 1452 2590 1639 2644; x_wconf 87' lang='lat' dir='ltr'>Aaron</span> <span class='ocrx_word' id='word_1_287' title='bbox 1667 2589 1916 2645; x_wconf 83' lang='lat' dir='ltr'>habebat</span> <span class='ocrx_word' id='word_1_288' title='bbox 1937 2591 1993 2644; x_wconf 92' lang='lat' dir='ltr'>in</span> <span class='ocrx_word' id='word_1_289' title='bbox 2022 2607 2112 2646; x_wconf 89' lang='lat' dir='ltr'>ca-</span> 
     </span>
    </p>
   </div>
   <div class='ocr_carea' id='block_1_43' title="bbox 459 2676 2106 2752">
    <p class='ocr_par' dir='ltr' id='par_1_43' title="bbox 459 2676 2106 2752">
     <span class='ocr_line' id='line_1_43' title="bbox 459 2676 2106 2752; baseline 0.001 -20"><span class='ocrx_word' id='word_1_290' title='bbox 459 2677 578 2750; x_wconf 89' lang='lat' dir='ltr'>pite</span> <span class='ocrx_word' id='word_1_291' title='bbox 607 2677 897 2745; x_wconf 86' lang='lat' dir='ltr'>diadema,</span> <span class='ocrx_word' id='word_1_292' title='bbox 941 2677 999 2732; x_wconf 91' lang='lat' dir='ltr'>in</span> <span class='ocrx_word' id='word_1_293' title='bbox 1059 2693 1173 2749; x_wconf 90' lang='lat' dir='ltr'>quo</span> <span class='ocrx_word' id='word_1_294' title='bbox 1231 2676 1454 2752; x_wconf 58' lang='lat' dir='ltr'>Lapides</span> <span class='ocrx_word' id='word_1_295' title='bbox 1501 2678 1736 2749; x_wconf 88' lang='lat' dir='ltr'>pretiosi</span> <span class='ocrx_word' id='word_1_296' title='bbox 1787 2678 2106 2752; x_wconf 83' lang='lat' dir='ltr'>fulgebant,</span> 
     </span>
    </p>
   </div>
   <div class='ocr_carea' id='block_1_44' title="bbox 458 2741 2108 2840">
    <p class='ocr_par' dir='ltr' id='par_1_44' title="bbox 458 2741 2108 2840">
     <span class='ocr_line' id='line_1_44' title="bbox 458 2741 2108 2840; baseline 0.002 -19"><span class='ocrx_word' id='word_1_297' title='bbox 458 2767 602 2822; x_wconf 88' lang='lat' dir='ltr'>dum</span> <span class='ocrx_word' id='word_1_298' title='bbox 653 2767 1030 2837; x_wconf 85' lang='lat' dir='ltr'>perficeretur</span> <span class='ocrx_word' id='word_1_299' title='bbox 1057 2782 1205 2838; x_wconf 90' lang='lat' dir='ltr'>opus</span> <span class='ocrx_word' id='word_1_300' title='bbox 1235 2741 1357 2821; x_wconf 86' lang='lat' dir='ltr'>Dei.</span> <span class='ocrx_word' id='word_1_301' title='bbox 1411 2766 1677 2823; x_wconf 87' lang='lat' dir='ltr'>Christus</span> <span class='ocrx_word' id='word_1_302' title='bbox 1718 2753 1871 2834; x_wconf 64' lang='lat' dir='ltr'>vero,</span> <span class='ocrx_word' id='word_1_303' title='bbox 1916 2769 2015 2840; x_wconf 92' lang='lat' dir='ltr'>qui</span> <span class='ocrx_word' id='word_1_304' title='bbox 2050 2770 2108 2824; x_wconf 93' lang='lat' dir='ltr'>in</span> 
     </span>
    </p>
   </div>
   <div class='ocr_carea' id='block_1_45' title="bbox 459 2854 2107 2930">
    <p class='ocr_par' dir='ltr' id='par_1_45' title="bbox 459 2854 2107 2930">
     <span class='ocr_line' id='line_1_45' title="bbox 459 2854 2107 2930; baseline 0.002 -19"><span class='ocrx_word' id='word_1_305' title='bbox 459 2856 748 2911; x_wconf 91' lang='lat' dir='ltr'>mundum</span> <span class='ocrx_word' id='word_1_306' title='bbox 796 2854 951 2911; x_wconf 81' lang='lat' dir='ltr'>venit</span> <span class='ocrx_word' id='word_1_307' title='bbox 1001 2871 1115 2911; x_wconf 90' lang='lat' dir='ltr'>non</span> <span class='ocrx_word' id='word_1_308' title='bbox 1149 2858 1499 2928; x_wconf 87' lang='lat' dir='ltr'>prosperari,</span> <span class='ocrx_word' id='word_1_309' title='bbox 1533 2857 1634 2912; x_wconf 91' lang='lat' dir='ltr'>sed</span> <span class='ocrx_word' id='word_1_310' title='bbox 1666 2858 1807 2928; x_wconf 91' lang='lat' dir='ltr'>pati,</span> <span class='ocrx_word' id='word_1_311' title='bbox 1841 2858 2107 2930; x_wconf 84' lang='lat' dir='ltr'>spineam</span> 
     </span>
    </p>
   </div>
   <div class='ocr_carea' id='block_1_46' title="bbox 457 2943 2107 3012">
    <p class='ocr_par' dir='ltr' id='par_1_46' title="bbox 457 2943 2107 3012">
     <span class='ocr_line' id='line_1_46' title="bbox 457 2943 2107 3012; baseline 0.002 -12"><span class='ocrx_word' id='word_1_312' title='bbox 457 2943 592 3000; x_wconf 90' lang='lat' dir='ltr'>tulit</span> <span class='ocrx_word' id='word_1_313' title='bbox 622 2961 921 3010; x_wconf 85' lang='lat' dir='ltr'>coronam,</span> <span class='ocrx_word' id='word_1_314' title='bbox 945 2945 1018 2999; x_wconf 89' lang='lat' dir='ltr'>ad</span> <span class='ocrx_word' id='word_1_315' title='bbox 1049 2944 1398 3000; x_wconf 90' lang='lat' dir='ltr'>derisionem</span> <span class='ocrx_word' id='word_1_316' title='bbox 1433 2945 1544 3000; x_wconf 88' lang='lat' dir='ltr'>sibi</span> <span class='ocrx_word' id='word_1_317' title='bbox 1575 2945 1878 3012; x_wconf 83' lang='lat' dir='ltr'>inflictam,</span> <span class='ocrx_word' id='word_1_318' title='bbox 1911 2950 2107 3004; x_wconf 90' lang='lat' dir='ltr'>osten-</span> 
     </span>
    </p>
   </div>
   <div class='ocr_carea' id='block_1_47' title="bbox 457 3032 2105 3106">
    <p class='ocr_par' dir='ltr' id='par_1_47' title="bbox 457 3032 2105 3106">
     <span class='ocr_line' id='line_1_47' title="bbox 457 3032 2105 3106; baseline 0.002 -17"><span class='ocrx_word' id='word_1_319' title='bbox 457 3035 602 3090; x_wconf 89' lang='lat' dir='ltr'>dens</span> <span class='ocrx_word' id='word_1_320' title='bbox 635 3033 915 3106; x_wconf 89' lang='lat' dir='ltr'>quoniam</span> <span class='ocrx_word' id='word_1_321' title='bbox 943 3032 1044 3106; x_wconf 89' lang='lat' dir='ltr'>qui</span> <span class='ocrx_word' id='word_1_322' title='bbox 1073 3033 1168 3088; x_wconf 91' lang='lat' dir='ltr'>hic</span> <span class='ocrx_word' id='word_1_323' title='bbox 1189 3050 1463 3089; x_wconf 90' lang='lat' dir='ltr'>coronam</span> <span class='ocrx_word' id='word_1_324' title='bbox 1487 3034 1716 3090; x_wconf 89' lang='lat' dir='ltr'>virtutis</span> <span class='ocrx_word' id='word_1_325' title='bbox 1738 3039 1795 3090; x_wconf 90' lang='lat' dir='ltr'>et</span> <span class='ocrx_word' id='word_1_326' title='bbox 1816 3036 2105 3106; x_wconf 80' lang='lat' dir='ltr'>patientiae</span> 
     </span>
    </p>
   </div>
   <div class='ocr_carea' id='block_1_48' title="bbox 453 3120 2101 3194">
    <p class='ocr_par' dir='ltr' id='par_1_48' title="bbox 453 3120 2101 3194">
     <span class='ocr_line' id='line_1_48' title="bbox 453 3120 2101 3194; baseline 0 -16"><span class='ocrx_word' id='word_1_327' title='bbox 453 3121 697 3178; x_wconf 82' lang='lat' dir='ltr'>viriliter</span> <span class='ocrx_word' id='word_1_328' title='bbox 748 3122 1039 3189; x_wconf 90' lang='lat' dir='ltr'>habuerit,</span> <span class='ocrx_word' id='word_1_329' title='bbox 1073 3137 1287 3176; x_wconf 90' lang='lat' dir='ltr'>corona</span> <span class='ocrx_word' id='word_1_330' title='bbox 1333 3120 1683 3192; x_wconf 87' lang='lat' dir='ltr'>gloriabitur</span> <span class='ocrx_word' id='word_1_331' title='bbox 1728 3121 2101 3194; x_wconf 80' lang='lat' dir='ltr'>sempiterna.</span> 
     </span>
    </p>
   </div>
   <div class='ocr_carea' id='block_1_49' title="bbox 2231 1878 3896 1952">
    <p class='ocr_par' dir='ltr' id='par_1_49' title="bbox 2231 1878 3896 1952">
     <span class='ocr_line' id='line_1_49' title="bbox 2231 1878 3896 1952; baseline 0.001 -17"><span class='ocrx_word' id='word_1_332' title='bbox 2231 1879 2553 1935; x_wconf 91' lang='lat' dir='ltr'>cerdotium</span> <span class='ocrx_word' id='word_1_333' title='bbox 2587 1895 2866 1951; x_wconf 90' lang='lat' dir='ltr'>magnum</span> <span class='ocrx_word' id='word_1_334' title='bbox 2899 1878 3239 1949; x_wconf 71' lang='lat' dir='ltr'>quaerimus,</span> <span class='ocrx_word' id='word_1_335' title='bbox 3274 1895 3560 1952; x_wconf 86' lang='lat' dir='ltr'>magnum</span> <span class='ocrx_word' id='word_1_336' title='bbox 3591 1884 3896 1952; x_wconf 83' lang='lat' dir='ltr'>tempora-</span> 
     </span>
    </p>
   </div>
   <div class='ocr_carea' id='block_1_50' title="bbox 2231 1967 3896 2040">
    <p class='ocr_par' dir='ltr' id='par_1_50' title="bbox 2231 1967 3896 2040">
     <span class='ocr_line' id='line_1_50' title="bbox 2231 1967 3896 2040; baseline 0.002 -18"><span class='ocrx_word' id='word_1_337' title='bbox 2231 1968 2387 2024; x_wconf 89' lang='lat' dir='ltr'>libus</span> <span class='ocrx_word' id='word_1_338' title='bbox 2418 1968 2886 2034; x_wconf 86' lang='lat' dir='ltr'>redditibus,non</span> <span class='ocrx_word' id='word_1_339' title='bbox 2909 1967 3314 2039; x_wconf 87' lang='lat' dir='ltr'>spiritualibus</span> <span class='ocrx_word' id='word_1_340' title='bbox 3336 1969 3896 2040; x_wconf 61' lang='lat' dir='ltr'>profectibusﬂuze-</span> 
     </span>
    </p>
   </div>
   <div class='ocr_carea' id='block_1_51' title="bbox 2229 2056 3892 2131">
    <p class='ocr_par' dir='ltr' id='par_1_51' title="bbox 2229 2056 3892 2131">
     <span class='ocr_line' id='line_1_51' title="bbox 2229 2056 3892 2131; baseline 0.001 -19"><span class='ocrx_word' id='word_1_341' title='bbox 2229 2059 2416 2112; x_wconf 89' lang='lat' dir='ltr'>rimus</span> <span class='ocrx_word' id='word_1_342' title='bbox 2446 2056 2776 2126; x_wconf 87' lang='lat' dir='ltr'>ecclesiam,</span> <span class='ocrx_word' id='word_1_343' title='bbox 2811 2075 2926 2112; x_wconf 89' lang='lat' dir='ltr'>non</span> <span class='ocrx_word' id='word_1_344' title='bbox 2973 2057 3030 2111; x_wconf 91' lang='lat' dir='ltr'>in</span> <span class='ocrx_word' id='word_1_345' title='bbox 3079 2073 3196 2129; x_wconf 91' lang='lat' dir='ltr'>qua</span> <span class='ocrx_word' id='word_1_346' title='bbox 3228 2057 3590 2127; x_wconf 89' lang='lat' dir='ltr'>animas,sed</span> <span class='ocrx_word' id='word_1_347' title='bbox 3625 2061 3892 2131; x_wconf 68' lang='lat' dir='ltr'>pecuniae</span> 
     </span>
    </p>
   </div>
   <div class='ocr_carea' id='block_1_52' title="bbox 2227 2144 3888 2219">
    <p class='ocr_par' dir='ltr' id='par_1_52' title="bbox 2227 2144 3888 2219">
     <span class='ocr_line' id='line_1_52' title="bbox 2227 2144 3888 2219; baseline 0.002 -18"><span class='ocrx_word' id='word_1_348' title='bbox 2227 2146 2454 2217; x_wconf 88' lang='lat' dir='ltr'>copiam</span> <span class='ocrx_word' id='word_1_349' title='bbox 2488 2144 3027 2200; x_wconf 71' lang='lat' dir='ltr'>lucrifaciamuan</span> <span class='ocrx_word' id='word_1_350' title='bbox 3053 2163 3167 2218; x_wconf 92' lang='lat' dir='ltr'>quo</span> <span class='ocrx_word' id='word_1_351' title='bbox 3203 2163 3310 2202; x_wconf 89' lang='lat' dir='ltr'>nos</span> <span class='ocrx_word' id='word_1_352' title='bbox 3341 2163 3454 2202; x_wconf 90' lang='lat' dir='ltr'>non</span> <span class='ocrx_word' id='word_1_353' title='bbox 3485 2150 3888 2219; x_wconf 83' lang='lat' dir='ltr'>pastores,sed</span> 
     </span>
    </p>
   </div>
   <div class='ocr_carea' id='block_1_53' title="bbox 2227 2234 3888 2299">
    <p class='ocr_par' dir='ltr' id='par_1_53' title="bbox 2227 2234 3888 2299">
     <span class='ocr_line' id='line_1_53' title="bbox 2227 2234 3888 2299; baseline 0.001 -8"><span class='ocrx_word' id='word_1_354' title='bbox 2227 2234 2619 2291; x_wconf 89' lang='lat' dir='ltr'>mercenarios</span> <span class='ocrx_word' id='word_1_355' title='bbox 2670 2251 2799 2290; x_wconf 90' lang='lat' dir='ltr'>esse</span> <span class='ocrx_word' id='word_1_356' title='bbox 2849 2235 3346 2292; x_wconf 89' lang='lat' dir='ltr'>demonstramus.</span> <span class='ocrx_word' id='word_1_357' title='bbox 3401 2237 3622 2299; x_wconf 85' lang='lat' dir='ltr'>Quinta</span> <span class='ocrx_word' id='word_1_358' title='bbox 3664 2237 3888 2293; x_wconf 79' lang='lat' dir='ltr'>decima</span> 
     </span>
    </p>
   </div>
   <div class='ocr_carea' id='block_1_54' title="bbox 2224 2323 3887 2397">
    <p class='ocr_par' dir='ltr' id='par_1_54' title="bbox 2224 2323 3887 2397">
     <span class='ocr_line' id='line_1_54' title="bbox 2224 2323 3887 2397; baseline 0.002 -18"><span class='ocrx_word' id='word_1_359' title='bbox 2224 2325 2412 2397; x_wconf 85' lang='lat' dir='ltr'>gratia</span> <span class='ocrx_word' id='word_1_360' title='bbox 2440 2330 2529 2379; x_wconf 88' lang='lat' dir='ltr'>est</span> <span class='ocrx_word' id='word_1_361' title='bbox 2560 2323 2932 2390; x_wconf 79' lang='lat' dir='ltr'>beatificatio,</span> <span class='ocrx_word' id='word_1_362' title='bbox 2965 2325 3034 2379; x_wconf 89' lang='lat' dir='ltr'>de</span> <span class='ocrx_word' id='word_1_363' title='bbox 3065 2341 3183 2396; x_wconf 89' lang='lat' dir='ltr'>qua</span> <span class='ocrx_word' id='word_1_364' title='bbox 3214 2325 3486 2380; x_wconf 91' lang='lat' dir='ltr'>subditur</span> <span class='ocrx_word' id='word_1_365' title='bbox 3517 2343 3530 2380; x_wconf 94' lang='lat'>:</span> <span class='ocrx_word' id='word_1_366' title='bbox 3567 2331 3642 2383; x_wconf 81' lang='lat' dir='ltr'>Et</span> <span class='ocrx_word' id='word_1_367' title='bbox 3674 2329 3887 2397; x_wconf 79' lang='lat' dir='ltr'>beatiﬁ-</span> 
     </span>
    </p>
   </div>
   <div class='ocr_carea' id='block_1_55' title="bbox 2222 2413 3881 2488">
    <p class='ocr_par' dir='ltr' id='par_1_55' title="bbox 2222 2413 3881 2488">
     <span class='ocr_line' id='line_1_55' title="bbox 2222 2413 3881 2488; baseline 0.001 -20"><span class='ocrx_word' id='word_1_368' title='bbox 2222 2417 2367 2469; x_wconf 75' lang='lat' dir='ltr'>cauit</span> <span class='ocrx_word' id='word_1_369' title='bbox 2394 2415 2558 2468; x_wconf 85' lang='lat' dir='ltr'>illum</span> <span class='ocrx_word' id='word_1_370' title='bbox 2589 2415 2645 2467; x_wconf 80' lang='lat' dir='ltr'>in</span> <span class='ocrx_word' id='word_1_371' title='bbox 2677 2413 2874 2483; x_wconf 84' lang='lat' dir='ltr'>gloria.</span> <span class='ocrx_word' id='word_1_372' title='bbox 2911 2413 2968 2467; x_wconf 91' lang='lat' dir='ltr'>Id</span> <span class='ocrx_word' id='word_1_373' title='bbox 3002 2418 3092 2468; x_wconf 90' lang='lat' dir='ltr'>est</span> <span class='ocrx_word' id='word_1_374' title='bbox 3121 2417 3239 2468; x_wconf 87' lang='lat' dir='ltr'>tam</span> <span class='ocrx_word' id='word_1_375' title='bbox 3274 2414 3332 2468; x_wconf 91' lang='lat' dir='ltr'>in</span> <span class='ocrx_word' id='word_1_376' title='bbox 3365 2415 3576 2470; x_wconf 90' lang='lat' dir='ltr'>merito</span> <span class='ocrx_word' id='word_1_377' title='bbox 3607 2433 3798 2488; x_wconf 88' lang='lat' dir='ltr'>quam</span> <span class='ocrx_word' id='word_1_378' title='bbox 3827 2417 3881 2470; x_wconf 88' lang='lat' dir='ltr'>in</span> 
     </span>
    </p>
   </div>
   <div class='ocr_carea' id='block_1_56' title="bbox 2224 2500 3879 2574">
    <p class='ocr_par' dir='ltr' id='par_1_56' title="bbox 2224 2500 3879 2574">
     <span class='ocr_line' id='line_1_56' title="bbox 2224 2500 3879 2574; baseline 0.002 -17"><span class='ocrx_word' id='word_1_379' title='bbox 2224 2501 2722 2574; x_wconf 78' lang='lat' dir='ltr'>przemio,beatum</span> <span class='ocrx_word' id='word_1_380' title='bbox 2755 2500 2921 2556; x_wconf 91' lang='lat' dir='ltr'>illum</span> <span class='ocrx_word' id='word_1_381' title='bbox 2955 2501 3088 2556; x_wconf 88' lang='lat' dir='ltr'>fecit</span> <span class='ocrx_word' id='word_1_382' title='bbox 3117 2507 3174 2557; x_wconf 90' lang='lat' dir='ltr'>et</span> <span class='ocrx_word' id='word_1_383' title='bbox 3203 2502 3637 2574; x_wconf 81' lang='lat' dir='ltr'>gloriosum.Et</span> <span class='ocrx_word' id='word_1_384' title='bbox 3669 2507 3879 2572; x_wconf 84' lang='lat' dir='ltr'>Aaron,</span> 
     </span>
    </p>
   </div>
   <div class='ocr_carea' id='block_1_57' title="bbox 2222 2589 3881 2663">
    <p class='ocr_par' dir='ltr' id='par_1_57' title="bbox 2222 2589 3881 2663">
     <span class='ocr_line' id='line_1_57' title="bbox 2222 2589 3881 2663; baseline 0.001 -17"><span class='ocrx_word' id='word_1_385' title='bbox 2222 2591 2456 2662; x_wconf 90' lang='lat' dir='ltr'>quidem</span> <span class='ocrx_word' id='word_1_386' title='bbox 2491 2589 2601 2646; x_wconf 90' lang='lat' dir='ltr'>sibi</span> <span class='ocrx_word' id='word_1_387' title='bbox 2635 2589 2878 2644; x_wconf 78' lang='lat' dir='ltr'>ﬁdeliter</span> <span class='ocrx_word' id='word_1_388' title='bbox 2915 2589 3368 2658; x_wconf 86' lang='lat' dir='ltr'>ministrantem,</span> <span class='ocrx_word' id='word_1_389' title='bbox 3403 2608 3506 2663; x_wconf 90' lang='lat' dir='ltr'>per</span> <span class='ocrx_word' id='word_1_390' title='bbox 3555 2593 3881 2649; x_wconf 85' lang='lat' dir='ltr'>bonitatem</span> 
     </span>
    </p>
   </div>
   <div class='ocr_carea' id='block_1_58' title="bbox 2222 2678 3880 2753">
    <p class='ocr_par' dir='ltr' id='par_1_58' title="bbox 2222 2678 3880 2753">
     <span class='ocr_line' id='line_1_58' title="bbox 2222 2678 3880 2753; baseline 0.002 -19"><span class='ocrx_word' id='word_1_391' title='bbox 2222 2679 2415 2735; x_wconf 87' lang='lat' dir='ltr'>meriti</span> <span class='ocrx_word' id='word_1_392' title='bbox 2447 2680 2516 2734; x_wconf 90' lang='lat' dir='ltr'>ad</span> <span class='ocrx_word' id='word_1_393' title='bbox 2551 2678 2971 2734; x_wconf 87' lang='lat' dir='ltr'>beatitudinem</span> <span class='ocrx_word' id='word_1_394' title='bbox 3020 2678 3244 2750; x_wconf 70' lang='lat' dir='ltr'>praemii</span> <span class='ocrx_word' id='word_1_395' title='bbox 3298 2679 3542 2734; x_wconf 86' lang='lat' dir='ltr'>feliciter</span> <span class='ocrx_word' id='word_1_396' title='bbox 3585 2683 3880 2753; x_wconf 73' lang='lat' dir='ltr'>perduxit.</span> 
     </span>
    </p>
   </div>
   <div class='ocr_carea' id='block_1_59' title="bbox 2220 2767 3882 2840">
    <p class='ocr_par' dir='ltr' id='par_1_59' title="bbox 2220 2767 3882 2840">
     <span class='ocr_line' id='line_1_59' title="bbox 2220 2767 3882 2840; baseline 0.002 -16"><span class='ocrx_word' id='word_1_397' title='bbox 2220 2769 2518 2824; x_wconf 88' lang='lat' dir='ltr'>Christum</span> <span class='ocrx_word' id='word_1_398' title='bbox 2549 2784 2682 2823; x_wconf 90' lang='lat' dir='ltr'>vero</span> <span class='ocrx_word' id='word_1_399' title='bbox 2717 2767 3084 2840; x_wconf 88' lang='lat' dir='ltr'>unigenitum</span> <span class='ocrx_word' id='word_1_400' title='bbox 3112 2785 3504 2840; x_wconf 88' lang='lat' dir='ltr'>suum,usque</span> <span class='ocrx_word' id='word_1_401' title='bbox 3527 2769 3607 2825; x_wconf 90' lang='lat' dir='ltr'>ad</span> <span class='ocrx_word' id='word_1_402' title='bbox 3631 2776 3882 2827; x_wconf 87' lang='lat' dir='ltr'>mortem</span> 
     </span>
    </p>
   </div>
   <div class='ocr_carea' id='block_1_60' title="bbox 2218 2856 3882 2928">
    <p class='ocr_par' dir='ltr' id='par_1_60' title="bbox 2218 2856 3882 2928">
     <span class='ocr_line' id='line_1_60' title="bbox 2218 2856 3882 2928; baseline 0.001 -15"><span class='ocrx_word' id='word_1_403' title='bbox 2218 2857 2330 2913; x_wconf 87' lang='lat' dir='ltr'>sibi</span> <span class='ocrx_word' id='word_1_404' title='bbox 2364 2856 2614 2912; x_wconf 84' lang='lat' dir='ltr'>fideliter</span> <span class='ocrx_word' id='word_1_405' title='bbox 2661 2856 3099 2928; x_wconf 88' lang='lat' dir='ltr'>obsequentem,</span> <span class='ocrx_word' id='word_1_406' title='bbox 3125 2880 3153 2906; x_wconf 82' lang='lat'><strong><em>«</em></strong></span> <span class='ocrx_word' id='word_1_407' title='bbox 3177 2856 3467 2925; x_wconf 84' lang='lat' dir='ltr'>exaltavit,</span> <span class='ocrx_word' id='word_1_408' title='bbox 3492 2861 3552 2913; x_wconf 85' lang='lat' dir='ltr'>et</span> <span class='ocrx_word' id='word_1_409' title='bbox 3604 2860 3776 2915; x_wconf 85' lang='lat' dir='ltr'>dedit</span> <span class='ocrx_word' id='word_1_410' title='bbox 3803 2859 3882 2915; x_wconf 90' lang='lat' dir='ltr'>illi</span> 
     </span>
    </p>
   </div>
   <div class='ocr_carea' id='block_1_61' title="bbox 2219 2946 3881 3018">
    <p class='ocr_par' dir='ltr' id='par_1_61' title="bbox 2219 2946 3881 3018">
     <span class='ocr_line' id='line_1_61' title="bbox 2219 2946 3881 3018; baseline 0.002 -18"><span class='ocrx_word' id='word_1_411' title='bbox 2219 2964 2431 3002; x_wconf 90' lang='lat' dir='ltr'>nomen</span> <span class='ocrx_word' id='word_1_412' title='bbox 2461 2946 2615 3017; x_wconf 91' lang='lat' dir='ltr'>quod</span> <span class='ocrx_word' id='word_1_413' title='bbox 2668 2948 2757 3001; x_wconf 89' lang='lat' dir='ltr'>est</span> <span class='ocrx_word' id='word_1_414' title='bbox 2787 2962 2964 3018; x_wconf 90' lang='lat' dir='ltr'>super</span> <span class='ocrx_word' id='word_1_415' title='bbox 2993 2963 3165 3001; x_wconf 89' lang='lat' dir='ltr'>omne</span> <span class='ocrx_word' id='word_1_416' title='bbox 3206 2950 3513 3012; x_wconf 89' lang='lat' dir='ltr'>nomen,ut</span> <span class='ocrx_word' id='word_1_417' title='bbox 3544 2946 3609 3002; x_wconf 91' lang='lat' dir='ltr'>in</span> <span class='ocrx_word' id='word_1_418' title='bbox 3643 2951 3881 3006; x_wconf 86' lang='lat' dir='ltr'>nomine</span> 
     </span>
    </p>
   </div>
   <div class='ocr_carea' id='block_1_62' title="bbox 2215 3035 3883 3108">
    <p class='ocr_par' dir='ltr' id='par_1_62' title="bbox 2215 3035 3883 3108">
     <span class='ocr_line' id='line_1_62' title="bbox 2215 3035 3883 3108; baseline 0.002 -16"><span class='ocrx_word' id='word_1_419' title='bbox 2215 3037 2356 3092; x_wconf 89' lang='lat' dir='ltr'>Jesu</span> <span class='ocrx_word' id='word_1_420' title='bbox 2386 3052 2558 3092; x_wconf 90' lang='lat' dir='ltr'>omne</span> <span class='ocrx_word' id='word_1_421' title='bbox 2589 3051 2742 3108; x_wconf 89' lang='lat' dir='ltr'>genu</span> <span class='ocrx_word' id='word_1_422' title='bbox 2777 3035 3803 3104; x_wconf 74' lang='lat' dir='ltr'>flectatur,cmlestium,terrestrium</span> <span class='ocrx_word' id='word_1_423' title='bbox 3831 3046 3883 3095; x_wconf 84' lang='lat' dir='ltr'>et</span> 
     </span>
    </p>
   </div>
   <div class='ocr_carea' id='block_1_63' title="bbox 2216 3123 3879 3196">
    <p class='ocr_par' dir='ltr' id='par_1_63' title="bbox 2216 3123 3879 3196">
     <span class='ocr_line' id='line_1_63' title="bbox 2216 3123 3879 3196; baseline 0.003 -16"><span class='ocrx_word' id='word_1_424' title='bbox 2216 3126 2578 3180; x_wconf 85' lang='lat' dir='ltr'>infernorum</span> <span class='ocrx_word' id='word_1_425' title='bbox 2611 3123 2778 3195; x_wconf 84' lang='lat' dir='ltr'>(Phil.</span> <span class='ocrx_word' id='word_1_426' title='bbox 2813 3125 2898 3194; x_wconf 82' lang='grc' dir='ltr'>ιι).</span> <span class='ocrx_word' id='word_1_427' title='bbox 2923 3145 2952 3174; x_wconf 88' lang='grc'><strong>››</strong></span> <span class='ocrx_word' id='word_1_428' title='bbox 2979 3124 3162 3180; x_wconf 89' lang='lat' dir='ltr'>Istum</span> <span class='ocrx_word' id='word_1_429' title='bbox 3195 3141 3425 3196; x_wconf 88' lang='lat' dir='ltr'>quoque</span> <span class='ocrx_word' id='word_1_430' title='bbox 3473 3127 3879 3184; x_wconf 82' lang='lat' dir='ltr'>confessorem</span> 
     </span>
    </p>
   </div>
   <div class='ocr_carea' id='block_1_64' title="bbox 453 3195 3879 3289">
    <p class='ocr_par' dir='ltr' id='par_1_64' title="bbox 453 3195 3879 3289">
     <span class='ocr_line' id='line_1_64' title="bbox 453 3195 3879 3289; baseline 0.002 -23"><span class='ocrx_word' id='word_1_431' title='bbox 453 3211 630 3274; x_wconf 88' lang='lat' dir='ltr'>Quem</span> <span class='ocrx_word' id='word_1_432' title='bbox 666 3227 918 3283; x_wconf 90' lang='lat' dir='ltr'>sequens</span> <span class='ocrx_word' id='word_1_433' title='bbox 949 3209 1061 3265; x_wconf 87' lang='lat' dir='ltr'>iste</span> <span class='ocrx_word' id='word_1_434' title='bbox 1089 3209 1381 3282; x_wconf 88' lang='lat' dir='ltr'>gloriosus</span> <span class='ocrx_word' id='word_1_435' title='bbox 1409 3210 1725 3277; x_wconf 87' lang='lat' dir='ltr'>confessor,</span> <span class='ocrx_word' id='word_1_436' title='bbox 1742 3226 1956 3265; x_wconf 87' lang='lat' dir='ltr'>corona</span> <span class='ocrx_word' id='word_1_437' title='bbox 1984 3211 2103 3266; x_wconf 86' lang='lat' dir='ltr'>vir—</span> <span class='ocrx_word' id='word_1_438' title='bbox 2132 3195 2176 3264; x_wconf 70' lang='grc' dir='ltr'>Ο</span> <span class='ocrx_word' id='word_1_439' title='bbox 2215 3215 2325 3270; x_wconf 89' lang='lat' dir='ltr'>sibi</span> <span class='ocrx_word' id='word_1_440' title='bbox 2350 3213 2598 3269; x_wconf 82' lang='lat' dir='ltr'>fideliter</span> <span class='ocrx_word' id='word_1_441' title='bbox 2614 3195 3311 3280; x_wconf 88' lang='lat' dir='ltr'>ministrantem,cursum</span> <span class='ocrx_word' id='word_1_442' title='bbox 3337 3212 3564 3270; x_wconf 75' lang='lat' dir='ltr'>militia:</span> <span class='ocrx_word' id='word_1_443' title='bbox 3587 3219 3879 3289; x_wconf 82' lang='lat' dir='ltr'>tempora-</span> 
     </span>
    </p>
   </div>
   <div class='ocr_carea' id='block_1_65' title="bbox 453 3298 2101 3372">
    <p class='ocr_par' dir='ltr' id='par_1_65' title="bbox 453 3298 2101 3372">
     <span class='ocr_line' id='line_1_65' title="bbox 453 3298 2101 3372; baseline 0.002 -18"><span class='ocrx_word' id='word_1_444' title='bbox 453 3299 596 3354; x_wconf 89' lang='lat' dir='ltr'>tutis</span> <span class='ocrx_word' id='word_1_445' title='bbox 627 3303 684 3354; x_wconf 91' lang='lat' dir='ltr'>et</span> <span class='ocrx_word' id='word_1_446' title='bbox 713 3299 1004 3371; x_wconf 60' lang='lat' dir='ltr'>patientiae</span> <span class='ocrx_word' id='word_1_447' title='bbox 1033 3298 1125 3354; x_wconf 91' lang='lat' dir='ltr'>hic</span> <span class='ocrx_word' id='word_1_448' title='bbox 1173 3299 1359 3354; x_wconf 87' lang='lat' dir='ltr'>studit</span> <span class='ocrx_word' id='word_1_449' title='bbox 1379 3300 1665 3364; x_wconf 89' lang='lat' dir='ltr'>coronari,</span> <span class='ocrx_word' id='word_1_450' title='bbox 1686 3317 1788 3372; x_wconf 90' lang='lat' dir='ltr'>per</span> <span class='ocrx_word' id='word_1_451' title='bbox 1819 3317 1996 3372; x_wconf 90' lang='lat' dir='ltr'>quam</span> <span class='ocrx_word' id='word_1_452' title='bbox 2029 3304 2101 3358; x_wconf 90' lang='lat' dir='ltr'>ad</span> 
     </span>
    </p>
   </div>
   <div class='ocr_carea' id='block_1_66' title="bbox 451 3387 2102 3462">
    <p class='ocr_par' dir='ltr' id='par_1_66' title="bbox 451 3387 2102 3462">
     <span class='ocr_line' id='line_1_66' title="bbox 451 3387 2102 3462; baseline 0.002 -19"><span class='ocrx_word' id='word_1_453' title='bbox 451 3387 763 3462; x_wconf 86' lang='lat' dir='ltr'>gloriosam</span> <span class='ocrx_word' id='word_1_454' title='bbox 809 3387 1068 3460; x_wconf 90' lang='lat' dir='ltr'>pervenit</span> <span class='ocrx_word' id='word_1_455' title='bbox 1114 3404 1408 3443; x_wconf 90' lang='lat' dir='ltr'>coronam.</span> <span class='ocrx_word' id='word_1_456' title='bbox 1443 3389 1560 3443; x_wconf 89' lang='lat' dir='ltr'>Nos</span> <span class='ocrx_word' id='word_1_457' title='bbox 1591 3404 1727 3461; x_wconf 88' lang='lat' dir='ltr'>ergo</span> <span class='ocrx_word' id='word_1_458' title='bbox 1772 3394 2102 3447; x_wconf 88' lang='lat' dir='ltr'>sacerdotes</span> 
     </span>
    </p>
   </div>
   <div class='ocr_carea' id='block_1_67' title="bbox 452 3477 2100 3548">
    <p class='ocr_par' dir='ltr' id='par_1_67' title="bbox 452 3477 2100 3548">
     <span class='ocr_line' id='line_1_67' title="bbox 452 3477 2100 3548; baseline 0.002 -16"><span class='ocrx_word' id='word_1_459' title='bbox 452 3493 726 3533; x_wconf 88' lang='lat' dir='ltr'>coronam</span> <span class='ocrx_word' id='word_1_460' title='bbox 777 3477 1084 3542; x_wconf 89' lang='lat' dir='ltr'>habemus,</span> <span class='ocrx_word' id='word_1_461' title='bbox 1115 3493 1241 3548; x_wconf 80' lang='lat' dir='ltr'>quae</span> <span class='ocrx_word' id='word_1_462' title='bbox 1274 3477 1508 3548; x_wconf 89' lang='lat' dir='ltr'>quidem</span> <span class='ocrx_word' id='word_1_463' title='bbox 1540 3494 1770 3545; x_wconf 88' lang='lat' dir='ltr'>corona,</span> <span class='ocrx_word' id='word_1_464' title='bbox 1804 3478 1851 3533; x_wconf 89' lang='lat' dir='ltr'>si</span> <span class='ocrx_word' id='word_1_465' title='bbox 1885 3479 1944 3534; x_wconf 91' lang='lat' dir='ltr'>in</span> <span class='ocrx_word' id='word_1_466' title='bbox 1978 3497 2100 3536; x_wconf 85' lang='lat' dir='ltr'>mo-</span> 
     </span>
    </p>
   </div>
   <div class='ocr_carea' id='block_1_68' title="bbox 450 3564 2100 3638">
    <p class='ocr_par' dir='ltr' id='par_1_68' title="bbox 450 3564 2100 3638">
     <span class='ocr_line' id='line_1_68' title="bbox 450 3564 2100 3638; baseline 0.002 -18"><span class='ocrx_word' id='word_1_467' title='bbox 450 3566 616 3621; x_wconf 91' lang='lat' dir='ltr'>ribus</span> <span class='ocrx_word' id='word_1_468' title='bbox 645 3566 774 3637; x_wconf 84' lang='lat' dir='ltr'>ejus</span> <span class='ocrx_word' id='word_1_469' title='bbox 803 3564 1289 3638; x_wconf 85' lang='lat' dir='ltr'>signiﬁcationem</span> <span class='ocrx_word' id='word_1_470' title='bbox 1322 3566 1723 3637; x_wconf 81' lang='lat' dir='ltr'>exprimimus,</span> <span class='ocrx_word' id='word_1_471' title='bbox 1745 3584 1959 3623; x_wconf 90' lang='lat' dir='ltr'>corona</span> <span class='ocrx_word' id='word_1_472' title='bbox 1986 3569 2100 3624; x_wconf 88' lang='lat' dir='ltr'>uti-</span> 
     </span>
    </p>
   </div>
   <div class='ocr_carea' id='block_1_69' title="bbox 451 3653 2101 3727">
    <p class='ocr_par' dir='ltr' id='par_1_69' title="bbox 451 3653 2101 3727">
     <span class='ocr_line' id='line_1_69' title="bbox 451 3653 2101 3727; baseline 0.004 -19"><span class='ocrx_word' id='word_1_473' title='bbox 451 3671 565 3726; x_wconf 89' lang='lat' dir='ltr'>que</span> <span class='ocrx_word' id='word_1_474' title='bbox 597 3657 685 3709; x_wconf 89' lang='lat' dir='ltr'>est</span> <span class='ocrx_word' id='word_1_475' title='bbox 715 3653 884 3709; x_wconf 91' lang='lat' dir='ltr'>nobis</span> <span class='ocrx_word' id='word_1_476' title='bbox 913 3653 1107 3725; x_wconf 68' lang='lat' dir='ltr'>gloria:</span> <span class='ocrx_word' id='word_1_477' title='bbox 1139 3658 1195 3709; x_wconf 92' lang='lat' dir='ltr'>et</span> <span class='ocrx_word' id='word_1_478' title='bbox 1240 3653 1500 3721; x_wconf 90' lang='lat' dir='ltr'>honoris,</span> <span class='ocrx_word' id='word_1_479' title='bbox 1529 3654 1674 3709; x_wconf 89' lang='lat' dir='ltr'>alias</span> <span class='ocrx_word' id='word_1_480' title='bbox 1717 3657 2014 3727; x_wconf 90' lang='lat' dir='ltr'>opprobrii</span> <span class='ocrx_word' id='word_1_481' title='bbox 2045 3663 2101 3714; x_wconf 91' lang='lat' dir='ltr'>et</span> 
     </span>
    </p>
   </div>
   <div class='ocr_carea' id='block_1_70' title="bbox 450 3741 2098 3814">
    <p class='ocr_par' dir='ltr' id='par_1_70' title="bbox 450 3741 2098 3814">
     <span class='ocr_line' id='line_1_70' title="bbox 450 3741 2098 3814; baseline 0.002 -15"><span class='ocrx_word' id='word_1_482' title='bbox 450 3741 832 3800; x_wconf 88' lang='lat' dir='ltr'>confusionis.</span> <span class='ocrx_word' id='word_1_483' title='bbox 866 3742 1291 3798; x_wconf 88' lang='lat' dir='ltr'>Tertiadecima</span> <span class='ocrx_word' id='word_1_484' title='bbox 1321 3742 1511 3814; x_wconf 87' lang='lat' dir='ltr'>gratia</span> <span class='ocrx_word' id='word_1_485' title='bbox 1555 3747 1643 3798; x_wconf 92' lang='lat' dir='ltr'>est</span> <span class='ocrx_word' id='word_1_486' title='bbox 1668 3743 1996 3813; x_wconf 83' lang='lat' dir='ltr'>haereditas,</span> <span class='ocrx_word' id='word_1_487' title='bbox 2028 3748 2098 3804; x_wconf 90' lang='lat' dir='ltr'>de</span> 
     </span>
    </p>
   </div>
   <div class='ocr_carea' id='block_1_71' title="bbox 451 3831 2093 3906">
    <p class='ocr_par' dir='ltr' id='par_1_71' title="bbox 451 3831 2093 3906">
     <span class='ocr_line' id='line_1_71' title="bbox 451 3831 2093 3906; baseline 0.003 -18"><span class='ocrx_word' id='word_1_488' title='bbox 451 3849 568 3905; x_wconf 89' lang='lat' dir='ltr'>qua</span> <span class='ocrx_word' id='word_1_489' title='bbox 596 3831 870 3887; x_wconf 89' lang='lat' dir='ltr'>subditur</span> <span class='ocrx_word' id='word_1_490' title='bbox 903 3847 916 3886; x_wconf 92' lang='lat'><strong>:</strong></span> <span class='ocrx_word' id='word_1_491' title='bbox 948 3832 1154 3887; x_wconf 76' lang='lat' dir='ltr'>Statuit</span> <span class='ocrx_word' id='word_1_492' title='bbox 1179 3833 1234 3888; x_wconf 84' lang='lat' dir='ltr'>ei</span> <span class='ocrx_word' id='word_1_493' title='bbox 1279 3839 1652 3888; x_wconf 79' lang='lat' dir='ltr'>testamentum</span> <span class='ocrx_word' id='word_1_494' title='bbox 1690 3836 2093 3906; x_wconf 83' lang='lat' dir='ltr'>sempiternum.</span> 
     </span>
    </p>
   </div>
   <div class='ocr_carea' id='block_1_72' title="bbox 449 3920 2097 3998">
    <p class='ocr_par' dir='ltr' id='par_1_72' title="bbox 449 3920 2097 3998">
     <span class='ocr_line' id='line_1_72' title="bbox 449 3920 2097 3998; baseline 0.002 -21"><span class='ocrx_word' id='word_1_495' title='bbox 449 3922 623 3978; x_wconf 90' lang='lat' dir='ltr'>Porro</span> <span class='ocrx_word' id='word_1_496' title='bbox 649 3920 781 3978; x_wconf 86' lang='lat' dir='ltr'>Levi</span> <span class='ocrx_word' id='word_1_497' title='bbox 834 3924 891 3976; x_wconf 90' lang='lat' dir='ltr'>et</span> <span class='ocrx_word' id='word_1_498' title='bbox 934 3924 1127 3976; x_wconf 85' lang='lat' dir='ltr'>Aaron</span> <span class='ocrx_word' id='word_1_499' title='bbox 1159 3937 1274 3976; x_wconf 86' lang='lat' dir='ltr'>non</span> <span class='ocrx_word' id='word_1_500' title='bbox 1301 3925 1651 3992; x_wconf 86' lang='lat' dir='ltr'>acceperunt</span> <span class='ocrx_word' id='word_1_501' title='bbox 1689 3937 1823 3977; x_wconf 90' lang='lat' dir='ltr'>cum</span> <span class='ocrx_word' id='word_1_502' title='bbox 1855 3923 2097 3998; x_wconf 90' lang='lat' dir='ltr'>reliquis</span> 
     </span>
    </p>
   </div>
   <div class='ocr_carea' id='block_1_73' title="bbox 446 4009 2095 4084">
    <p class='ocr_par' dir='ltr' id='par_1_73' title="bbox 446 4009 2095 4084">
     <span class='ocr_line' id='line_1_73' title="bbox 446 4009 2095 4084; baseline 0.001 -16"><span class='ocrx_word' id='word_1_503' title='bbox 446 4012 719 4068; x_wconf 86' lang='lat' dir='ltr'>tribubus</span> <span class='ocrx_word' id='word_1_504' title='bbox 750 4014 976 4084; x_wconf 90' lang='lat' dir='ltr'>partem</span> <span class='ocrx_word' id='word_1_505' title='bbox 1009 4009 1067 4064; x_wconf 90' lang='lat' dir='ltr'>in</span> <span class='ocrx_word' id='word_1_506' title='bbox 1100 4013 1255 4065; x_wconf 88' lang='lat' dir='ltr'>terra</span> <span class='ocrx_word' id='word_1_507' title='bbox 1285 4009 1711 4082; x_wconf 87' lang='lat' dir='ltr'>promissionis,</span> <span class='ocrx_word' id='word_1_508' title='bbox 1747 4013 1846 4068; x_wconf 90' lang='lat' dir='ltr'>sed</span> <span class='ocrx_word' id='word_1_509' title='bbox 1893 4030 2095 4070; x_wconf 91' lang='lat' dir='ltr'>eorum</span> 
     </span>
    </p>
   </div>
   <div class='ocr_carea' id='block_1_74' title="bbox 444 4098 2099 4172">
    <p class='ocr_par' dir='ltr' id='par_1_74' title="bbox 444 4098 2099 4172">
     <span class='ocr_line' id='line_1_74' title="bbox 444 4098 2099 4172; baseline 0.002 -15"><span class='ocrx_word' id='word_1_510' title='bbox 444 4101 752 4157; x_wconf 61' lang='lat' dir='ltr'>hareditas</span> <span class='ocrx_word' id='word_1_511' title='bbox 785 4099 893 4155; x_wconf 87' lang='lat' dir='ltr'>fuit</span> <span class='ocrx_word' id='word_1_512' title='bbox 918 4098 1288 4167; x_wconf 89' lang='lat' dir='ltr'>Dominus,id</span> <span class='ocrx_word' id='word_1_513' title='bbox 1319 4103 1428 4167; x_wconf 72' lang='lat' dir='ltr'>est,</span> <span class='ocrx_word' id='word_1_514' title='bbox 1450 4099 1740 4172; x_wconf 80' lang='lat' dir='ltr'>primitiae,</span> <span class='ocrx_word' id='word_1_515' title='bbox 1774 4101 2010 4158; x_wconf 83' lang='lat' dir='ltr'>decimae</span> <span class='ocrx_word' id='word_1_516' title='bbox 2042 4109 2099 4160; x_wconf 89' lang='lat' dir='ltr'>et</span> 
     </span>
    </p>
   </div>
   <div class='ocr_carea' id='block_1_75' title="bbox 444 4188 2096 4260">
    <p class='ocr_par' dir='ltr' id='par_1_75' title="bbox 444 4188 2096 4260">
     <span class='ocr_line' id='line_1_75' title="bbox 444 4188 2096 4260; baseline 0.002 -15"><span class='ocrx_word' id='word_1_517' title='bbox 444 4189 788 4257; x_wconf 89' lang='lat' dir='ltr'>oblationes,</span> <span class='ocrx_word' id='word_1_518' title='bbox 821 4193 878 4244; x_wconf 90' lang='lat' dir='ltr'>et</span> <span class='ocrx_word' id='word_1_519' title='bbox 907 4188 1195 4244; x_wconf 83' lang='lat' dir='ltr'>sacrificia</span> <span class='ocrx_word' id='word_1_520' title='bbox 1233 4206 1359 4260; x_wconf 81' lang='lat' dir='ltr'>quae</span> <span class='ocrx_word' id='word_1_521' title='bbox 1391 4189 1508 4244; x_wconf 91' lang='lat' dir='ltr'>Deo</span> <span class='ocrx_word' id='word_1_522' title='bbox 1539 4190 1860 4244; x_wconf 82' lang='lat' dir='ltr'>offeruntur</span> <span class='ocrx_word' id='word_1_523' title='bbox 1890 4195 1947 4246; x_wconf 90' lang='lat' dir='ltr'>et</span> <span class='ocrx_word' id='word_1_524' title='bbox 1977 4192 2096 4249; x_wconf 67' lang='lat' dir='ltr'>haec</span> 
     </span>
    </p>
   </div>
   <div class='ocr_carea' id='block_1_76' title="bbox 441 4273 2096 4349">
    <p class='ocr_par' dir='ltr' id='par_1_76' title="bbox 441 4273 2096 4349">
     <span class='ocr_line' id='line_1_76' title="bbox 441 4273 2096 4349; baseline 0.003 -17"><span class='ocrx_word' id='word_1_525' title='bbox 441 4279 724 4349; x_wconf 87' lang='lat' dir='ltr'>perpetua</span> <span class='ocrx_word' id='word_1_526' title='bbox 756 4273 1071 4332; x_wconf 88' lang='lat' dir='ltr'>stabilitate</span> <span class='ocrx_word' id='word_1_527' title='bbox 1103 4275 1721 4348; x_wconf 89' lang='lat' dir='ltr'>habuerunt,quandiu</span> <span class='ocrx_word' id='word_1_528' title='bbox 1743 4278 1974 4335; x_wconf 86' lang='lat' dir='ltr'>duravit</span> <span class='ocrx_word' id='word_1_529' title='bbox 2003 4298 2096 4337; x_wconf 91' lang='lat' dir='ltr'>sa-</span> 
     </span>
    </p>
   </div>
   <div class='ocr_carea' id='block_1_77' title="bbox 443 4363 2096 4426">
    <p class='ocr_par' dir='ltr' id='par_1_77' title="bbox 443 4363 2096 4426">
     <span class='ocr_line' id='line_1_77' title="bbox 443 4363 2096 4426; baseline 0.002 -5"><span class='ocrx_word' id='word_1_530' title='bbox 443 4363 767 4421; x_wconf 88' lang='lat' dir='ltr'>cerdotium</span> <span class='ocrx_word' id='word_1_531' title='bbox 795 4363 1389 4420; x_wconf 74' lang='lat' dir='ltr'>Judaeorum.Christo</span> <span class='ocrx_word' id='word_1_532' title='bbox 1421 4382 1552 4420; x_wconf 92' lang='lat' dir='ltr'>vero</span> <span class='ocrx_word' id='word_1_533' title='bbox 1574 4366 1735 4421; x_wconf 90' lang='lat' dir='ltr'>dedit</span> <span class='ocrx_word' id='word_1_534' title='bbox 1763 4371 1914 4424; x_wconf 85' lang='lat' dir='ltr'>Deus</span> <span class='ocrx_word' id='word_1_535' title='bbox 1937 4374 2096 4426; x_wconf 63' lang='lat' dir='ltr'>teter-</span> 
     </span>
    </p>
   </div>
   <div class='ocr_carea' id='block_1_78' title="bbox 442 4453 2092 4526">
    <p class='ocr_par' dir='ltr' id='par_1_78' title="bbox 442 4453 2092 4526">
     <span class='ocr_line' id='line_1_78' title="bbox 442 4453 2092 4526; baseline 0.003 -16"><span class='ocrx_word' id='word_1_536' title='bbox 442 4471 580 4510; x_wconf 88' lang='lat' dir='ltr'>nam</span> <span class='ocrx_word' id='word_1_537' title='bbox 611 4453 1032 4520; x_wconf 52' lang='lat' dir='ltr'>hereditatem,</span> <span class='ocrx_word' id='word_1_538' title='bbox 1063 4453 1291 4509; x_wconf 85' lang='lat' dir='ltr'>dicens:</span> <span class='ocrx_word' id='word_1_539' title='bbox 1328 4477 1355 4504; x_wconf 89' lang='grc'>‹‹</span> <span class='ocrx_word' id='word_1_540' title='bbox 1389 4453 1632 4510; x_wconf 88' lang='lat' dir='ltr'>Gostula</span> <span class='ocrx_word' id='word_1_541' title='bbox 1659 4473 1692 4510; x_wconf 90' lang='lat' dir='ltr'>a</span> <span class='ocrx_word' id='word_1_542' title='bbox 1713 4472 1825 4526; x_wconf 91' lang='lat' dir='ltr'>me,</span> <span class='ocrx_word' id='word_1_543' title='bbox 1859 4462 1916 4512; x_wconf 90' lang='lat' dir='ltr'>et</span> <span class='ocrx_word' id='word_1_544' title='bbox 1943 4459 2092 4516; x_wconf 91' lang='lat' dir='ltr'>dabo</span> 
     </span>
    </p>
   </div>
   <div class='ocr_carea' id='block_1_79' title="bbox 2212 3301 3874 3370">
    <p class='ocr_par' dir='ltr' id='par_1_79' title="bbox 2212 3301 3874 3370">
     <span class='ocr_line' id='line_1_79' title="bbox 2212 3301 3874 3370; baseline 0.001 -12"><span class='ocrx_word' id='word_1_545' title='bbox 2212 3305 2284 3359; x_wconf 89' lang='lat' dir='ltr'>lis</span> <span class='ocrx_word' id='word_1_546' title='bbox 2315 3302 2487 3357; x_wconf 91' lang='lat' dir='ltr'>hodie</span> <span class='ocrx_word' id='word_1_547' title='bbox 2518 3319 2928 3357; x_wconf 88' lang='lat' dir='ltr'>consummare</span> <span class='ocrx_word' id='word_1_548' title='bbox 2969 3301 3213 3357; x_wconf 87' lang='lat' dir='ltr'>feliciter</span> <span class='ocrx_word' id='word_1_549' title='bbox 3244 3302 3396 3370; x_wconf 88' lang='lat' dir='ltr'>fecit,</span> <span class='ocrx_word' id='word_1_550' title='bbox 3431 3307 3489 3358; x_wconf 91' lang='lat' dir='ltr'>et</span> <span class='ocrx_word' id='word_1_551' title='bbox 3525 3319 3759 3361; x_wconf 88' lang='lat' dir='ltr'>corona</span> <span class='ocrx_word' id='word_1_552' title='bbox 3803 3325 3874 3360; x_wconf 71' lang='lat' dir='ltr'>a2-</span> 
     </span>
    </p>
   </div>
   <div class='ocr_carea' id='block_1_80' title="bbox 2212 3390 3869 3467">
    <p class='ocr_par' dir='ltr' id='par_1_80' title="bbox 2212 3390 3869 3467">
     <span class='ocr_line' id='line_1_80' title="bbox 2212 3390 3869 3467; baseline 0.001 -19"><span class='ocrx_word' id='word_1_553' title='bbox 2212 3398 2387 3448; x_wconf 67' lang='lat' dir='ltr'>ternaz</span> <span class='ocrx_word' id='word_1_554' title='bbox 2419 3391 2818 3458; x_wconf 84' lang='lat' dir='ltr'>beatitudinis,</span> <span class='ocrx_word' id='word_1_555' title='bbox 2855 3390 3021 3445; x_wconf 86' lang='lat' dir='ltr'>illum</span> <span class='ocrx_word' id='word_1_556' title='bbox 3072 3391 3224 3446; x_wconf 81' lang='lat' dir='ltr'>inter</span> <span class='ocrx_word' id='word_1_557' title='bbox 3269 3391 3480 3447; x_wconf 89' lang='lat' dir='ltr'>choros</span> <span class='ocrx_word' id='word_1_558' title='bbox 3518 3393 3869 3467; x_wconf 85' lang='lat' dir='ltr'>angelorum</span> 
     </span>
    </p>
   </div>
   <div class='ocr_carea' id='block_1_81' title="bbox 2209 3479 3869 3554">
    <p class='ocr_par' dir='ltr' id='par_1_81' title="bbox 2209 3479 3869 3554">
     <span class='ocr_line' id='line_1_81' title="bbox 2209 3479 3869 3554; baseline 0.001 -18"><span class='ocrx_word' id='word_1_559' title='bbox 2209 3481 2459 3554; x_wconf 88' lang='lat' dir='ltr'>gloriose</span> <span class='ocrx_word' id='word_1_560' title='bbox 2490 3479 2800 3536; x_wconf 88' lang='lat' dir='ltr'>decoravit.</span> <span class='ocrx_word' id='word_1_561' title='bbox 2831 3479 2942 3536; x_wconf 89' lang='lat' dir='ltr'>Sed</span> <span class='ocrx_word' id='word_1_562' title='bbox 2975 3484 3032 3535; x_wconf 91' lang='lat' dir='ltr'>et</span> <span class='ocrx_word' id='word_1_563' title='bbox 3061 3497 3168 3536; x_wconf 88' lang='lat' dir='ltr'>nos</span> <span class='ocrx_word' id='word_1_564' title='bbox 3197 3497 3452 3552; x_wconf 88' lang='lat' dir='ltr'>quoque,</span> <span class='ocrx_word' id='word_1_565' title='bbox 3485 3481 3707 3538; x_wconf 90' lang='lat' dir='ltr'>fratres</span> <span class='ocrx_word' id='word_1_566' title='bbox 3740 3486 3869 3550; x_wconf 85' lang='lat' dir='ltr'>mei,</span> 
     </span>
    </p>
   </div>
   <div class='ocr_carea' id='block_1_82' title="bbox 2210 3569 3869 3641">
    <p class='ocr_par' dir='ltr' id='par_1_82' title="bbox 2210 3569 3869 3641">
     <span class='ocr_line' id='line_1_82' title="bbox 2210 3569 3869 3641; baseline 0.001 -14"><span class='ocrx_word' id='word_1_567' title='bbox 2210 3571 2258 3626; x_wconf 89' lang='lat' dir='ltr'>si</span> <span class='ocrx_word' id='word_1_568' title='bbox 2289 3571 2342 3627; x_wconf 91' lang='lat' dir='ltr'>ei</span> <span class='ocrx_word' id='word_1_569' title='bbox 2374 3569 2623 3625; x_wconf 85' lang='lat' dir='ltr'>fideliter</span> <span class='ocrx_word' id='word_1_570' title='bbox 2650 3569 3064 3641; x_wconf 88' lang='lat' dir='ltr'>obsequamur,</span> <span class='ocrx_word' id='word_1_571' title='bbox 3089 3569 3137 3624; x_wconf 91' lang='lat' dir='ltr'>si</span> <span class='ocrx_word' id='word_1_572' title='bbox 3168 3585 3304 3625; x_wconf 88' lang='lat' dir='ltr'>eum</span> <span class='ocrx_word' id='word_1_573' title='bbox 3336 3587 3514 3641; x_wconf 89' lang='lat' dir='ltr'>super</span> <span class='ocrx_word' id='word_1_574' title='bbox 3545 3573 3759 3628; x_wconf 89' lang='lat' dir='ltr'>omnia</span> <span class='ocrx_word' id='word_1_575' title='bbox 3789 3573 3869 3627; x_wconf 90' lang='lat' dir='ltr'>di-</span> 
     </span>
    </p>
   </div>
   <div class='ocr_carea' id='block_1_83' title="bbox 2208 3657 3869 3733">
    <p class='ocr_par' dir='ltr' id='par_1_83' title="bbox 2208 3657 3869 3733">
     <span class='ocr_line' id='line_1_83' title="bbox 2208 3657 3869 3733; baseline 0.002 -18"><span class='ocrx_word' id='word_1_576' title='bbox 2208 3659 2564 3733; x_wconf 87' lang='lat' dir='ltr'>ligamus,si,</span> <span class='ocrx_word' id='word_1_577' title='bbox 2593 3658 2867 3714; x_wconf 91' lang='lat' dir='ltr'>omnibus</span> <span class='ocrx_word' id='word_1_578' title='bbox 2897 3657 3320 3730; x_wconf 89' lang='lat' dir='ltr'>temporalibus</span> <span class='ocrx_word' id='word_1_579' title='bbox 3351 3659 3592 3730; x_wconf 87' lang='lat' dir='ltr'>spretis,</span> <span class='ocrx_word' id='word_1_580' title='bbox 3628 3663 3707 3717; x_wconf 85' lang='lat' dir='ltr'>ad</span> <span class='ocrx_word' id='word_1_581' title='bbox 3741 3680 3869 3718; x_wconf 87' lang='lat' dir='ltr'>eum</span> 
     </span>
    </p>
   </div>
   <div class='ocr_carea' id='block_1_84' title="bbox 2208 3746 3868 3813">
    <p class='ocr_par' dir='ltr' id='par_1_84' title="bbox 2208 3746 3868 3813">
     <span class='ocr_line' id='line_1_84' title="bbox 2208 3746 3868 3813; baseline 0.001 -10"><span class='ocrx_word' id='word_1_582' title='bbox 2208 3752 2326 3804; x_wconf 87' lang='lat' dir='ltr'>toto</span> <span class='ocrx_word' id='word_1_583' title='bbox 2359 3746 2647 3803; x_wconf 87' lang='lat' dir='ltr'>desiderio</span> <span class='ocrx_word' id='word_1_584' title='bbox 2693 3748 3027 3813; x_wconf 88' lang='lat' dir='ltr'>tendamus,</span> <span class='ocrx_word' id='word_1_585' title='bbox 3062 3747 3234 3802; x_wconf 88' lang='lat' dir='ltr'>faciet</span> <span class='ocrx_word' id='word_1_586' title='bbox 3287 3764 3394 3802; x_wconf 89' lang='lat' dir='ltr'>nos</span> <span class='ocrx_word' id='word_1_587' title='bbox 3445 3764 3701 3806; x_wconf 87' lang='lat' dir='ltr'>cursum</span> <span class='ocrx_word' id='word_1_588' title='bbox 3749 3752 3868 3806; x_wconf 71' lang='lat' dir='ltr'>vitae</span> 
     </span>
    </p>
   </div>
   <div class='ocr_carea' id='block_1_85' title="bbox 2206 3836 3869 3911">
    <p class='ocr_par' dir='ltr' id='par_1_85' title="bbox 2206 3836 3869 3911">
     <span class='ocr_line' id='line_1_85' title="bbox 2206 3836 3869 3911; baseline 0.002 -19"><span class='ocrx_word' id='word_1_589' title='bbox 2206 3836 2451 3893; x_wconf 88' lang='lat' dir='ltr'>feliciter</span> <span class='ocrx_word' id='word_1_590' title='bbox 2481 3851 2890 3892; x_wconf 88' lang='lat' dir='ltr'>consummare</span> <span class='ocrx_word' id='word_1_591' title='bbox 2919 3840 2978 3891; x_wconf 90' lang='lat' dir='ltr'>et</span> <span class='ocrx_word' id='word_1_592' title='bbox 3016 3837 3087 3892; x_wconf 92' lang='lat' dir='ltr'>ad</span> <span class='ocrx_word' id='word_1_593' title='bbox 3121 3840 3336 3892; x_wconf 62' lang='lat' dir='ltr'>(eterna</span> <span class='ocrx_word' id='word_1_594' title='bbox 3365 3836 3589 3908; x_wconf 86' lang='lat' dir='ltr'>gaudia</span> <span class='ocrx_word' id='word_1_595' title='bbox 3617 3838 3869 3911; x_wconf 84' lang='lat' dir='ltr'>gloriose</span> 
     </span>
    </p>
   </div>
   <div class='ocr_carea' id='block_1_86' title="bbox 2205 3925 2522 3999">
    <p class='ocr_par' dir='ltr' id='par_1_86' title="bbox 2205 3925 2522 3999">
     <span class='ocr_line' id='line_1_86' title="bbox 2205 3925 2522 3999; baseline -0.009 -17"><span class='ocrx_word' id='word_1_596' title='bbox 2205 3925 2522 3999; x_wconf 83' lang='lat' dir='ltr'>pervenire.</span> 
     </span>
    </p>
   </div>
   <div class='ocr_carea' id='block_1_87' title="bbox 2277 4013 3872 4086">
    <p class='ocr_par' dir='ltr' id='par_1_87' title="bbox 2277 4013 3872 4086">
     <span class='ocr_line' id='line_1_87' title="bbox 2277 4013 3872 4086; baseline 0.001 -16"><span class='ocrx_word' id='word_1_597' title='bbox 2277 4016 2451 4071; x_wconf 85' lang='lat' dir='ltr'>Sexta</span> <span class='ocrx_word' id='word_1_598' title='bbox 2495 4013 2723 4069; x_wconf 88' lang='lat' dir='ltr'>decima</span> <span class='ocrx_word' id='word_1_599' title='bbox 2769 4014 2957 4086; x_wconf 88' lang='lat' dir='ltr'>gratia</span> <span class='ocrx_word' id='word_1_600' title='bbox 3003 4017 3092 4069; x_wconf 90' lang='lat' dir='ltr'>est</span> <span class='ocrx_word' id='word_1_601' title='bbox 3139 4013 3360 4069; x_wconf 86' lang='lat' dir='ltr'>functio</span> <span class='ocrx_word' id='word_1_602' title='bbox 3410 4015 3758 4084; x_wconf 84' lang='lat' dir='ltr'>sacerdotii,</span> <span class='ocrx_word' id='word_1_603' title='bbox 3807 4017 3872 4072; x_wconf 89' lang='lat' dir='ltr'>de</span> 
     </span>
    </p>
   </div>
   <div class='ocr_carea' id='block_1_88' title="bbox 2207 4103 3868 4176">
    <p class='ocr_par' dir='ltr' id='par_1_88' title="bbox 2207 4103 3868 4176">
     <span class='ocr_line' id='line_1_88' title="bbox 2207 4103 3868 4176; baseline 0.001 -16"><span class='ocrx_word' id='word_1_604' title='bbox 2207 4121 2322 4176; x_wconf 87' lang='lat' dir='ltr'>qua</span> <span class='ocrx_word' id='word_1_605' title='bbox 2351 4103 2625 4160; x_wconf 90' lang='lat' dir='ltr'>subditur</span> <span class='ocrx_word' id='word_1_606' title='bbox 2659 4120 2670 4157; x_wconf 95' lang='lat'>:</span> <span class='ocrx_word' id='word_1_607' title='bbox 2703 4104 2890 4172; x_wconf 85' lang='lat' dir='ltr'>Fungi</span> <span class='ocrx_word' id='word_1_608' title='bbox 2918 4103 3234 4159; x_wconf 82' lang='lat' dir='ltr'>sacerdotio.</span> <span class='ocrx_word' id='word_1_609' title='bbox 3268 4103 3336 4158; x_wconf 90' lang='lat' dir='ltr'>Et</span> <span class='ocrx_word' id='word_1_610' title='bbox 3378 4105 3568 4162; x_wconf 82' lang='lat' dir='ltr'>Aaron</span> <span class='ocrx_word' id='word_1_611' title='bbox 3601 4105 3868 4176; x_wconf 88' lang='lat' dir='ltr'>quidem,</span> 
     </span>
    </p>
   </div>
   <div class='ocr_carea' id='block_1_89' title="bbox 2205 4190 3871 4266">
    <p class='ocr_par' dir='ltr' id='par_1_89' title="bbox 2205 4190 3871 4266">
     <span class='ocr_line' id='line_1_89' title="bbox 2205 4190 3871 4266; baseline 0.001 -17"><span class='ocrx_word' id='word_1_612' title='bbox 2205 4210 2392 4266; x_wconf 88' lang='lat' dir='ltr'>usque</span> <span class='ocrx_word' id='word_1_613' title='bbox 2424 4193 2495 4248; x_wconf 91' lang='lat' dir='ltr'>ad</span> <span class='ocrx_word' id='word_1_614' title='bbox 2529 4196 2855 4248; x_wconf 83' lang='lat' dir='ltr'>extremum</span> <span class='ocrx_word' id='word_1_615' title='bbox 2886 4190 3042 4247; x_wconf 90' lang='lat' dir='ltr'>diem</span> <span class='ocrx_word' id='word_1_616' title='bbox 3076 4193 3252 4265; x_wconf 86' lang='lat' dir='ltr'>digne</span> <span class='ocrx_word' id='word_1_617' title='bbox 3279 4197 3336 4248; x_wconf 88' lang='lat' dir='ltr'>et</span> <span class='ocrx_word' id='word_1_618' title='bbox 3365 4196 3606 4248; x_wconf 89' lang='lat' dir='ltr'>strenue</span> <span class='ocrx_word' id='word_1_619' title='bbox 3628 4193 3871 4251; x_wconf 85' lang='lat' dir='ltr'>functus</span> 
     </span>
    </p>
   </div>
   <div class='ocr_carea' id='block_1_90' title="bbox 2203 4279 3868 4353">
    <p class='ocr_par' dir='ltr' id='par_1_90' title="bbox 2203 4279 3868 4353">
     <span class='ocr_line' id='line_1_90' title="bbox 2203 4279 3868 4353; baseline 0.001 -14"><span class='ocrx_word' id='word_1_620' title='bbox 2203 4287 2294 4338; x_wconf 90' lang='lat' dir='ltr'>est</span> <span class='ocrx_word' id='word_1_621' title='bbox 2324 4279 2952 4338; x_wconf 86' lang='lat' dir='ltr'>sacerdotio.Christus</span> <span class='ocrx_word' id='word_1_622' title='bbox 2981 4297 3214 4353; x_wconf 89' lang='lat' dir='ltr'>quoque</span> <span class='ocrx_word' id='word_1_623' title='bbox 3244 4281 3344 4353; x_wconf 92' lang='lat' dir='ltr'>qui</span> <span class='ocrx_word' id='word_1_624' title='bbox 3370 4281 3530 4337; x_wconf 83' lang='lat' dir='ltr'>venit</span> <span class='ocrx_word' id='word_1_625' title='bbox 3559 4282 3868 4340; x_wconf 82' lang='lat' dir='ltr'>ministra-</span> 
     </span>
    </p>
   </div>
   <div class='ocr_carea' id='block_1_91' title="bbox 2203 4370 3866 4446">
    <p class='ocr_par' dir='ltr' id='par_1_91' title="bbox 2203 4370 3866 4446">
     <span class='ocr_line' id='line_1_91' title="bbox 2203 4370 3866 4446; baseline 0.001 -20"><span class='ocrx_word' id='word_1_626' title='bbox 2203 4376 2348 4440; x_wconf 90' lang='lat' dir='ltr'>re,et</span> <span class='ocrx_word' id='word_1_627' title='bbox 2380 4388 2496 4426; x_wconf 90' lang='lat' dir='ltr'>non</span> <span class='ocrx_word' id='word_1_628' title='bbox 2548 4370 2870 4426; x_wconf 89' lang='lat' dir='ltr'>ministrari</span> <span class='ocrx_word' id='word_1_629' title='bbox 2900 4371 3114 4441; x_wconf 84' lang='lat' dir='ltr'>(Matth.</span> <span class='ocrx_word' id='word_1_630' title='bbox 3147 4371 3263 4442; x_wconf 79' lang='lat' dir='ltr'>xx),</span> <span class='ocrx_word' id='word_1_631' title='bbox 3297 4371 3420 4442; x_wconf 90' lang='lat' dir='ltr'>ipse</span> <span class='ocrx_word' id='word_1_632' title='bbox 3465 4371 3526 4425; x_wconf 89' lang='lat' dir='ltr'>in</span> <span class='ocrx_word' id='word_1_633' title='bbox 3581 4388 3697 4429; x_wconf 87' lang='lat' dir='ltr'>sua</span> <span class='ocrx_word' id='word_1_634' title='bbox 3751 4390 3866 4446; x_wconf 82' lang='lat' dir='ltr'>per-</span> 
     </span>
    </p>
   </div>
   <div class='ocr_carea' id='block_1_92' title="bbox 2203 4459 3866 4532">
    <p class='ocr_par' dir='ltr' id='par_1_92' title="bbox 2203 4459 3866 4532">
     <span class='ocr_line' id='line_1_92' title="bbox 2203 4459 3866 4532; baseline 0.001 -15"><span class='ocrx_word' id='word_1_635' title='bbox 2203 4479 2347 4518; x_wconf 89' lang='lat' dir='ltr'>sona</span> <span class='ocrx_word' id='word_1_636' title='bbox 2377 4477 2562 4532; x_wconf 88' lang='lat' dir='ltr'>usque</span> <span class='ocrx_word' id='word_1_637' title='bbox 2592 4460 2664 4515; x_wconf 91' lang='lat' dir='ltr'>ad</span> <span class='ocrx_word' id='word_1_638' title='bbox 2697 4475 2864 4514; x_wconf 90' lang='lat' dir='ltr'>suam</span> <span class='ocrx_word' id='word_1_639' title='bbox 2897 4459 3256 4531; x_wconf 88' lang='lat' dir='ltr'>passionem,</span> <span class='ocrx_word' id='word_1_640' title='bbox 3291 4459 3536 4516; x_wconf 89' lang='lat' dir='ltr'>humilis</span> <span class='ocrx_word' id='word_1_641' title='bbox 3578 4463 3866 4532; x_wconf 65' lang='lat' dir='ltr'>praedica-</span> 
     </span>
    </p>
   </div>
   <div class='ocr_carea' id='block_1_93' title="bbox 439 4542 3863 4634">
    <p class='ocr_par' dir='ltr' id='par_1_93' title="bbox 439 4542 3863 4634">
     <span class='ocr_line' id='line_1_93' title="bbox 439 4542 3863 4634; baseline 0.003 -36"><span class='ocrx_word' id='word_1_642' title='bbox 439 4543 546 4599; x_wconf 90' lang='lat' dir='ltr'>tibi</span> <span class='ocrx_word' id='word_1_643' title='bbox 564 4547 768 4616; x_wconf 88' lang='lat' dir='ltr'>gentes</span> <span class='ocrx_word' id='word_1_644' title='bbox 790 4542 1188 4598; x_wconf 69' lang='lat' dir='ltr'>hmreditatem</span> <span class='ocrx_word' id='word_1_645' title='bbox 1211 4546 1458 4634; x_wconf 64' lang='lat' dir='ltr'>tuam_,et</span> <span class='ocrx_word' id='word_1_646' title='bbox 1477 4543 1906 4634; x_wconf 83' lang='lat' dir='ltr'>possessionem</span> <span class='ocrx_word' id='word_1_647' title='bbox 1930 4551 2090 4604; x_wconf 89' lang='lat' dir='ltr'>tuam</span> <span class='ocrx_word' id='word_1_648' title='bbox 2125 4571 2170 4634; x_wconf 82' lang='lat' dir='ltr'><strong>D</strong></span> <span class='ocrx_word' id='word_1_649' title='bbox 2201 4549 2344 4605; x_wconf 90' lang='lat' dir='ltr'>toris</span> <span class='ocrx_word' id='word_1_650' title='bbox 2375 4553 2430 4604; x_wconf 89' lang='lat' dir='ltr'>et</span> <span class='ocrx_word' id='word_1_651' title='bbox 2462 4547 2716 4604; x_wconf 90' lang='lat' dir='ltr'>ministri</span> <span class='ocrx_word' id='word_1_652' title='bbox 2748 4547 2986 4604; x_wconf 89' lang='lat' dir='ltr'>functus</span> <span class='ocrx_word' id='word_1_653' title='bbox 3015 4551 3106 4602; x_wconf 88' lang='lat' dir='ltr'>est</span> <span class='ocrx_word' id='word_1_654' title='bbox 3135 4547 3345 4603; x_wconf 82' lang='lat' dir='ltr'>officio.</span> <span class='ocrx_word' id='word_1_655' title='bbox 3369 4548 3484 4604; x_wconf 86' lang='lat' dir='ltr'>Iste</span> <span class='ocrx_word' id='word_1_656' title='bbox 3512 4549 3697 4605; x_wconf 87' lang='lat' dir='ltr'>etiam</span> <span class='ocrx_word' id='word_1_657' title='bbox 3733 4567 3863 4607; x_wconf 84' lang='lat' dir='ltr'>san-</span> 
     </span>
    </p>
   </div>
   <div class='ocr_carea' id='block_1_94' title="bbox 439 4631 3865 4705">
    <p class='ocr_par' dir='ltr' id='par_1_94' title="bbox 439 4631 3865 4705">
     <span class='ocr_line' id='line_1_94' title="bbox 439 4631 3865 4705; baseline 0.002 -17"><span class='ocrx_word' id='word_1_658' title='bbox 439 4631 722 4688; x_wconf 89' lang='lat' dir='ltr'>terminos</span> <span class='ocrx_word' id='word_1_659' title='bbox 753 4636 919 4688; x_wconf 81' lang='lat' dir='ltr'>terrae</span> <span class='ocrx_word' id='word_1_660' title='bbox 953 4632 1122 4705; x_wconf 83' lang='lat' dir='ltr'>(Psal.</span> <span class='ocrx_word' id='word_1_661' title='bbox 1159 4631 1239 4702; x_wconf 84' lang='grc' dir='ltr'>ιι).</span> <span class='ocrx_word' id='word_1_662' title='bbox 1276 4654 1304 4681; x_wconf 93' lang='grc'><strong>››</strong></span> <span class='ocrx_word' id='word_1_663' title='bbox 1335 4631 1498 4686; x_wconf 90' lang='lat' dir='ltr'>Unde</span> <span class='ocrx_word' id='word_1_664' title='bbox 1529 4631 1654 4703; x_wconf 91' lang='lat' dir='ltr'>ipse</span> <span class='ocrx_word' id='word_1_665' title='bbox 1676 4633 1821 4689; x_wconf 83' lang='lat' dir='ltr'>dixit</span> <span class='ocrx_word' id='word_1_666' title='bbox 1849 4652 1861 4690; x_wconf 91' lang='lat'><strong>:</strong></span> <span class='ocrx_word' id='word_1_667' title='bbox 1903 4659 1921 4684; x_wconf 84' lang='lat'><strong>«</strong></span> <span class='ocrx_word' id='word_1_668' title='bbox 1949 4636 2093 4693; x_wconf 88' lang='lat' dir='ltr'>Data</span> <span class='ocrx_word' id='word_1_669' title='bbox 2125 4631 2158 4634; x_wconf 57' lang='grc'>⁷</span> <span class='ocrx_word' id='word_1_670' title='bbox 2201 4642 2330 4693; x_wconf 90' lang='lat' dir='ltr'>ctus</span> <span class='ocrx_word' id='word_1_671' title='bbox 2361 4638 2678 4705; x_wconf 89' lang='lat' dir='ltr'>confessor,</span> <span class='ocrx_word' id='word_1_672' title='bbox 2714 4653 2846 4693; x_wconf 90' lang='lat' dir='ltr'>cum</span> <span class='ocrx_word' id='word_1_673' title='bbox 2897 4635 3056 4692; x_wconf 89' lang='lat' dir='ltr'>omni</span> <span class='ocrx_word' id='word_1_674' title='bbox 3107 4636 3438 4693; x_wconf 89' lang='lat' dir='ltr'>humilitate</span> <span class='ocrx_word' id='word_1_675' title='bbox 3490 4642 3549 4693; x_wconf 89' lang='lat' dir='ltr'>et</span> <span class='ocrx_word' id='word_1_676' title='bbox 3579 4639 3865 4696; x_wconf 82' lang='lat' dir='ltr'>sollicitu-</span> 
     </span>
    </p>
   </div>
   <div class='ocr_carea' id='block_1_95' title="bbox 438 4719 2087 4796">
    <p class='ocr_par' dir='ltr' id='par_1_95' title="bbox 438 4719 2087 4796">
     <span class='ocr_line' id='line_1_95' title="bbox 438 4719 2087 4796; baseline -0.001 -18"><span class='ocrx_word' id='word_1_677' title='bbox 438 4726 528 4778; x_wconf 90' lang='lat' dir='ltr'>est</span> <span class='ocrx_word' id='word_1_678' title='bbox 557 4721 701 4778; x_wconf 91' lang='lat' dir='ltr'>mihi</span> <span class='ocrx_word' id='word_1_679' title='bbox 733 4725 990 4794; x_wconf 88' lang='lat' dir='ltr'>potestas</span> <span class='ocrx_word' id='word_1_680' title='bbox 1019 4719 1080 4776; x_wconf 90' lang='lat' dir='ltr'>in</span> <span class='ocrx_word' id='word_1_681' title='bbox 1103 4720 1244 4776; x_wconf 64' lang='lat' dir='ltr'>caelo</span> <span class='ocrx_word' id='word_1_682' title='bbox 1266 4725 1324 4776; x_wconf 88' lang='lat' dir='ltr'>et</span> <span class='ocrx_word' id='word_1_683' title='bbox 1346 4719 1403 4774; x_wconf 93' lang='lat' dir='ltr'>in</span> <span class='ocrx_word' id='word_1_684' title='bbox 1423 4723 1576 4776; x_wconf 89' lang='lat' dir='ltr'>terra</span> <span class='ocrx_word' id='word_1_685' title='bbox 1607 4722 2034 4796; x_wconf 81' lang='lat' dir='ltr'>(Matth.xxvm).</span> <span class='ocrx_word' id='word_1_686' title='bbox 2060 4749 2087 4778; x_wconf 83' lang='lat'>»</span> 
     </span>
    </p>
   </div>
   <div class='ocr_carea' id='block_1_96' title="bbox 437 4807 2090 4884">
    <p class='ocr_par' dir='ltr' id='par_1_96' title="bbox 437 4807 2090 4884">
     <span class='ocr_line' id='line_1_96' title="bbox 437 4807 2090 4884; baseline 0.002 -17"><span class='ocrx_word' id='word_1_687' title='bbox 437 4807 552 4867; x_wconf 88' lang='lat' dir='ltr'>Iste</span> <span class='ocrx_word' id='word_1_688' title='bbox 583 4827 818 4884; x_wconf 90' lang='lat' dir='ltr'>quoque</span> <span class='ocrx_word' id='word_1_689' title='bbox 847 4809 1139 4883; x_wconf 88' lang='lat' dir='ltr'>gloriosus</span> <span class='ocrx_word' id='word_1_690' title='bbox 1177 4810 1475 4865; x_wconf 87' lang='lat' dir='ltr'>confessor</span> <span class='ocrx_word' id='word_1_691' title='bbox 1515 4826 1748 4866; x_wconf 87' lang='lat' dir='ltr'>omnem</span> <span class='ocrx_word' id='word_1_692' title='bbox 1801 4816 2090 4871; x_wconf 89' lang='lat' dir='ltr'>terrenam</span> 
     </span>
    </p>
   </div>
   <div class='ocr_carea' id='block_1_97' title="bbox 436 4899 2089 4971">
    <p class='ocr_par' dir='ltr' id='par_1_97' title="bbox 436 4899 2089 4971">
     <span class='ocr_line' id='line_1_97' title="bbox 436 4899 2089 4971; baseline 0.003 -16"><span class='ocrx_word' id='word_1_693' title='bbox 436 4899 835 4956; x_wconf 67' lang='lat' dir='ltr'>haereditatem</span> <span class='ocrx_word' id='word_1_694' title='bbox 866 4900 1236 4971; x_wconf 87' lang='lat' dir='ltr'>contempsit,</span> <span class='ocrx_word' id='word_1_695' title='bbox 1273 4899 1374 4954; x_wconf 87' lang='lat' dir='ltr'>sed</span> <span class='ocrx_word' id='word_1_696' title='bbox 1405 4899 1564 4955; x_wconf 90' lang='lat' dir='ltr'>solus</span> <span class='ocrx_word' id='word_1_697' title='bbox 1595 4900 1750 4956; x_wconf 91' lang='lat' dir='ltr'>Deus</span> <span class='ocrx_word' id='word_1_698' title='bbox 1780 4900 2089 4960; x_wconf 72' lang='lat' dir='ltr'>hmreditas</span> 
     </span>
    </p>
   </div>
   <div class='ocr_carea' id='block_1_98' title="bbox 436 4987 2087 5060">
    <p class='ocr_par' dir='ltr' id='par_1_98' title="bbox 436 4987 2087 5060">
     <span class='ocr_line' id='line_1_98' title="bbox 436 4987 2087 5060; baseline 0.003 -17"><span class='ocrx_word' id='word_1_699' title='bbox 436 4989 564 5060; x_wconf 90' lang='lat' dir='ltr'>ejus</span> <span class='ocrx_word' id='word_1_700' title='bbox 597 4987 795 5054; x_wconf 84' lang='lat' dir='ltr'>fuit,in</span> <span class='ocrx_word' id='word_1_701' title='bbox 826 5004 940 5059; x_wconf 92' lang='lat' dir='ltr'>quo</span> <span class='ocrx_word' id='word_1_702' title='bbox 973 4988 1388 5043; x_wconf 82' lang='lat' dir='ltr'>sufficientiam</span> <span class='ocrx_word' id='word_1_703' title='bbox 1419 4992 1476 5044; x_wconf 89' lang='lat' dir='ltr'>et</span> <span class='ocrx_word' id='word_1_704' title='bbox 1505 4988 1902 5046; x_wconf 60' lang='lat' dir='ltr'>hereditatem</span> <span class='ocrx_word' id='word_1_705' title='bbox 1925 4997 2087 5048; x_wconf 60' lang='lat' dir='ltr'>mter-</span> 
     </span>
    </p>
   </div>
   <div class='ocr_carea' id='block_1_99' title="bbox 436 5076 2090 5148">
    <p class='ocr_par' dir='ltr' id='par_1_99' title="bbox 436 5076 2090 5148">
     <span class='ocr_line' id='line_1_99' title="bbox 436 5076 2090 5148; baseline 0.002 -15"><span class='ocrx_word' id='word_1_706' title='bbox 436 5092 576 5133; x_wconf 89' lang='lat' dir='ltr'>nam</span> <span class='ocrx_word' id='word_1_707' title='bbox 609 5076 959 5148; x_wconf 88' lang='lat' dir='ltr'>possedit.In</span> <span class='ocrx_word' id='word_1_708' title='bbox 993 5095 1108 5148; x_wconf 90' lang='lat' dir='ltr'>quo</span> <span class='ocrx_word' id='word_1_709' title='bbox 1141 5094 1246 5133; x_wconf 91' lang='lat' dir='ltr'>nos</span> <span class='ocrx_word' id='word_1_710' title='bbox 1280 5076 1478 5132; x_wconf 90' lang='lat' dir='ltr'>miseri</span> <span class='ocrx_word' id='word_1_711' title='bbox 1501 5079 1829 5135; x_wconf 87' lang='lat' dir='ltr'>sacerdotes</span> <span class='ocrx_word' id='word_1_712' title='bbox 1850 5082 2090 5137; x_wconf 88' lang='lat' dir='ltr'>confun-</span> 
     </span>
    </p>
   </div>
   <div class='ocr_carea' id='block_1_100' title="bbox 436 5163 2086 5236">
    <p class='ocr_par' dir='ltr' id='par_1_100' title="bbox 436 5163 2086 5236">
     <span class='ocr_line' id='line_1_100' title="bbox 436 5163 2086 5236; baseline 0.003 -15"><span class='ocrx_word' id='word_1_713' title='bbox 436 5163 760 5236; x_wconf 88' lang='lat' dir='ltr'>dimur,qui</span> <span class='ocrx_word' id='word_1_714' title='bbox 790 5181 923 5219; x_wconf 90' lang='lat' dir='ltr'>cum</span> <span class='ocrx_word' id='word_1_715' title='bbox 947 5170 1128 5221; x_wconf 89' lang='lat' dir='ltr'>Deum</span> <span class='ocrx_word' id='word_1_716' title='bbox 1155 5165 1215 5220; x_wconf 91' lang='lat' dir='ltr'>in</span> <span class='ocrx_word' id='word_1_717' title='bbox 1233 5165 1628 5222; x_wconf 74' lang='lat' dir='ltr'>hzereditatem</span> <span class='ocrx_word' id='word_1_718' title='bbox 1653 5168 1865 5224; x_wconf 70' lang='lat' dir='ltr'>habere</span> <span class='ocrx_word' id='word_1_719' title='bbox 1879 5170 2086 5227; x_wconf 89' lang='lat' dir='ltr'>debea-</span> 
     </span>
    </p>
   </div>
   <div class='ocr_carea' id='block_1_101' title="bbox 434 5253 2085 5331">
    <p class='ocr_par' dir='ltr' id='par_1_101' title="bbox 434 5253 2085 5331">
     <span class='ocr_line' id='line_1_101' title="bbox 434 5253 2085 5331; baseline 0.004 -21"><span class='ocrx_word' id='word_1_720' title='bbox 434 5270 593 5324; x_wconf 88' lang='lat' dir='ltr'>mus,</span> <span class='ocrx_word' id='word_1_721' title='bbox 617 5253 688 5309; x_wconf 91' lang='lat' dir='ltr'>de</span> <span class='ocrx_word' id='word_1_722' title='bbox 735 5256 949 5309; x_wconf 62' lang='lat' dir='ltr'>mterna</span> <span class='ocrx_word' id='word_1_723' title='bbox 980 5254 1310 5310; x_wconf 72' lang='lat' dir='ltr'>haereditate</span> <span class='ocrx_word' id='word_1_724' title='bbox 1343 5254 1770 5312; x_wconf 80' lang='lat' dir='ltr'>contendimus.</span> <span class='ocrx_word' id='word_1_725' title='bbox 1804 5259 1911 5312; x_wconf 85' lang='lat' dir='ltr'>Sed</span> <span class='ocrx_word' id='word_1_726' title='bbox 1945 5261 2085 5331; x_wconf 90' lang='lat' dir='ltr'>quid</span> 
     </span>
    </p>
   </div>
   <div class='ocr_carea' id='block_1_102' title="bbox 435 5341 2082 5419">
    <p class='ocr_par' dir='ltr' id='par_1_102' title="bbox 435 5341 2082 5419">
     <span class='ocr_line' id='line_1_102' title="bbox 435 5341 2082 5419; baseline 0.003 -20"><span class='ocrx_word' id='word_1_727' title='bbox 435 5341 688 5399; x_wconf 85' lang='lat' dir='ltr'>sufﬁciet</span> <span class='ocrx_word' id='word_1_728' title='bbox 716 5341 786 5407; x_wconf 90' lang='lat' dir='ltr'>ei,</span> <span class='ocrx_word' id='word_1_729' title='bbox 824 5342 918 5397; x_wconf 91' lang='lat' dir='ltr'>cui</span> <span class='ocrx_word' id='word_1_730' title='bbox 968 5360 1084 5399; x_wconf 91' lang='lat' dir='ltr'>non</span> <span class='ocrx_word' id='word_1_731' title='bbox 1141 5343 1359 5399; x_wconf 84' lang='lat' dir='ltr'>sufﬁcit</span> <span class='ocrx_word' id='word_1_732' title='bbox 1405 5344 1597 5400; x_wconf 84' lang='lat' dir='ltr'>Deus?</span> <span class='ocrx_word' id='word_1_733' title='bbox 1629 5345 1812 5414; x_wconf 91' lang='lat' dir='ltr'>Unde,</span> <span class='ocrx_word' id='word_1_734' title='bbox 1854 5347 2082 5419; x_wconf 88' lang='lat' dir='ltr'>fratres,</span> 
     </span>
    </p>
   </div>
   <div class='ocr_carea' id='block_1_103' title="bbox 432 5430 2083 5506">
    <p class='ocr_par' dir='ltr' id='par_1_103' title="bbox 432 5430 2083 5506">
     <span class='ocr_line' id='line_1_103' title="bbox 432 5430 2083 5506; baseline 0.004 -19"><span class='ocrx_word' id='word_1_735' title='bbox 432 5430 600 5488; x_wconf 84' lang='lat' dir='ltr'>valde</span> <span class='ocrx_word' id='word_1_736' title='bbox 630 5431 1006 5504; x_wconf 89' lang='lat' dir='ltr'>perhorresco</span> <span class='ocrx_word' id='word_1_737' title='bbox 1038 5450 1109 5488; x_wconf 92' lang='lat' dir='ltr'>ne</span> <span class='ocrx_word' id='word_1_738' title='bbox 1139 5449 1266 5502; x_wconf 91' lang='lat' dir='ltr'>nos,</span> <span class='ocrx_word' id='word_1_739' title='bbox 1300 5433 1440 5506; x_wconf 88' lang='lat' dir='ltr'>quia</span> <span class='ocrx_word' id='word_1_740' title='bbox 1471 5433 1868 5490; x_wconf 64' lang='lat' dir='ltr'>hereditatem</span> <span class='ocrx_word' id='word_1_741' title='bbox 1900 5440 2083 5493; x_wconf 89' lang='lat' dir='ltr'>terre-</span> 
     </span>
    </p>
   </div>
   <div class='ocr_carea' id='block_1_104' title="bbox 434 5519 2078 5597">
    <p class='ocr_par' dir='ltr' id='par_1_104' title="bbox 434 5519 2078 5597">
     <span class='ocr_line' id='line_1_104' title="bbox 434 5519 2078 5597; baseline 0.004 -21"><span class='ocrx_word' id='word_1_742' title='bbox 434 5536 575 5576; x_wconf 88' lang='lat' dir='ltr'>nam</span> <span class='ocrx_word' id='word_1_743' title='bbox 604 5519 1318 5593; x_wconf 65' lang='lat' dir='ltr'>concupiscimus,aaterna</span> <span class='ocrx_word' id='word_1_744' title='bbox 1345 5521 1549 5579; x_wconf 89' lang='lat' dir='ltr'>merito</span> <span class='ocrx_word' id='word_1_745' title='bbox 1579 5522 1892 5595; x_wconf 83' lang='lat' dir='ltr'>privamur.</span> <span class='ocrx_word' id='word_1_746' title='bbox 1911 5525 2078 5597; x_wconf 88' lang='lat' dir='ltr'>Nam,</span> 
     </span>
    </p>
   </div>
   <div class='ocr_carea' id='block_1_105' title="bbox 425 5608 2080 5700">
    <p class='ocr_par' dir='ltr' id='par_1_105' title="bbox 425 5608 2080 5700">
     <span class='ocr_line' id='line_1_105' title="bbox 425 5608 2080 5700; baseline 0.005 -30"><span class='ocrx_word' id='word_1_747' title='bbox 425 5608 599 5692; x_wconf 77' lang='lat' dir='ltr'>juxta</span> <span class='ocrx_word' id='word_1_748' title='bbox 624 5610 977 5694; x_wconf 79' lang='lat' dir='ltr'>Sapientem,</span> <span class='ocrx_word' id='word_1_749' title='bbox 993 5635 1021 5672; x_wconf 82' lang='lat'><strong>«</strong></span> <span class='ocrx_word' id='word_1_750' title='bbox 1058 5611 1367 5680; x_wconf 63' lang='lat' dir='ltr'>haereditate</span> <span class='ocrx_word' id='word_1_751' title='bbox 1397 5612 1471 5675; x_wconf 79' lang='lat' dir='ltr'>ad</span> <span class='ocrx_word' id='word_1_752' title='bbox 1494 5629 1672 5696; x_wconf 84' lang='lat' dir='ltr'>quam</span> <span class='ocrx_word' id='word_1_753' title='bbox 1689 5612 2002 5700; x_wconf 81' lang='lat' dir='ltr'>festinatur</span> <span class='ocrx_word' id='word_1_754' title='bbox 2019 5615 2080 5678; x_wconf 86' lang='lat' dir='ltr'>in</span> 
     </span>
    </p>
   </div>
   <div class='ocr_carea' id='block_1_106' title="bbox 2200 4726 3857 4799">
    <p class='ocr_par' dir='ltr' id='par_1_106' title="bbox 2200 4726 3857 4799">
     <span class='ocr_line' id='line_1_106' title="bbox 2200 4726 3857 4799; baseline 0.001 -19"><span class='ocrx_word' id='word_1_755' title='bbox 2200 4726 2355 4792; x_wconf 92' lang='lat' dir='ltr'>dine,</span> <span class='ocrx_word' id='word_1_756' title='bbox 2375 4743 2562 4799; x_wconf 91' lang='lat' dir='ltr'>usque</span> <span class='ocrx_word' id='word_1_757' title='bbox 2591 4726 2664 4781; x_wconf 90' lang='lat' dir='ltr'>ad</span> <span class='ocrx_word' id='word_1_758' title='bbox 2697 4729 2946 4782; x_wconf 89' lang='lat' dir='ltr'>mortem</span> <span class='ocrx_word' id='word_1_759' title='bbox 2979 4742 3086 4781; x_wconf 89' lang='lat' dir='ltr'>suo</span> <span class='ocrx_word' id='word_1_760' title='bbox 3117 4727 3354 4781; x_wconf 88' lang='lat' dir='ltr'>functus</span> <span class='ocrx_word' id='word_1_761' title='bbox 3383 4731 3474 4782; x_wconf 90' lang='lat' dir='ltr'>est</span> <span class='ocrx_word' id='word_1_762' title='bbox 3505 4727 3857 4785; x_wconf 86' lang='lat' dir='ltr'>ministerio.</span> 
     </span>
    </p>
   </div>
   <div class='ocr_carea' id='block_1_107' title="bbox 2199 4814 3859 4889">
    <p class='ocr_par' dir='ltr' id='par_1_107' title="bbox 2199 4814 3859 4889">
     <span class='ocr_line' id='line_1_107' title="bbox 2199 4814 3859 4889; baseline 0.001 -18"><span class='ocrx_word' id='word_1_763' title='bbox 2199 4817 2360 4882; x_wconf 88' lang='lat' dir='ltr'>Quod</span> <span class='ocrx_word' id='word_1_764' title='bbox 2394 4833 2499 4872; x_wconf 90' lang='lat' dir='ltr'>nos</span> <span class='ocrx_word' id='word_1_765' title='bbox 2548 4815 2784 4870; x_wconf 85' lang='lat' dir='ltr'>infimos</span> <span class='ocrx_word' id='word_1_766' title='bbox 2836 4815 3164 4871; x_wconf 89' lang='lat' dir='ltr'>sacerdotes</span> <span class='ocrx_word' id='word_1_767' title='bbox 3201 4814 3576 4888; x_wconf 89' lang='lat' dir='ltr'>condemnat,</span> <span class='ocrx_word' id='word_1_768' title='bbox 3608 4818 3713 4889; x_wconf 90' lang='lat' dir='ltr'>qui</span> <span class='ocrx_word' id='word_1_769' title='bbox 3749 4819 3859 4874; x_wconf 88' lang='lat' dir='ltr'>mi-</span> 
     </span>
    </p>
   </div>
   <div class='ocr_carea' id='block_1_108' title="bbox 2198 4902 3855 4976">
    <p class='ocr_par' dir='ltr' id='par_1_108' title="bbox 2198 4902 3855 4976">
     <span class='ocr_line' id='line_1_108' title="bbox 2198 4902 3855 4976; baseline 0.002 -16"><span class='ocrx_word' id='word_1_770' title='bbox 2198 4905 2440 4961; x_wconf 89' lang='lat' dir='ltr'>nisterio</span> <span class='ocrx_word' id='word_1_771' title='bbox 2471 4909 2670 4960; x_wconf 91' lang='lat' dir='ltr'>nostro</span> <span class='ocrx_word' id='word_1_772' title='bbox 2701 4904 2864 4975; x_wconf 84' lang='lat' dir='ltr'>fungi</span> <span class='ocrx_word' id='word_1_773' title='bbox 2899 4902 3525 4976; x_wconf 84' lang='lat' dir='ltr'>negligimus,vicarios</span> <span class='ocrx_word' id='word_1_774' title='bbox 3555 4909 3614 4961; x_wconf 91' lang='lat' dir='ltr'>et</span> <span class='ocrx_word' id='word_1_775' title='bbox 3634 4923 3855 4964; x_wconf 78' lang='lat' dir='ltr'>merce-</span> 
     </span>
    </p>
   </div>
   <div class='ocr_carea' id='block_1_109' title="bbox 2197 4991 3854 5069">
    <p class='ocr_par' dir='ltr' id='par_1_109' title="bbox 2197 4991 3854 5069">
     <span class='ocr_line' id='line_1_109' title="bbox 2197 4991 3854 5069; baseline 0.002 -21"><span class='ocrx_word' id='word_1_776' title='bbox 2197 4994 2392 5049; x_wconf 90' lang='lat' dir='ltr'>narios</span> <span class='ocrx_word' id='word_1_777' title='bbox 2418 5010 2522 5064; x_wconf 89' lang='lat' dir='ltr'>pro</span> <span class='ocrx_word' id='word_1_778' title='bbox 2549 4992 2718 5048; x_wconf 90' lang='lat' dir='ltr'>nobis</span> <span class='ocrx_word' id='word_1_779' title='bbox 2749 4991 3085 5060; x_wconf 86' lang='lat' dir='ltr'>statuimus,</span> <span class='ocrx_word' id='word_1_780' title='bbox 3119 4993 3230 5064; x_wconf 87' lang='lat' dir='ltr'>ipsi</span> <span class='ocrx_word' id='word_1_781' title='bbox 3261 5009 3393 5048; x_wconf 89' lang='lat' dir='ltr'>vero</span> <span class='ocrx_word' id='word_1_782' title='bbox 3437 4995 3607 5050; x_wconf 80' lang='lat' dir='ltr'>vanis</span> <span class='ocrx_word' id='word_1_783' title='bbox 3635 5000 3854 5069; x_wconf 86' lang='lat' dir='ltr'>tempo-</span> 
     </span>
    </p>
   </div>
   <div class='ocr_carea' id='block_1_110' title="bbox 2196 5081 3849 5153">
    <p class='ocr_par' dir='ltr' id='par_1_110' title="bbox 2196 5081 3849 5153">
     <span class='ocr_line' id='line_1_110' title="bbox 2196 5081 3849 5153; baseline 0.002 -16"><span class='ocrx_word' id='word_1_784' title='bbox 2196 5082 2536 5153; x_wconf 90' lang='lat' dir='ltr'>ralibusque</span> <span class='ocrx_word' id='word_1_785' title='bbox 2559 5081 3128 5153; x_wconf 86' lang='lat' dir='ltr'>rcbus,negotiisquc</span> <span class='ocrx_word' id='word_1_786' title='bbox 3152 5081 3534 5139; x_wconf 60' lang='lat' dir='ltr'>sacularibus</span> <span class='ocrx_word' id='word_1_787' title='bbox 3549 5100 3849 5148; x_wconf 79' lang='lat' dir='ltr'>vacamus,</span> 
     </span>
    </p>
   </div>
   <div class='ocr_carea' id='block_1_111' title="bbox 2197 5170 3849 5243">
    <p class='ocr_par' dir='ltr' id='par_1_111' title="bbox 2197 5170 3849 5243">
     <span class='ocr_line' id='line_1_111' title="bbox 2197 5170 3849 5243; baseline 0.001 -15"><span class='ocrx_word' id='word_1_788' title='bbox 2197 5172 2340 5228; x_wconf 88' lang='lat' dir='ltr'>satis</span> <span class='ocrx_word' id='word_1_789' title='bbox 2356 5171 2716 5227; x_wconf 89' lang='lat' dir='ltr'>invenientes</span> <span class='ocrx_word' id='word_1_790' title='bbox 2737 5170 2953 5243; x_wconf 89' lang='lat' dir='ltr'>quibus</span> <span class='ocrx_word' id='word_1_791' title='bbox 2974 5170 3203 5226; x_wconf 88' lang='lat' dir='ltr'>animas</span> <span class='ocrx_word' id='word_1_792' title='bbox 3220 5187 3324 5242; x_wconf 91' lang='lat' dir='ltr'>pro</span> <span class='ocrx_word' id='word_1_793' title='bbox 3347 5171 3566 5242; x_wconf 89' lang='lat' dir='ltr'>quibus</span> <span class='ocrx_word' id='word_1_794' title='bbox 3585 5172 3849 5229; x_wconf 83' lang='lat' dir='ltr'>Christus</span> 
     </span>
    </p>
   </div>
   <div class='ocr_carea' id='block_1_112' title="bbox 2195 5258 3848 5326">
    <p class='ocr_par' dir='ltr' id='par_1_112' title="bbox 2195 5258 3848 5326">
     <span class='ocr_line' id='line_1_112' title="bbox 2195 5258 3848 5326; baseline 0.002 -12"><span class='ocrx_word' id='word_1_795' title='bbox 2195 5264 2466 5315; x_wconf 89' lang='lat' dir='ltr'>mortuus</span> <span class='ocrx_word' id='word_1_796' title='bbox 2524 5264 2615 5315; x_wconf 90' lang='lat' dir='ltr'>est</span> <span class='ocrx_word' id='word_1_797' title='bbox 2671 5258 3141 5326; x_wconf 88' lang='lat' dir='ltr'>committamus;</span> <span class='ocrx_word' id='word_1_798' title='bbox 3174 5259 3267 5314; x_wconf 92' lang='lat' dir='ltr'>cui</span> <span class='ocrx_word' id='word_1_799' title='bbox 3324 5277 3458 5315; x_wconf 87' lang='lat' dir='ltr'>vero</span> <span class='ocrx_word' id='word_1_800' title='bbox 3519 5278 3615 5318; x_wconf 89' lang='lat' dir='ltr'>res</span> <span class='ocrx_word' id='word_1_801' title='bbox 3668 5279 3848 5318; x_wconf 84' lang='lat' dir='ltr'>vanas</span> 
     </span>
    </p>
   </div>
   <div class='ocr_carea' id='block_1_113' title="bbox 2195 5346 3851 5420">
    <p class='ocr_par' dir='ltr' id='par_1_113' title="bbox 2195 5346 3851 5420">
     <span class='ocr_line' id='line_1_113' title="bbox 2195 5346 3851 5420; baseline 0 -16"><span class='ocrx_word' id='word_1_802' title='bbox 2195 5349 2524 5413; x_wconf 89' lang='lat' dir='ltr'>credamus,</span> <span class='ocrx_word' id='word_1_803' title='bbox 2558 5346 2814 5402; x_wconf 82' lang='lat' dir='ltr'>invenire</span> <span class='ocrx_word' id='word_1_804' title='bbox 2845 5364 2962 5402; x_wconf 91' lang='lat' dir='ltr'>non</span> <span class='ocrx_word' id='word_1_805' title='bbox 3003 5346 3284 5404; x_wconf 87' lang='lat' dir='ltr'>valemus.</span> <span class='ocrx_word' id='word_1_806' title='bbox 3318 5348 3583 5420; x_wconf 88' lang='lat' dir='ltr'>Septima</span> <span class='ocrx_word' id='word_1_807' title='bbox 3624 5349 3851 5404; x_wconf 86' lang='lat' dir='ltr'>decima</span> 
     </span>
    </p>
   </div>
   <div class='ocr_carea' id='block_1_114' title="bbox 2191 5435 3847 5510">
    <p class='ocr_par' dir='ltr' id='par_1_114' title="bbox 2191 5435 3847 5510">
     <span class='ocr_line' id='line_1_114' title="bbox 2191 5435 3847 5510; baseline 0.002 -19"><span class='ocrx_word' id='word_1_808' title='bbox 2191 5437 2380 5510; x_wconf 88' lang='lat' dir='ltr'>gratia</span> <span class='ocrx_word' id='word_1_809' title='bbox 2409 5440 2497 5492; x_wconf 90' lang='lat' dir='ltr'>est</span> <span class='ocrx_word' id='word_1_810' title='bbox 2517 5435 2668 5504; x_wconf 90' lang='lat' dir='ltr'>laus,</span> <span class='ocrx_word' id='word_1_811' title='bbox 2703 5437 2774 5492; x_wconf 92' lang='lat' dir='ltr'>de</span> <span class='ocrx_word' id='word_1_812' title='bbox 2805 5453 2924 5508; x_wconf 91' lang='lat' dir='ltr'>qua</span> <span class='ocrx_word' id='word_1_813' title='bbox 2952 5436 3226 5493; x_wconf 87' lang='lat' dir='ltr'>subditur</span> <span class='ocrx_word' id='word_1_814' title='bbox 3255 5454 3268 5492; x_wconf 90' lang='lat'>:</span> <span class='ocrx_word' id='word_1_815' title='bbox 3303 5437 3369 5493; x_wconf 86' lang='lat' dir='ltr'>Et</span> <span class='ocrx_word' id='word_1_816' title='bbox 3403 5437 3605 5495; x_wconf 78' lang='lat' dir='ltr'>habere</span> <span class='ocrx_word' id='word_1_817' title='bbox 3632 5438 3847 5495; x_wconf 76' lang='lat' dir='ltr'>laudem</span> 
     </span>
    </p>
   </div>
   <div class='ocr_carea' id='block_1_115' title="bbox 2190 5525 3845 5600">
    <p class='ocr_par' dir='ltr' id='par_1_115' title="bbox 2190 5525 3845 5600">
     <span class='ocr_line' id='line_1_115' title="bbox 2190 5525 3845 5600; baseline 0.001 -19"><span class='ocrx_word' id='word_1_818' title='bbox 2190 5528 2253 5581; x_wconf 85' lang='lat' dir='ltr'>in</span> <span class='ocrx_word' id='word_1_819' title='bbox 2297 5527 2519 5582; x_wconf 82' lang='lat' dir='ltr'>nomine</span> <span class='ocrx_word' id='word_1_820' title='bbox 2572 5527 2766 5597; x_wconf 80' lang='lat' dir='ltr'>ipsius.</span> <span class='ocrx_word' id='word_1_821' title='bbox 2817 5529 2885 5581; x_wconf 88' lang='lat' dir='ltr'>Et</span> <span class='ocrx_word' id='word_1_822' title='bbox 2931 5527 3117 5582; x_wconf 81' lang='lat' dir='ltr'>Aaron</span> <span class='ocrx_word' id='word_1_823' title='bbox 3150 5525 3409 5598; x_wconf 88' lang='lat' dir='ltr'>quidem,</span> <span class='ocrx_word' id='word_1_824' title='bbox 3441 5525 3584 5600; x_wconf 89' lang='lat' dir='ltr'>quia</span> <span class='ocrx_word' id='word_1_825' title='bbox 3624 5526 3738 5584; x_wconf 88' lang='lat' dir='ltr'>sibi</span> <span class='ocrx_word' id='word_1_826' title='bbox 3789 5530 3845 5584; x_wconf 86' lang='lat' dir='ltr'>et</span> 
     </span>
    </p>
   </div>
   <div class='ocr_carea' id='block_1_116' title="bbox 2190 5613 3838 5716">
    <p class='ocr_par' dir='ltr' id='par_1_116' title="bbox 2190 5613 3838 5716">
     <span class='ocr_line' id='line_1_116' title="bbox 2190 5613 3838 5716; baseline 0 -38"><span class='ocrx_word' id='word_1_827' title='bbox 2190 5614 2322 5678; x_wconf 80' lang='lat' dir='ltr'>aliis</span> <span class='ocrx_word' id='word_1_828' title='bbox 2351 5613 2668 5698; x_wconf 84' lang='lat' dir='ltr'>profuit,de</span> <span class='ocrx_word' id='word_1_829' title='bbox 2698 5614 3010 5686; x_wconf 78' lang='lat' dir='ltr'>sacerdotii</span> <span class='ocrx_word' id='word_1_830' title='bbox 3039 5615 3340 5710; x_wconf 71' lang='lat' dir='ltr'>iunctione</span> <span class='ocrx_word' id='word_1_831' title='bbox 3365 5615 3608 5716; x_wconf 61' lang='lat' dir='ltr'>laudem</span> <span class='ocrx_word' id='word_1_832' title='bbox 3643 5615 3838 5700; x_wconf 63' lang='lat' dir='ltr'>habet.</span> 
     </span>
    </p>
   </div>
  </div>
