3988 6074
1214 355 1590 420 HOMILLE.
1621 388 1700 400 —
1728 354 1807 417 II.
1852 355 1954 417 DE
1997 352 2343 417 SANCTIS.
3325 349 3482 411 1578
3526 390 3531 397 ι

89 496 315 563 habent,
349 496 490 549 dum
521 490 876 559 moriuntur,
907 494 966 547 et
988 490 1166 565 vitam
1201 489 1723 561 timent.Nam«qui
1752 490 1808 557 Α
1837 488 2143 560 suppliciis
2175 487 2558 559 torquebitur,
2592 484 2746 559 quod
2789 486 2883 541 hic
2934 484 3252 542 luxuriosis
3284 490 3481 541 conta-

89 586 248 641 timet
295 583 590 657 pruinam,
650 580 834 636 irruet
889 597 1065 652 super
1112 597 1246 636 eum
1299 581 1397 634 nix
1425 580 1537 651 {Job
1572 584 1664 647 vn).
1699 602 1725 627 ››
1837 579 2028 633 etibus
2054 574 3069 646 delectabatur.Etjuxtavarietatem
3088 579 3480 647 peccatorum,

88 674 243 731 Unde
285 677 343 729 et
383 672 520 729 huic
566 688 729 728 servo
787 669 1055 743 protinus
1112 669 1534 740 respondetur:
1567 668 1728 724 Serve
1835 666 1945 722 erit
1976 667 2223 722 varietas
2256 664 3138 738 suppliciorum.Itaque,fratres
3161 664 3483 733 mei,unus-

86 765 224 820 male
252 771 303 819 et
326 764 503 834 piger,
533 760 739 817 sciebas
768 761 901 831 quia
945 766 1083 815 meto
1140 760 1236 813 ubi
1280 774 1388 813 non
1418 760 1646 821 semine,
1677 765 1729 813 et
1836 756 2084 829 quisque
2098 760 2361 812 nostrum
2382 755 2439 809 in
2461 753 2847 828 negotiatione
2870 752 3068 809 talenti
3090 752 3483 809 commendati

83 868 343 923 congrege
374 852 471 906 ubi
496 867 607 906 non
633 850 812 922 sparsi
833 870 852 917 ;
882 849 1120 921 oportuit
1164 864 1287 917 ergo
1330 856 1379 903 te
1406 847 1539 903 dare
1560 863 1724 918 pecu-
1832 845 2052 919 vigilet,
2082 844 2360 918 quoniam
2383 844 2580 899 nullus
2613 848 2701 899 est
2722 842 2820 915 qui
2854 861 2887 898 a
2914 844 3021 897 lleo
3043 841 3330 898 talentum
3364 858 3480 898 non

81 945 231 998 niam
263 941 674 1006 nummulariis,
704 947 754 995 et
800 954 896 1007 ego
948 939 1169 993 veniens
1224 939 1543 1008 recepissem
1586 934 1726 1007 quod
1834 936 2138 1008 acceperit.
2168 933 2330 989 Alius
2364 950 2619 1006 namque
2648 931 3013 1004 spiritualem
3035 930 3254 1004 accepit
3274 931 3482 986 intelli-

80 1048 257 1088 meum
286 1038 364 1086 est
392 1046 518 1085 cum
544 1045 735 1083 usura.
768 1029 848 1083 Ex
880 1026 1070 1082 verbis
1103 1025 1227 1081 suis
1279 1026 1555 1080 dominus
1605 1041 1724 1080 ser-
1834 1024 2112 1097 gentiam,
2146 1022 2297 1079 alius
2325 1026 2614 1079 terrenam
2637 1020 3053 1086 substantiam,
3084 1019 3235 1075 alius
3264 1022 3485 1094 tempo-

80 1136 217 1183 vum
248 1117 615 1190 constringit,
648 1115 816 1189 quasi
849 1116 1041 1172 dicat:
1079 1114 1138 1171 Si
1162 1116 1336 1186 juxta
1373 1113 1726 1170 sententiam
1836 1112 2017 1169 ralem
2048 1111 2576 1185 pote:tatem,alius
2597 1111 2750 1184 apud
2773 1110 2979 1165 divites
3001 1107 3478 1179 familiaritatem,

82 1207 223 1265 illud
250 1208 488 1280 exquiro
519 1206 675 1278 quod
706 1221 821 1260 non
853 1205 1008 1272 dedi,
1041 1208 1262 1275 quanto
1294 1202 1533 1274 magisa
1554 1206 1609 1258 te
1638 1218 1729 1257 ex—
1836 1202 1988 1259 alius
2017 1207 2201 1258 artem
2233 1218 2350 1274 qua
2376 1200 2655 1273 pascitur,
2687 1198 2838 1256 alius
2869 1196 3282 1271 saltemipsam
3313 1196 3483 1255 ratio-

82 1296 251 1370 quiro
298 1296 455 1368 quod
500 1294 575 1350 ad
630 1293 990 1368 erogandum
1042 1292 1148 1348 tibi
1196 1291 1368 1347 dedi!
1415 1290 1727 1347 Pecuniam
1837 1308 1992 1361 nem,
2024 1290 2109 1347 vel
2142 1290 2302 1363 ipsos
2332 1290 2591 1363 corporis
2622 1288 3092 1345 sensus.Habens
3115 1286 3295 1360 igitur
3314 1286 3483 1361 spiri-

1836 1379 2053 1437 tualem
2088 1378 2556 1452 intelligentiam,
2612 1375 3007 1451 praedicationi
3051 1380 3235 1443 vacet,
3258 1376 3483 1433 habens

1838 1474 2130 1527 terrenam
2188 1467 2602 1536 substantiam,
2651 1484 2752 1540 per
2808 1483 2983 1539 opera
3048 1464 3482 1534 misericordias,

32 394 33 399 ι
90 360 235 459 1577
270 396 277 447 ς

81 1385 297 1459 quippe
327 1382 743 1440 nummulariis
774 1383 933 1448 dare,
955 1380 1504 1453 estintelligentiam
1529 1379 1729 1451 praedi-

81 1473 327 1532 cationis
359 1472 477 1528 illis
506 1471 862 1544 impendere,
882 1468 1144 1542 exemplo
1172 1474 1228 1525 et
1241 1468 1545 1541 verbo,qui
1570 1467 1729 1524 illam

78 1562 309 1620 valeant
336 1558 920 1630 exercere.Sed,sicut
942 1563 1208 1615 nostrum
1227 1557 1550 1630 periculum
1575 1556 1729 1630 aspi-
1836 1558 1998 1615 illam
2031 1561 2248 1632 eroget.
2282 1556 2515 1614 Habens
2546 1560 2834 1612 terrenam
2858 1554 3487 1629 potestatem,imbecil-

81 1652 233 1719 citis,
267 1651 317 1707 si
354 1649 588 1707 Domini
634 1647 943 1721 pecuniam
990 1651 1316 1713 teneamus,
1350 1645 1432 1701 ita
1471 1650 1730 1702 vestrum
1838 1647 1924 1705 les
1955 1652 2206 1703 tueatur.
2239 1646 2471 1702 Habens
2492 1645 2643 1718 apud
2668 1644 2875 1701 divites
2898 1643 3485 1715 familiaritatem,pro

79 1738 429 1815 periculum,
462 1738 689 1806 fratres,
738 1735 1061 1809 intelligite,
1098 1734 1147 1791 si
1204 1734 1510 1807 pecuniam
1564 1733 1732 1789 nobis
1840 1736 2197 1811 pauperibus
2226 1734 2519 1808 loquatur.
2568 1735 2797 1791 Habens
2827 1738 3011 1791 artem
3061 1750 3179 1807 qua
3206 1731 3486 1807 pascitur,

81 1830 411 1903 impensam
444 1843 579 1883 cum
612 1826 810 1883 usuris
833 1841 956 1922 _n0n
986 1823 1577 1922 {eddideritii-Quam
1608 1839 1735 1895 pro-
1764 1857 1810 1922 Β
1840 1844 1910 1883 ex
1940 1842 2026 1891 ea,
2061 1826 2216 1899 quod
2249 1829 2461 1898 potest,
2493 1824 2895 1898 indigentibus
2944 1822 3220 1879 conferat.
3258 1822 3488 1879 Habens

83 1919 233 1976 fecto
263 1935 397 1974 cum
428 1933 611 1973 usura
639 1914 902 1981 redditis,
933 1913 1021 1970 vel
1068 1930 1202 1970 cum
1233 1913 1435 1968 audita
1464 1911 1731 1979 retinere,

79 2007 171 2065 vel
204 2024 338 2064 eum
368 2023 437 2063 ex
485 2003 701 2062 auditis
750 2020 866 2059 non
917 2003 1117 2059 audita
1164 2001 1435 2074 colligere
1464 2000 1733 2056 studetis.

87 2098 327 2171 Pigrum
358 2111 491 2151 vero
524 2110 755 2150 servum
787 2109 904 2165 qua
923 2090 1216 2147 sententia
1236 2090 1514 2146 dominus
1547 2089 1736 2155 feriat,

85 2187 438 2242 audiamus:
479 2184 668 2240 Tollite
698 2182 764 2239 ab
794 2198 853 2238 eo
882 2182 1171 2248 talentum,
1203 2188 1255 2236 et
1269 2180 1395 2235 date
1431 2181 1485 2235 ei
1513 2180 1610 2250 qui
1638 2179 1737 2233 ha-

86 2277 174 2332 bet
201 2275 381 2332 decem
409 2273 877 2330 talenta.Bonum
910 2269 1193 2326 talentum
1230 2267 1555 2341 spiritualis
1577 2266 1741 2323 intel-

84 2363 343 2437 ligentia:
371 2363 546 2418 datur
564 2359 649 2416 illi
668 2359 769 2433 qui
795 2363 1022 2416 tantum
1042 2357 1484 2431 intelligentiam
1501 2356 1741 2413 exterio-

82 2470 221 2509 rum
254 2452 495 2519 habens,
529 2449 693 2506 illam
726 2449 872 2505 bene
900 2447 1525 2513 ministraverat.Quod
1557 2444 1741 2518 quoti-

80 2542 180 2599 die
209 2541 270 2597 in
300 2539 559 2597 Ecclesia
589 2537 715 2595 fieri
753 2538 1040 2593 videmus.
1077 2537 1223 2603 Quia
1282 2536 1564 2609 plerique,
1598 2535 1741 2590 dum

80 2632 236 2687 bene
265 2627 606 2685 ministrant
635 2625 918 2683 exteriora
947 2643 1073 2698 qua:
1106 2628 1475 2698 acceperunt,
1511 2641 1612 2697 per
1641 2624 1744 2678 ad—

78 2722 362 2792 junctam
395 2717 643 2791 gratiam
674 2716 745 2771 ad
778 2715 1089 2789 mysticum
1136 2731 1369 2787 quoque
1400 2713 1747 2786 perveniunt

82 2807 475 2866 intellectum.
508 2808 579 2864 Et
598 2809 836 2862 econtra
857 2804 1026 2860 multi
1054 2804 1398 2860 naturaliter
1418 2804 1572 2859 acuti
1593 2808 1649 2859 et
1664 2802 1748 2857 in-

82 2897 336 2972 geniosi,
372 2896 509 2969 quia
539 2895 774 2952 desides
796 2898 953 2960 sunt,
978 2894 1050 2949 ad
1074 2892 1369 2965 pigritiam
1394 2909 1561 2948 suam
1580 2891 1748 2947 hebe-

85 2990 344 3046 tescunt.
383 2986 445 3041 In
469 2984 695 3056 judicio
727 2999 861 3040 vero
883 2982 1054 3040 multi
1088 2982 1187 3056 qui
1212 2982 1385 3037 modo
1409 2985 1547 3037 sunt
1567 2981 1749 3036 scien-

82 3078 174 3133 tia
206 3073 456 3147 prsaditi,
485 3073 641 3129 inter
660 3072 927 3128 indoctos
954 3071 1488 3144 reputabuntur.Et
1516 3074 1752 3125 econtra

83 3162 392 3236 multi,qui
416 3163 589 3219 modo
612 3160 1166 3234 suntsimplices,ob
1194 3176 1361 3215 suam
1386 3159 1749 3215 devotionem

1845 1920 2040 1972 autem
2074 1914 2381 1981 rationem,
2411 1912 2501 1970 vel
2532 1913 2792 1987 quinque
2821 1912 3078 1986 corporis
3108 1910 3491 1979 sensus,bene

1848 2005 1960 2062 sibi
1991 2008 2047 2059 et
2076 2002 2207 2059 aliis
2237 2001 2399 2059 illam
2432 2001 2519 2058 vel
2567 2001 2699 2058 illos
2755 2000 3074 2073 impendat.
3109 2000 3183 2057 Ut
3211 2017 3368 2075 ergo,
3399 2014 3491 2056 re-

1847 2095 2060 2151 deunte
2077 2090 2633 2163 Domino,deta1enti
2650 2090 2740 2147 sui
2754 2090 2977 2146 ratione
2990 2090 3238 2163 quisque
3250 2106 3493 2146 securus

1848 2183 1947 2252 sit,
1977 2198 2109 2238 cum
2138 2186 2387 2237 tremore
2418 2183 2621 2253 penset
2652 2180 2909 2253 quotidie
2930 2180 3086 2253 quod
3103 2178 3495 2252 aceepit,jam-

1844 2273 1965 2343 jam
1998 2269 2227 2339 redibit,
2260 2268 2361 2342 qui
2386 2284 2640 2342 permgre
2668 2269 2961 2342 profectus
2990 2272 3096 2325 est.
3131 2267 3496 2325 Festinamus

1851 2360 2029 2435 igitur
2058 2360 2129 2416 de
2160 2359 2375 2415 talento
2420 2358 2824 2414 commendato
2870 2356 3175 2431 negotiari,
3206 2361 3497 2430 quatenus

1852 2467 1987 2506 cum
2020 2448 2411 2521 duplicatione
2432 2447 2964 2511 talenti,occurrere
2982 2446 3281 2502 valeamus
3302 2446 3497 2502 Domi-

1854 2556 1929 2594 no
1960 2537 2369 2611 venienti,ipso
2392 2536 2675 2610 largiente
2703 2536 2803 2609 qui
2831 2553 2964 2591 eum
3000 2536 3163 2591 Patre
3193 2539 3251 2591 et
3279 2534 3500 2608 Spiritu

1855 2633 2054 2685 sancto
2086 2627 2223 2683 vivit
2239 2631 2295 2682 et
2324 2630 2529 2699 regnat
2549 2643 2649 2699 per
2680 2626 2877 2681 omnia
2897 2625 3108 2681 saecula
3128 2623 3497 2681 saeculorum.

1852 2720 2056 2773 Amen.

2576 2840 2768 2898 XXIII.

1927 2949 2104 2991 UNIUS
2145 2946 2532 3001 CONFESSORIS,
2572 2947 2759 2987 SERMO
2805 2947 2875 2986 DE
2914 2947 3079 2987 LIBRO
3116 2945 3441 2987 SAPIENTIE.

1928 3078 2057 3133 Ecce
2085 3075 2331 3132 sacerdos
2359 3092 2589 3147 magnus
2611 3076 2709 3146 qui
2740 3076 2799 3129 in
2826 3073 2930 3145 ﬁde
2970 3090 3073 3129 sua
3119 3072 3376 3145 probatus
3403 3080 3501 3141 est,

1864 3174 1915 3223 et
1944 3168 2193 3236 cognitus
2218 3166 2275 3219 in
2324 3165 2502 3220 verbis
2546 3165 2663 3219 suis
2701 3161 2878 3234 ﬁdelis
2908 3162 3019 3232 (16)
3052 3162 3234 3234 (Eccli.
3269 3161 3357 3233 L);
3391 3165 3501 3217 etc.

93 3229 639 3326 inter’apostolicos
671 3229 1222 3322 doctores,pra3miis
1242 3248 1651 3321 spiritualibus
1674 3249 1759 3304 in-
1788 3229 1829 3296 C
1865 3229 2208 3320 Haciectio,
2243 3254 2449 3309 fratres
2477 3250 2611 3318 mei,
2646 3229 2781 3307 licet
2810 3252 2880 3307 ad
2917 3229 3170 3307 litteram
3202 3229 3413 3323 partim
3445 3249 3517 3306 de

92 3341 436 3415 telligentiaa
468 3339 1021 3397 remunerabuntur.
1055 3337 1217 3394 Omni
1244 3340 1388 3394 enim
1405 3338 1629 3394 habenti
1654 3337 1760 3393 da-

96 3435 275 3501 bitur,
303 3439 355 3488 et
381 3429 699 3486 abundabit.
733 3429 801 3483 Ei
830 3435 1010 3483 autem
1039 3428 1135 3500 qui
1178 3444 1290 3484 non
1334 3428 1509 3493 habet,
1542 3435 1591 3482 et
1621 3426 1761 3499 quod

94 3520 305 3575 habere
332 3518 613 3575 videbatur
640 3518 925 3588 auferetur
973 3517 1041 3571 ab
1069 3531 1148 3571 eo.
1202 3513 1303 3571 Ille
1364 3519 1517 3571 recte
1548 3514 1763 3571 dicitur

94 3624 232 3665 rem
263 3606 480 3662 habere
511 3604 612 3678 qui
643 3621 711 3662 ea
736 3603 922 3661 utitur
972 3604 1134 3660 bene.
1171 3604 1279 3670 Qui
1309 3621 1441 3660 vero
1473 3604 1624 3660 bono
1650 3622 1761 3661 usu

96 3696 193 3753 rei
223 3698 400 3766 caret,
432 3692 671 3767 perinde
702 3698 791 3750 est
821 3711 886 3751 ac
914 3693 963 3750 si
995 3710 1110 3749 non
1142 3693 1399 3749 haberet.
1425 3692 1596 3749 Omni
1626 3710 1761 3766 ergo

95 3781 350 3842 habenti
382 3786 439 3839 et
470 3783 616 3839 bene
646 3782 832 3839 utenti
864 3800 925 3839 re
954 3782 1211 3850 dabitur,
1244 3786 1302 3838 et
1332 3781 1672 3838 abundabit.
1703 3782 1763 3837 Ei

95 3891 242 3932 vero
272 3871 372 3945 qui
404 3888 521 3927 non
557 3871 816 3938 habet,et
847 3871 946 3942 qui
980 3888 1093 3926 non
1116 3872 1262 3927 bene
1284 3875 1455 3928 utens
1479 3870 1763 3943 est,quasi

97 3980 227 4019 non
260 3961 521 4030 haberet,
547 3964 603 4017 et
624 3960 780 4033 quod
803 3958 1018 4014 habere
1038 3959 1661 4025 videbatur,auferetur
1692 3960 1763 4014 ab

98 4069 197 4109 eo.
232 4049 336 4107 Vel
363 4054 516 4106 certe
546 4048 706 4106 omni
738 4047 976 4104 habenti
1027 4047 1282 4103 charitas
1326 4047 1562 4103 dabitur
1591 4051 1647 4102 et
1677 4047 1764 4103 di-

98 4140 359 4197 versitas
400 4139 727 4212 gratiarum
778 4141 1141 4205 caeterarum,
1175 4141 1231 4192 et
1284 4135 1624 4192 abundabit.
1660 4137 1766 4202 Qui

99 4246 247 4286 vero
278 4245 394 4285 non
426 4226 602 4283 habet
633 4225 1001 4292 charitatem,
1036 4224 1212 4281 etiam
1252 4225 1405 4280 dona
1431 4242 1557 4296 quae
1579 4242 1769 4297 perce-

103 4318 274 4392 pisse
305 4314 610 4372 videbatur
656 4313 904 4371 amittet.
940 4312 1101 4370 Unde
1150 4329 1387 4369 necesse
1419 4318 1528 4381 est,
1562 4313 1770 4371 fratres

103 4404 253 4472 mei,
289 4412 354 4460 ut
383 4421 614 4476 semper
643 4404 703 4458 in
735 4400 1012 4459 omnibus
1039 4402 1254 4458 habere
1276 4401 1620 4457 charitatem
1652 4407 1771 4458 stu-

106 4496 386 4561 deamus,
410 4492 687 4566 quoniam
709 4490 812 4565 qui
832 4508 959 4547 eam
982 4490 1653 4561 habet,emniahabet,et
1674 4490 1771 4564 qui

1868 3342 2138 3400 Samuele
2169 3341 2691 3415 propheta,partim
2721 3341 2791 3396 de
2812 3340 3048 3397 Simone
3068 3356 3303 3396 summo
3324 3338 3515 3413 ponti-

1870 3435 1975 3489 fice
1997 3432 2335 3489 Judieorum
2358 3430 2513 3487 dicta
2534 3431 2832 3499 sit,tamen
2855 3429 2994 3503 quia
3014 3429 3401 3486 nihilominus
3421 3427 3521 3485 isti

1870 3526 2071 3579 sancto
2102 3520 2383 3594 pontifici,
2416 3519 2510 3576 cui
2556 3518 2729 3576 hodie
2786 3519 3258 3584 solemnizamus,
3307 3533 3520 3574 conve-

1869 3610 2097 3667 nienter
2149 3608 2321 3665 hodie
2369 3608 2430 3664 in
2488 3612 2693 3665 sancta
2748 3608 3005 3664 Ecclesia
3060 3607 3359 3664 recitatur.
3393 3604 3528 3662 Fuit

1872 3699 2088 3772 quippe
2121 3699 2245 3771 ipse
2274 3696 2567 3769 gloriosus
2615 3697 2875 3769 pontifex
2927 3697 3200 3753 sacerdos
3248 3711 3522 3768 magnus,

1872 3804 2125 3861 magnus
2156 3786 2369 3856 officio,
2398 3802 2651 3859 magnus
2699 3786 2925 3853 merito,
2959 3801 3210 3859 magnus
3262 3784 3522 3857 praemio.

1874 3877 2125 3949 Magnus
2151 3874 2427 3945 exterius,
2481 3892 2734 3949 magnus
2767 3874 3035 3944 interius,
3068 3890 3321 3947 magnus
3350 3890 3523 3946 supe-

1873 3965 2016 4022 rius.
2051 3964 2211 4021 Talis
2243 3964 2523 4020 nimirum
2576 3964 2748 4019 debet
2799 3979 2927 4020 esse
2984 3963 3276 4029 sacerdos,
3312 3966 3377 4017 ut
3407 3961 3524 4018 alto

1873 4054 2082 4127 gradui
2112 4052 2231 4109 alta
2261 4054 2378 4108 vita
2424 4052 2790 4126 respondeat,
2825 4055 3115 4124 quatenus
3144 4051 3399 4123 utrique,
3434 4049 3525 4106 al-

1874 4149 2001 4199 tum
2035 4158 2267 4215 quoque
2298 4142 2603 4213 przemium
2637 4141 2987 4212 respondere
3009 4142 3201 4212 queat.
3221 4139 3525 4196 Commen-

1877 4232 2050 4286 datur
2080 4230 2190 4285 iste
2223 4230 2493 4286 sacerdos
2519 4229 2576 4283 in
2612 4233 2884 4300 quatuor,
2916 4228 2974 4283 in
2998 4228 3130 4296 fide,
3156 4228 3217 4283 in
3238 4226 3524 4295 claritate,

1877 4319 1936 4374 in
1967 4318 2251 4373 virtutum
2280 4316 2642 4384 varietate,in
2666 4316 2841 4372 officii
2864 4316 2955 4372 sui
2986 4316 3527 4374 executione.Porro

1880 4407 1939 4463 in
1966 4406 2081 4462 fide
2113 4405 2558 4461 commendatur
2578 4422 2715 4461 cum
2740 4404 3154 4479 subjungitur:
3190 4407 3305 4479 Qui
3335 4407 3392 4461 in
3424 4404 3530 4476 ﬁde

1878 4513 1979 4552 sua
2004 4496 2266 4568 probatus
2290 4502 2386 4563 est,
2419 4502 2470 4551 et
2491 4496 2742 4564 coynitus
2779 4502 2857 4549 est
2888 4495 2947 4549 in
2976 4494 3154 4550 verbis
3191 4495 3308 4549 suis
3328 4493 3525 4564 ﬁdelis.

108 4600 253 4641 eam
314 4598 431 4638 non
484 4580 678 4650 habet,
738 4583 795 4635 et
863 4578 1081 4635 talento
1136 4580 1293 4651 quod
1363 4578 1614 4635 habebat
1673 4598 1773 4652 pu—
1804 4596 1850 4661 ι)
1882 4584 2185 4653 Probatus,
2219 4582 2977 4656 inquit,etcognitus,quasi
3008 4582 3308 4655 probando
3338 4581 3532 4655 cogni-

108 4670 307 4740 nitur,
340 4675 415 4735 et,
440 4671 610 4743 juxta
640 4668 1003 4725 Dominicam
1037 4668 1407 4736 sententiam,
1440 4670 1499 4723 in
1528 4671 1776 4726 tenebras

108 4764 418 4822 exteriores
446 4760 859 4833 praecipitatur.
883 4763 993 4815 Per
1022 4775 1253 4831 pcnnam
1283 4759 1500 4831 quippe
1530 4760 1684 4814 cadit
1716 4759 1775 4814 in

111 4850 440 4910 exteriores
471 4848 571 4920 qui
594 4865 696 4921 per
713 4847 945 4920 culpam
970 4864 1138 4903 suam
1160 4847 1443 4903 recideret
1466 4848 1524 4902 in
1548 4847 1779 4904 interio-

113 4957 243 5013 res.
278 4940 360 4995 Ibi
388 4940 495 4994 erit
519 4939 677 5008 ﬂetus
702 4936 1026 5006 oculorum,
1062 4936 1161 5009 qui
1195 4936 1289 4992 hic
1334 4935 1537 4993 illicita
1578 4937 1779 5010 cupie-

113 5032 295 5094 bant,
329 5036 379 5085 et
406 5027 609 5084 stridor
654 5026 921 5093 dentium,
949 5025 1049 5099 qui
1098 5026 1384 5082 edacitate
1423 5027 1777 5099 gaudebant.

114 5116 369 5176 Ardebit
398 5115 600 5189 lingua
631 5132 757 5187 quae
788 5114 1191 5188 garrulitatem
1218 5113 1313 5168 hic
1335 5114 1784 5171 amabat-.Nasus

116 5204 602 5262 intolerabilibus
634 5203 916 5259 fetoribus
939 5201 1347 5274 afficietur,qui
1364 5201 1785 5260 hicluxuriosia

119 5293 415 5351 odoribus
463 5291 883 5350 delectabatur.
917 5294 1100 5349 Aures
1144 5297 1363 5348 terrore
1409 5290 1785 5347 stridentium

119 5381 558 5441 dmmoniorum
590 5381 1027 5450 cruciabuntur,
1061 5381 1158 5453 qui
1191 5380 1285 5436 hic
1309 5381 1474 5437 vanis
1505 5382 1787 5437 sermoni-

1884 4677 1979 4729 tus
2001 4676 2108 4728 est.
2145 4672 2293 4727 Dum
2324 4671 2480 4727 enim
2504 4688 2595 4728 res
2619 4671 2919 4744 probatur,
2939 4669 3405 4744 cognoscitur.Et
3423 4670 3534 4726 iste

1886 4761 2124 4834 quidem
2156 4764 2394 4817 sanctus
2410 4761 2691 4832 probatus
2712 4765 2769 4816 et
2790 4760 3057 4833 cognitus
3078 4764 3166 4815 est
3185 4758 3241 4814 in
3268 4760 3382 4815 fide
3403 4775 3531 4825 sua,

1886 4851 1944 4905 id
1976 4853 2066 4906 est
2096 4849 2368 4921 operibus
2397 4849 2529 4906 ﬁdei
2561 4866 2679 4904 suae
2711 4853 2768 4905 et
2796 4849 2985 4905 verbis
3014 4865 3142 4904 esse
3171 4847 3533 4904 ﬁdelis.Cum

1888 4938 2045 4994 enim
2076 4938 2223 4993 fides
2253 4937 2329 4993 sit
2358 4937 2416 4993 in
2450 4955 2511 4993 se
2555 4936 2886 5005 invisibilis,
2921 4940 2978 4992 et
3021 4937 3091 4992 de
3120 4935 3533 5003 invisibilibus,

1890 5045 2007 5084 non
2041 5027 2153 5083 nisi
2186 5044 2288 5100 per
2318 5027 2602 5083 exteriora
2622 5044 2797 5099 opera
2825 5044 2932 5083 sua
2961 5026 3241 5099 probatus
3258 5031 3315 5082 et
3343 5026 3537 5099 cogni-

1890 5121 1988 5173 tus
2021 5120 2109 5173 est
2138 5132 2265 5172 esse
2296 5116 2504 5183 fidelis,
2530 5116 2809 5187 quoniam
2839 5118 3074 5188 propter
3096 5116 3268 5171 [idem
3300 5114 3536 5183 Christi,

1894 5211 2091 5262 amata
2123 5204 2375 5277 reliquit,
2412 5205 2558 5259 dura
2588 5207 2826 5260 secutus
2856 5209 2962 5273 est,
2997 5205 3145 5260 mira
3176 5204 3546 5278 fecit,aspera

1897 5312 2108 5369 passus
2165 5300 2271 5351 est.
2325 5295 2565 5367 Propter
2634 5294 2808 5350 ﬁdem
2855 5294 3009 5350 enim
3054 5293 3267 5351 Christi
3312 5293 3548 5367 reliquit

1899 5384 2162 5456 exemplo
2178 5383 2441 5453 Abrahae,
2468 5388 2684 5439 terram
2705 5387 2761 5438 et
2786 5383 3211 5457 cognationem,
3230 5387 3287 5440 et
3306 5383 3548 5440 domum

119 5474 249 5561 bus
274 5474 333 5528 et
362 5469 536 5527 malis
560 5470 1068 5543 jucundabantur.
1103 5471 1317 5527 Totum
1373 5487 1586 5543 corpus
1614 5470 1790 5528 variis
1901 5472 2089 5547 patris
2105 5471 3197 5545 sui,blandasqueconsuetudines,cibi
3218 5472 3553 5531 lautioriset

208 5651 322 5733 £16)
357 5649 488 5709 Haec
513 5665 583 5707 ex
628 5609 1039 5707 Eeclesiastiei’
1066 5648 1370 5709 versiculis
1405 5650 1515 5722 1-5,
1551 5666 1676 5726 cap.
1709 5668 1749 5723 ι,
1785 5654 1886 5714 sed
1917 5670 2035 5714 non
2065 5655 2139 5713 ad
2170 5652 2446 5729 litteram,
2477 5656 2747 5732 excerpta
2773 5656 2932 5713 sunt.

463 5774 733 5842 Panos.
776 5773 950 5843 OLV.

3153 5776 3233 5862 δρ
