4002 6078
469 377 624 438 1379

1740 365 2139 431 BADULPHI
2183 320 2594 431 AnnnNris.

3724 363 3884 427 1580

467 507 665 575 vestis,
695 507 1152 574 ceterarumque
1184 499 1584 557 illecebrarum
1610 501 1820 555 carnis.
1849 501 2118 558 Secutus-
2150 505 2194 569 Α
2231 501 2615 557 admiratione
2646 498 2913 556 homines
2944 498 3014 554 ad
3041 497 3212 554 ﬁdem
3232 501 3289 553 et
3317 497 3664 554 charitatem
3685 515 3884 555 accen-

471 611 584 666 que
616 597 704 650 est
738 595 1046 666 angustam
1099 596 1158 646 et
1207 591 1448 645 arduam
1500 589 1652 645 viam
1709 591 2118 645 mandatorum

470 684 594 752 Dei,
657 683 946 738 mundum
992 685 1391 747 contemnens,
1440 679 1698 750 seipsum
1751 679 2118 751 cruciﬁgens,

469 775 898 844 paupertatem,
929 769 1208 824 vilitatem
1243 774 1298 824 et
1319 767 1733 835 humilitatem,
1770 773 2121 840 cacterasque

467 861 711 916 virtutes
740 857 1396 930 amplectens,inimicos
1428 857 1602 912 etiam
1635 856 1907 929 diligens,
1932 862 1988 912 et
2017 875 2119 928 pro

469 947 944 1022 persecutoribus
994 964 1259 1014 exorans,
1313 963 1413 1018 per
1473 947 1646 1000 ﬁdem
1704 963 1936 1017 quoque
1979 946 2119 1002 Jesu

469 1036 683 1094 Christi
721 1037 871 1092 mira
921 1037 1073 1105 fecit,
1109 1053 1288 1091 caecos
1336 1035 1700 1101 illuminans,
1735 1035 1976 1090 claudos
2009 1035 2118 1089 eri-

468 1143 634 1200 gens,
666 1125 1054 1181 daemoniacos
1079 1123 1584 1192 curans,inﬁrmos
1616 1128 2120 1191 sanans,mortuos

466 1215 1266 1286 suscitans.Quoniam,juxta
1295 1215 1536 1269 verbum
1574 1214 1828 1282 Domini,
1863 1238 1886 1263 ‹‹
1925 1214 2121 1268 omnia

467 1303 773 1378 possibilia
803 1309 942 1360 sunt
973 1304 1227 1359 credenti
1258 1307 1457 1371 (Marc.
1495 1305 1590 1372 Ix).
1628 1326 1654 1352 »
1679 1304 1919 1374 Propter
1944 1303 2119 1357 ﬁdem

467 1393 642 1450 etiam
674 1393 813 1449 Jesu
845 1392 1059 1448 Christi
1092 1410 1298 1464 aspera
1329 1410 1539 1464 passus
1570 1397 1677 1458 est,
1711 1390 2116 1460 contumelias,

465 1482 734 1554 injurias,
770 1481 1758 1552 damniﬁcationes,persecutiones,
1793 1481 2120 1548 exsilia,va-

469 1571 704 1644 riasque
725 1571 1090 1627 afﬂictiones.
1126 1571 1325 1643 Ipsum
1356 1571 1530 1625 etiam
1565 1569 1825 1642 martyrii
1859 1569 2119 1641 gladium

469 1661 731 1733 gaudens
777 1660 1179 1731 sustinuisset,
1221 1661 1269 1715 si
1321 1663 1475 1715 esset
1521 1659 1618 1730 qui
1668 1658 1924 1714 inferret.
1959 1658 2122 1714 Unde

468 1750 607 1822 quia
633 1753 847 1817 mente,
881 1749 1157 1822 martyrio
1191 1767 1307 1804 non
1347 1749 1550 1815 defuit,
1586 1765 1800 1803 corona
1853 1746 2118 1820 martyrii

469 1855 584 1895 non
610 1839 849 1894 carebit.
885 1839 1123 1909 Propter
1153 1838 1328 1893 verba
1358 1854 1590 1909 quoque
1621 1855 1728 1892 sua
1762 1837 2043 1942 probatus
2065 1839 2121 1891 et
2153 1877 2199 1942 Β

469 1927 738 2000 cognitus
759 1930 985 1984 estesse
999 1927 1187 1982 ﬁdelis
1214 1926 1512 1998 ;quoniam
1541 1929 1817 1997 quantam
1836 1925 2011 1980 ﬁdem
2025 1925 2122 1980 ha-

467 2017 651 2085 beret,
683 2017 1103 2072 demonstravit
1133 2017 1303 2072 verbo
1337 2016 1467 2070 ﬁdei
1493 2016 1549 2069 in
1572 2020 1830 2086 tempore
1854 2031 2121 2086 persecu-

467 2105 648 2162 tionis
680 2105 1008 2162 conﬁtendo
1039 2109 1389 2172 constanter,
1413 2103 1778 2176 prendicando
1811 2103 2116 2169 instanter,

469 2194 779 2251 scribendo
812 2193 1170 2262 luculenter;
1196 2192 1458 2248 inﬁdeles
1490 2196 1544 2247 et
1584 2191 1884 2248 hmreticos
1917 2192 2117 2247 confu-

466 2285 666 2352 tando,
696 2287 1008 2356 praesentes
1038 2281 1283 2354 pepulos
1313 2281 1437 2337 viva
1469 2297 1602 2336 voce
1631 2281 1996 2350 instruendo,
2017 2282 2118 2336 ab-

469 2377 662 2428 sentes
685 2375 742 2427 et
758 2371 1085 2427 nascituros
1108 2371 1340 2442 scriptis
1362 2369 2114 2438 erudiendo.Docuitvivus,

471 2461 637 2516 docet
667 2463 724 2516 et
753 2461 1084 2516 defunctus.
1118 2460 1186 2514 Et
1216 2459 1264 2514 si
1297 2463 1552 2514 meretur
1581 2459 1678 2531 qui
1713 2460 1898 2527 docet,
1933 2475 2116 2514 mere-

469 2553 568 2605 tur
595 2549 770 2605 etiam
803 2549 911 2605 iste
943 2549 1218 2621 quotidie,
1243 2565 1378 2604 cum
1411 2565 1516 2604 suo
1549 2548 1765 2620 scripto
1799 2566 1904 2604 nos
1927 2549 2113 2604 docet.

474 2639 586 2695 Sed
619 2655 725 2694 nos
753 2637 978 2711 indigni
1011 2639 1506 2709 sacerdotes,quid
1531 2637 1699 2693 hodie
1723 2637 2115 2710 facimus?qui

473 2743 578 2784 nec
609 2727 796 2794 factis,
827 2744 931 2782 nec
962 2727 1153 2795 dictis,
1186 2744 1291 2783 nec
1322 2727 1675 2794 moribus,ut
1704 2727 2115 2795 deceret,ﬁde-

470 2815 555 2872 les
586 2832 713 2872 esse
743 2816 1194 2888 comprobamur
1224 2817 1340 2872 imo
1373 2817 1549 2888 (quod
1582 2816 1706 2871 sine
1738 2815 2010 2889 lacrymis
2033 2816 2116 2872 di-

467 2922 593 2962 cere
623 2923 738 2961 non
771 2905 1055 2978 possum),
1090 2906 1230 2960 dum
1281 2905 1540 2960 carnalia
1598 2904 2025 2976 spiritualibus,
2060 2910 2114 2960 et

463 2995 639 3050 etiam
667 2994 1039 3067 sempiternis
1071 2995 1406 3050 transitoria
1437 2993 1852 3066 praeponimus,
1871 3011 1975 3049 nec
2009 3011 2114 3050 nos

463 3083 717 3153 credere,
752 3084 839 3140 vel
870 3084 930 3138 in
962 3085 1074 3140 ﬁde
1106 3084 1578 3139 demonstremus
1612 3083 2029 3138 dubitare.Sed
2063 3083 2111 3138 si

465 3173 641 3228 ﬁdem
691 3173 1038 3245 quandoque
1096 3171 1500 3244 praedicamus,
1557 3172 1746 3244 ipsam
1805 3173 2112 3228 contrariis

463 3261 633 3317 factis
658 3278 1090 3334 oppugnemus.

536 3351 802 3407 Secundo
831 3353 890 3404 in
924 3350 1182 3406 claritate
1231 3351 1672 3405 commendetur
1708 3350 1817 3406 iste
1849 3354 2108 3418 sanctus,

463 3456 598 3495 cum
632 3439 904 3496 subditur
929 3456 940 3493 :
977 3441 1155 3507 Quasi
1181 3441 1336 3494 stella
1364 3442 1637 3495 matutina
1664 3442 1721 3496 in
1751 3440 1926 3496 medio
1946 3442 2111 3496 nebu-

464 3529 555 3597 ιε,
585 3537 636 3584 et
664 3530 822 3600 quasi
852 3529 980 3583 luaa
1001 3529 1165 3598 plena
1209 3531 1264 3582 in
1297 3529 1484 3584 diebus
1527 3533 1642 3584 suis
1673 3531 1829 3586 lucet.
1862 3531 1926 3584 Et
1950 3532 2112 3602 quasi

461 3619 541 3673 sol
569 3618 845 3689 refulgens
879 3618 1063 3685 (Eceli.
1099 3621 1172 3686 L).
1206 3617 1297 3672 Sic
1339 3619 1448 3674 istc
1503 3624 1743 3674 sanctus
1791 3619 2018 3675 refulsit
2049 3620 2107 3675 in

460 3705 678 3778 templo
709 3704 830 3762 Dei.
865 3705 1045 3762 Stella
1071 3707 1378 3776 matutina,
1415 3709 1623 3764 fratres
1655 3709 1788 3774 mei,
1813 3707 1922 3764 diei
1956 3726 2105 3763 nun-

459 3793 560 3862 tia,
593 3794 652 3849 in
685 3795 876 3851 medio
907 3796 1142 3866 quidem
1178 3796 1398 3852 nebulae
1449 3797 1734 3869 splendet,
1769 3799 1867 3852 sed
1909 3802 2105 3853 tamen

458 3901 574 3940 non
606 3884 824 3940 sufficit
853 3885 1125 3940 nebulam
1161 3904 1566 3959 superure,nec
1588 3887 1696 3942 iter
1724 3887 2106 3942 euntibusde-

457 3978 804 4030 monstrare.
842 3975 1008 4030 Luna
1035 3991 1167 4031 vero
1199 3975 1371 4047 plena
1413 3975 1470 4030 in
1517 3976 1724 4030 diebus
1755 3975 1878 4030 suis
1903 3976 2103 4032 lucens

456 4063 672 4119 sufﬁcit
696 4081 764 4120 ex
797 4080 1008 4137 magna
1042 4069 1224 4136 parte,
1259 4070 1316 4119 et
1347 4068 1572 4119 noctem
1608 4081 1903 4136 superare,
1921 4069 1974 4120 et
1996 4065 2106 4121 iter

455 4151 732 4209 euntibus
762 4153 1183 4224 demonstrare,
1209 4154 1308 4209 sed
1353 4158 1548 4208 tamen
1597 4158 1825 4209 noctem
1864 4154 2102 4210 omnino

453 4257 567 4296 non
599 4241 849 4314 expellit,
887 4259 990 4298 nec
1021 4242 1290 4298 homines
1322 4260 1427 4298 suo
1467 4241 1657 4299 calore
1687 4242 1971 4299 calefacit.
2005 4243 2101 4300 Sol

449 4345 582 4386 vero
604 4329 854 4404 fulgens,
888 4330 1040 4387 inter
1091 4331 1335 4387 nebulas
1386 4331 1672 4403 splendet,
1706 4336 1763 4386 et
1791 4349 1890 4388 eas
1921 4349 2097 4405 supe-

449 4423 558 4487 rat,
591 4423 648 4475 et
678 4418 789 4476 iter
817 4421 1093 4476 euntibus
1127 4421 1510 4485 demonstrat,
1538 4425 1594 4475 et
1616 4425 1840 4476 noctem
1865 4421 2099 4494 penitus

448 4507 723 4577 excludit,
757 4512 813 4564 et
844 4527 950 4564 suo
982 4509 1170 4564 calore
1199 4509 1467 4564 homines
1497 4509 1974 4566 calefacit.Stella
1997 4511 2100 4585 igi-

2230 591 2333 645 dit.
2369 591 2514 646 Hinc
2543 594 2631 645 est
2651 589 2806 661 quod
2829 588 3114 644 Dominus
3136 587 3375 643 mittens
3397 587 3722 659 discipulos
3744 605 3884 644 suos

2231 680 2300 734 ad
2335 678 2788 734 illuminandum
2821 694 2923 750 per
2950 677 3125 733 ﬁdem
3185 676 3526 732 universum
3567 677 3883 740 mundum,

2229 767 2520 840 spirituali
2553 769 2679 822 vita)
2710 772 2766 823 et
2796 765 3138 840 evangelica:
3183 766 3457 822 doctrinis
3490 765 3734 838 (quibus
3761 768 3884 838 jam

2230 856 2677 930 praefulgebant)
2711 855 2979 928 adjunxit
3009 855 3182 911 etiam
3217 855 3567 911 evidentiam
3601 854 3884 928 spiritua-

2230 945 2376 1001 lium
2405 946 2689 1000 virtutum
2723 949 2778 1000 et
2807 943 3382 1016 miraculorum,qua
3400 943 3616 1016 triplici
3651 943 3787 1000 luce
3808 943 3886 999 illi

2231 1033 2575 1090 mirabiliter
2604 1033 2902 1103 illustrati,
2939 1057 2966 1082 ‹‹
3003 1033 3464 1106 praedicaverunt
3497 1033 3744 1106 ubique,
3778 1033 3885 1089 Do-

2230 1125 2390 1180 mino
2423 1129 2766 1196 cooperante
2792 1128 2850 1178 et
2880 1139 3212 1180 sermonem
3235 1123 3620 1178 confirmante
3641 1139 3888 1194 sequen-

2227 1214 2387 1268 tibus
2417 1213 2604 1286 signis
2633 1197 2818 1282 (Murc.
2853 1215 2988 1280 xw).
3026 1235 3052 1261 ››
3081 1212 3198 1267 Hac
3249 1211 3428 1284 igitur
3487 1210 3705 1284 triplici
3737 1211 3884 1278 luce,

2230 1303 2339 1358 iste
2370 1301 2660 1375 gloriosus
2692 1301 2949 1373 pontifex
2993 1299 3311 1374 insignitus
3342 1300 3573 1356 refulsit
3622 1318 3729 1373 per
3760 1301 3886 1356 vita

2229 1391 2554 1447 claritatem
2587 1391 2737 1445 inter
2767 1389 3033 1446 inﬁdeles
3065 1394 3121 1445 et
3178 1389 3482 1445 haereticos
3513 1390 3888 1446 tenebrosos-

2231 1479 2662 1553 que'homines,
2699 1479 2866 1552 quasi
2898 1478 3066 1535 stella
3091 1477 3458 1534 matutinain
3486 1479 3682 1534 medio
3715 1481 3892 1535 nebu-

2229 1570 2318 1625 lae.
2356 1569 2603 1625 Refulsit
2634 1586 2864 1641 quoque
2909 1568 3078 1640 quasi
3126 1567 3268 1624 luna
3325 1567 3498 1640 plena
3557 1569 3616 1623 in
3679 1568 3892 1625 diebus

2231 1659 2376 1727 suis,
2412 1675 2513 1730 per
2542 1657 2904 1730 spiritualem
2936 1657 3286 1724 doctrinam,
3319 1662 3548 1714 noctem
3578 1656 3893 1714 inﬁdelita-

2229 1749 2307 1804 tis
2339 1753 2393 1804 et
2418 1747 2759 1820 ignorantiae
2787 1763 3090 1820 superans,
3126 1751 3182 1802 et
3212 1751 3429 1802 rectam
3451 1745 3605 1802 viam
3638 1746 3893 1803 homini~

2231 1838 2340 1893 bus
2372 1837 2800 1892 demonstrans.
2821 1835 3070 1891 Refulsit
3099 1835 3274 1891 etiam
3305 1835 3365 1891 in
3385 1835 3605 1909 templo
3640 1836 3745 1892 Dei
3763 1842 3891 1892 tan-

2229 1943 2406 1999 quam
2441 1925 2526 1982 sol
2559 1924 3278 1999 refulgens,pervirtutum
3309 1929 3363 1981 et
3396 1925 3891 1982 mirabiliumevi—

2231 2017 2511 2083 dentiam,
2546 2031 2776 2071 omnem
2813 2014 2945 2070 ﬁdei
2995 2014 3388 2088 ignorantiam
3432 2020 3488 2070 et
3517 2014 3887 2072 dubietatem

2229 2104 2563 2172 excludens,
2599 2108 2656 2160 et
2686 2103 2956 2160 homines
2979 2104 3070 2160 sui
3101 2103 3484 2160 admiratione
3505 2105 3578 2160 ad
3613 2104 3801 2162 ﬁdem
3834 2110 3889 2162 et

2228 2194 2575 2254 charitatem
2610 2193 2708 2250 Dei
2742 2193 2998 2250 trahens.
3035 2194 3144 2249 Sed
3179 2195 3250 2248 ad
3274 2193 3394 2248 bzec
3426 2195 3566 2266 quid
3601 2195 3884 2262 dicimus,

2229 2301 2336 2340 nos
2369 2283 2556 2338 inﬁmi
2587 2283 2937 2350 sacerdotes,
2973 2281 3071 2355 qui
3121 2299 3225 2338 nec
3255 2283 3392 2349 vita,
3422 2299 3527 2338 nec
3587 2284 3882 2351 doctrina,

2229 2391 2334 2428 nec
2363 2373 2678 2428 virtutibus
2709 2375 2798 2441 (ut
2819 2375 3065 2444 oportet)
3087 2388 3487 2439 coruscamus,
3509 2372 3631 2428 imo
3665 2373 3774 2444 qui
3797 2374 3887 2428 de

2228 2463 2497 2518 heremus
2529 2478 2655 2517 esse
2687 2459 2785 2516 lux
2815 2459 3040 2529 mundi,
3076 2460 3324 2516 tenebrae
3355 2477 3585 2517 sumus.
3611 2462 3685 2517 Et
3716 2463 3886 2528 si,in-

2227 2551 2354 2623 quit
2383 2550 2686 2616 Dominus,
2721 2549 3114 2622 lumen,quod
3135 2549 3191 2604 in
3225 2555 3279 2605 te
3306 2554 3414 2616 est,
3441 2550 3698 2605 tenebrae
3724 2555 3888 2620 sunt,

2227 2641 2363 2712 ipsae
2395 2641 2644 2695 tenebrae
2677 2643 2907 2712 quantae
2940 2638 3474 2711 erunt?(.llallh.vi.)
3512 2641 3680 2705 Quod
3714 2640 3884 2708 bene,

2227 2731 2451 2794 fratres,
2485 2729 2774 2794 videmus,
2809 2728 2948 2800 quia
2993 2727 3148 2784 enim
3202 2728 3483 2795 doctores,
3521 2727 3622 2800 qui
3668 2735 3886 2785 sanctis

2223 2818 2490 2874 Ecclesiae
2541 2817 2689 2874 oculi
2747 2819 2960 2873 debent
3009 2833 3155 2886 esse,
3203 2817 3375 2873 hodie
3438 2817 3884 2886 tenebrescunt,

2224 2911 2430 2963 caetera
2460 2907 2726 2963 Ecclesia:
2761 2907 3045 2974 membra,
3067 2923 3192 2978 quae
3225 2924 3341 2962 non
3373 2907 3740 2972 ducunt,sed
3775 2909 3888 2964 du-

2223 3001 2454 3064 cuntur,
2489 3013 2666 3067 quam
2700 2995 3009 3050 tenebrosa
3039 2996 3211 3051 sunt!
3250 2996 3319 3050 Et
3367 2995 3466 3067 qui
3517 2995 3656 3051 caeci
3698 3013 3888 3054 caecos

2221 3086 2431 3140 ducere
2463 3089 2845 3157 praesumunt,
2881 3085 3252 3156 nonne(quod
3283 3083 3407 3140 sine
3439 3085 3666 3157 gemitu
3690 3086 3886 3142 dicere

2222 3191 2335 3229 non
2370 3174 2632 3246 possum)
2667 3173 2898 3246 utrique
2930 3174 2987 3228 in
3018 3173 3238 3228 foveam
3270 3177 3493 3229 aeternae
3528 3175 3886 3246 perditionis

2143 3247 2184 3314 C
2224 3264 2440 3319 cadunt
2460 3264 2488 3318 ‘?
2511 3263 2693 3318 Hatlh.
2723 3264 2839 3334 xv.)

2291 3352 2504 3421 Tertio,
2539 3353 2609 3408 de
2651 3351 2932 3408 virtutum
2975 3351 3250 3408 varietate
3294 3352 3755 3410 commendatur
3777 3355 3884 3412 iste

2220 3437 2480 3505 sanatus,
2511 3459 2645 3497 cum
2679 3441 3090 3514 subjungitur:
3115 3442 3284 3510 Quasi
3311 3459 3472 3498 arcus
3489 3443 3778 3515 refulgens
3798 3447 3884 3500 in-

2218 3539 2296 3586 ter
2339 3531 2564 3587 nebulas
2605 3532 2822 3600 gloriae.
2873 3531 3048 3586 Porro
3103 3547 3275 3587 arcus
3341 3530 3618 3599 caelestis,
3669 3534 3778 3604 qui
3827 3538 3883 3590 et

2218 3619 2323 3676 Iris
2355 3619 2584 3687 dicitur,
2624 3619 2957 3676 multicolor
2995 3624 3102 3687 est,
3135 3637 3204 3676 ex
3255 3619 3704 3693 repercussione
3737 3622 3882 3679 solis

2216 3708 2568 3775 illustratus,
2602 3709 2658 3764 in
2691 3709 2926 3781 signum
2959 3708 3190 3765 fcederis
3213 3710 3366 3764 inter
3388 3709 3571 3765 Deum
3598 3715 3659 3764 et
3688 3710 3882 3766 homi-

2216 3815 2320 3854 nes
2353 3798 2576 3870 positus
2609 3798 2758 3870 (Gen.
2794 3798 2890 3870 ix),
2925 3797 3253 3870 pluviarum
3287 3798 3745 3855 ministrativus.
3768 3801 3880 3856 Iste

2215 3904 2448 3960 quoque
2477 3887 2768 3960 gloriosus
2799 3887 3290 3955 confessor,arcus
3324 3887 3423 3942 Dei
3456 3887 3588 3954 fuit,
3614 3890 3876 3962 sagittis,

2212 3975 2269 4030 id
2302 3977 2707 4032 estsententiis
2729 3993 2904 4032 sacrae
2918 3975 3230 4048 Scriptura:
3243 3976 3511 4032 inimicos
3526 3977 3662 4032 ﬁdei
3682 3982 3881 4034 trans-

2213 4065 2398 4137 ﬁgens
2425 4083 2437 4132 ;
2474 4064 2888 4132 multicolor,id
2911 4069 2999 4122 est
3029 4065 3348 4120 multarum
3378 4065 3660 4122 varietate
3679 4067 3880 4124 virtu-

2210 4156 2336 4207 tum
2369 4169 2718 4222 coruscans;
2752 4153 2810 4208 in
2842 4154 3078 4226 signum
3133 4153 3364 4209 fmderis
3408 4153 3560 4210 inter
3590 4154 3790 4211 Deum
3821 4162 3880 4212 et

2209 4241 2499 4310 homines,
2533 4242 2672 4314 quia
2701 4267 2726 4292 ‹‹
2763 4243 2819 4297 in
2869 4247 3130 4314 tempore
3187 4241 3501 4297 iracundiae
3554 4243 3754 4300 factus
3786 4251 3880 4302 est

2209 4330 2600 4386 reconciliatio
2632 4333 2822 4403 (Ecclz'.
2857 4331 3028 4404 κων).
3059 4353 3087 4383 ››
3125 4331 3236 4387 Iste
3277 4331 3514 4403 quippe,
3549 4334 3877 4406 caeterique

2209 4418 2395 4474 sancti
2427 4419 2580 4475 inter
2597 4420 2779 4475 Deum
2803 4424 2858 4475 et
2882 4419 3150 4476 homines
3175 4418 3518 4492 positi,quid
3539 4418 3705 4475 aliud
3731 4425 3878 4477 sunt

2207 4524 2385 4580 quam
2419 4508 2652 4580 signum
2684 4509 2842 4581 pacis
2874 4508 2975 4564 Dei
3007 4509 3079 4564 ad
3104 4507 3370 4564 homines
3391 4508 3419 4562 ?
3448 4509 3699 4574 Quando
3733 4528 3874 4568 veno

446 4601 545 4654 tur
574 4599 865 4654 matutina
897 4598 953 4652 in
987 4598 1177 4654 medio
1223 4598 1446 4654 nebulae
1480 4604 1567 4654 est
1597 4599 1898 4655 exordium
1932 4601 2093 4656 bonae
2125 4619 2171 4682 υ
2205 4597 2273 4652 de
2306 4597 2495 4654 medio
2527 4597 2834 4653 hominum
2867 4596 3493 4668 substrahuniur,quid
3527 4597 3692 4653 aliud
3728 4605 3874 4656 sunt

442 4686 590 4754 vitae,
625 4704 752 4758 quae
785 4687 939 4742 diem
971 4687 1307 4743 aztcrnitatis
1351 4688 1726 4759 prmnuntiat,
1761 4689 1862 4744 sed
1893 4692 2091 4745 tarmen

442 4777 714 4832 tenebras
736 4775 1097 4832 inﬁdelitatis
1114 4781 1170 4832 et
1193 4776 1403 4832 erroris
1418 4793 1532 4832 non
1557 4777 1774 4832 sufﬁcit
1791 4795 1890 4849 per
1910 4795 1970 4834 se
1989 4796 2090 4834 su-

440 4881 666 4937 perare,
701 4883 807 4922 nec
839 4871 1055 4922 rectam
1104 4866 1257 4922 viam
1305 4865 1724 4921 demonstrare.
1765 4869 1928 4922 Luna
1957 4885 2087 4923 vero

441 4953 500 5008 in
535 4954 742 5012 diebus
777 4956 901 5011 suis
932 4955 1154 5026 lucens,
1189 4957 1278 5011 est
1306 4954 1639 5027 evangelica
1669 4955 2086 5027 doctrina,quae

439 5042 592 5099 inter
619 5045 890 5099 tenebras
939 5043 1299 5100 inﬁdelitatis
1347 5049 1402 5100 et
1449 5044 1664 5099 erroris
1697 5043 1871 5111 lucet,
1905 5048 1961 5100 et
1989 5062 2087 5102 eas

439 5136 698 5202 superat,
725 5135 781 5186 et
803 5137 1017 5186 rectam
1040 5131 1190 5186 viam
1219 5131 1558 5187 hominibus
1581 5132 1942 5188 demonstrat
1966 5135 2086 5202 ;sed

435 5222 634 5275 tamen
666 5219 1025 5274 inﬁdelitatis
1071 5225 1125 5274 et
1164 5222 1374 5276 erroris
1407 5221 1674 5276 tenebras
1706 5222 1938 5293 penitus
1968 5239 2084 5278 non

437 5307 713 5373 excludit,
750 5323 854 5361 nec
886 5324 1090 5363 omnes
1121 5308 1386 5364 homines
1426 5327 1530 5365 suo
1581 5308 1770 5365 calore
1801 5311 2080 5368 calefacit.

434 5395 531 5452 Sol
564 5412 696 5452 vero
730 5395 1139 5468 refulgens,est
1161 5397 1516 5452 mirabilium
1541 5398 1819 5455 virtutum
1852 5400 2084 5456 eviden-

429 5484 533 5556 tia,
567 5484 668 5556 qui
701 5484 851 5541 inter
870 5487 1140 5544 tenebras
1181 5485 1541 5543 inﬁdelitatis
1562 5493 1618 5544 et
1644 5490 1858 5546 erroris
1889 5490 2081 5562 splen-

428 5569 610 5641 det,et
634 5589 732 5629 eas
756 5579 1012 5646 superat,
1034 5578 1093 5630 et
1119 5578 1334 5628 rectam
1358 5574 1509 5629 viam
1534 5575 1926 5645 demonstrat;
1951 5595 2081 5649 noq-

425 5661 548 5722 tem
573 5661 912 5737 ignorantiae
934 5667 990 5722 et
1013 5660 1353 5719 dubitantia:
1366 5662 1599 5737 penitus
1616 5663 1952 5741 excludit,et
1973 5683 2080 5726 sua

2202 4703 2376 4758 quem
2409 4687 2645 4760 signum
2679 4687 2994 4742 iracundia:
3026 4687 3126 4742 Dei
3177 4687 3249 4741 ad
3281 4685 3548 4741 homines
3569 4686 3599 4740 ?
3634 4687 3705 4743 Et
3733 4706 3868 4759 nos,

2200 4777 2427 4843 fratres,
2461 4775 2562 4848 qui
2592 4775 2764 4832 hodie
2808 4776 2959 4832 veris
3007 4775 3228 4832 sanctis
3259 4775 3329 4832 de
3360 4775 3551 4831 medio
3584 4782 3866 4835 nostrum

2198 4865 2756 4933 obtenebrescimus,
2795 4865 2936 4937 quid
2966 4864 3124 4920 aliud
3163 4881 3341 4936 quam
3391 4864 3733 4922 substracto
3767 4867 3864 4924 Dei

2197 4953 2406 5008 fmdere
2438 4954 2538 5009 Dei
2569 4953 2716 5009 iram
2750 4953 3082 5026 experimur
3098 4953 3466 5009 ?Pluviarum
3490 4971 3732 5026 quoque
3756 4956 3868 5012 fuit

2199 5042 2627 5099 ministrativus
2657 5044 2766 5100 iste
2797 5049 3037 5099 sanctus
3087 5042 3186 5115 qui
3231 5042 3419 5098 imbre
3449 5044 3862 5102 doctrinarum

2195 5149 2313 5187 non
2345 5131 2536 5188 solum
2569 5133 2837 5188 homines
2866 5131 3292 5206 irrogavit,imo
3318 5131 3492 5188 etiam
3516 5131 3862 5190 internebu-

2196 5219 2289 5275 lus
2319 5220 2536 5294 gloriae,
2570 5227 2626 5276 et
2657 5221 2807 5277 inter
2837 5226 3073 5278 caeteros
3121 5220 3410 5293 gloriosos
3441 5221 3860 5292 praedicatores

2195 5309 2493 5383 privilegio
2525 5311 2921 5367 doctrinarum
2956 5316 3012 5366 et
3042 5310 3325 5366 virtutum
3356 5303 3860 5377 eﬁ‘ulsit.Quomo—

2196 5399 2268 5454 do
2292 5405 2487 5455 autem
2517 5399 2626 5456 iste
2658 5405 2896 5456 sanctus
2919 5400 3087 5472 quasi
3119 5415 3290 5455 arcus
3322 5397 3657 5456 multicolor
3688 5400 3858 5456 efful—

2193 5487 2352 5556 serit,
2387 5488 2810 5560 subsequenter
2865 5488 3192 5561 exponitur,
3245 5504 3380 5543 cum
3424 5495 3858 5546 enumerantur

2191 5582 2318 5633 octo
2347 5577 2586 5633 virtutes
2612 5578 2828 5650 quibus
2859 5578 3014 5634 varie
3046 5578 3308 5650 mireque
3347 5575 3615 5633 radiavit.
3647 5578 3852 5635 Prima

2189 5672 2280 5725 est
2309 5666 2654 5746 martyrium
2685 5667 2742 5724 in
2775 5668 3220 5728 mortiﬁcatione
3252 5667 3542 5740 carnis,de
3566 5682 3683 5746 quo
3707 5669 3850 5729 sub-
