3988 6074
138 385 305 451 1581

1298 387 1675 450 HOMILIAE.
1711 423 1785 432 —
1816 388 1891 450 II.
1940 390 2041 451 DE
2084 391 2430 452 SANGTIS.

3406 392 3430 450 l
3446 392 3561 453 582

136 520 332 590 ditur,
367 523 528 593 quasi
555 522 654 591 flos
682 536 937 576 rosarum
969 522 1029 575 in
1053 520 1242 576 diebus
1274 523 1476 577 vernis.
1521 522 1671 577 Sane
1699 522 1803 577 ﬂos
1831 526 1885 590 Α
1920 522 2093 578 ﬂictis
2125 527 2181 578 et
2211 524 2410 596 egenis
2438 523 2563 578 sine
2592 539 2756 578 mora
2786 521 3084 578 reseravit.
3133 522 3345 578 Octava
3373 522 3561 579 virtus

137 626 422 668 rosarum
458 610 518 665 in
549 608 757 666 diebus
780 608 1130 680 juventutis,
1156 614 1245 666 est
1262 609 1450 666 virtus
1468 610 1729 681 martyrii
1746 609 1804 664 in

137 699 361 756 diebus
382 699 736 771 juventutis.
762 698 962 755 Virtus
979 703 1177 756 autem
1201 698 1464 772 martyrii
1487 698 1809 771 acquiritur

141 804 269 845 non
304 787 498 845 solum
530 788 591 843 in
622 788 934 862 sanguinis
955 787 1256 856 effusione,
1282 789 1382 844 sed
1406 787 1581 843 etiam
1604 787 1663 842 in
1687 804 1807 843 car-

142 878 246 935 nis
281 894 385 951 pro
407 877 639 934 Christo
660 876 1129 934 mortificatione.
1149 876 1376 933 Etenim
1399 893 1531 931 cum
1555 876 1664 933 iste
1677 893 1802 932 san-

142 970 248 1023 tus
285 966 565 1023 continua
594 966 968 1033 abstinentia,
998 965 1195 1022 labore
1226 970 1282 1021 et
1324 964 1559 1037 vigiliis,
1593 981 1804 1037 corpus

144 1072 332 1111 suum
364 1054 695 1124 maceravit,
729 1072 863 1111 cum
892 1053 1095 1111 multis
1126 1054 1609 1127 castigationibus
1629 1052 1806 1109 rebel-

141 1144 367 1201 lionem
403 1144 597 1202 carnis
627 1145 861 1218 spiritui
889 1144 1175 1212 subdidit,
1209 1161 1444 1201 carnem
1475 1161 1643 1201 suam
1668 1161 1801 1202 cum

140 1233 314 1290 vit-iis
343 1238 400 1290 et
421 1233 909 1307 concupiscentiis
936 1233 1243 1302 cruciﬁxit,
1277 1233 1416 1306 quid
1441 1232 1601 1289 aliud
1624 1251 1802 1306 quam

143 1324 500 1380 continuum
521 1323 867 1396 martyrium
893 1322 1218 1379 sustinuit?
1240 1324 1509 1379 Secunda
1525 1328 1613 1379 est
1635 1324 1805 1380 casti-

143 1414 353 1468 monia
382 1413 452 1468 de
484 1430 600 1485 qua
630 1413 738 1468 iste
760 1417 1000 1469 sanctus
1017 1413 1483 1479 commendatur,
1509 1428 1643 1467 cum
1668 1414 1803 1468 sub-

143 1501 331 1569 ditur,
365 1504 527 1575 quasi
556 1503 681 1558 lilia
710 1517 836 1574 qua?
863 1510 991 1556 sunt
1021 1504 1081 1556 in
1110 1503 1347 1557 transitu
1397 1516 1577 1573 aquae.
1625 1505 1802 1557 Porro

142 1588 278 1646 lilia
307 1591 368 1646 in
399 1591 651 1647 transitu
685 1595 967 1663 aquae,est
983 1591 1199 1645 candor
1221 1590 1507 1646 castitatis
1528 1589 1587 1644 in
1608 1594 1800 1645 trans-

143 1677 235 1733 itu
266 1677 518 1735 labentis
568 1678 718 1734 vitae.
752 1681 877 1745 Qua
931 1678 1143 1734 virtute
1201 1679 1311 1733 iste
1368 1683 1607 1734 sanctus
1656 1679 1801 1735 mire

144 1766 537 1839 resplenduit,
568 1768 708 1823 dum
742 1768 800 1822 in
828 1784 1021 1834 carne,
1054 1784 1169 1823 non
1193 1768 1518 1823 secundum
1541 1784 1798 1837 carnem,

145 1856 295 1912 dum
323 1856 475 1913 inter
502 1857 771 1914 homines
804 1855 1063 1931 angelice
1094 1856 1252 1924 vixit,
1287 1856 1403 1912 imo
1434 1857 1492 1912 in
1524 1857 1632 1913 hoc
1664 1874 1800 1930 quo-

143 1946 467 2003 dammodo
489 1945 728 2020 angelos
749 1946 1067 2019 superavit,
1091 1946 1233 2001 dum
1260 1946 1402 2001 casti
1414 1950 1798 2019 tatem,quam

140 2033 231 2090 illi
257 2035 316 2090 in
337 2039 557 2092 natura:
579 2054 698 2093 suae
721 2035 1612 2107 confirmationepossident,iste
1623 2036 1797 2091 etiam

142 2123 207 2179 in
240 2128 464 2181 natura:
496 2143 615 2182 suae
647 2124 979 2182 lubricitate
1009 2124 1225 2180 meruit
1275 2124 1557 2180 obtinere.
1605 2125 1801 2181 Tertia

139 2214 332 2271 virtus
361 2219 451 2271 est
481 2215 790 2288 patientia,
823 2215 893 2271 de
923 2231 1041 2288 qua
1071 2214 1182 2270 iste
1213 2218 1453 2270 sanctus
1502 2230 1797 2270 commen-

143 2304 341 2373 datur,
376 2321 507 2360 cum
542 2303 834 2373 subditur,
866 2312 915 2359 et
935 2305 1095 2377 quasi
1113 2304 1234 2358 thus
1254 2302 1502 2359 redolens
1531 2305 1591 2358 in
1611 2303 1799 2359 diebus

142 2395 379 2450 astatis.
439 2397 587 2449 Sane
648 2392 787 2449 thus
847 2393 1019 2448 arbor
1091 2396 1149 2449 et
1205 2391 1454 2448 Arabica
1508 2392 1795 2449 lenissimi

146 2482 405 2549 corticis,
429 2499 531 2555 per
550 2481 792 2537 laesura:
814 2481 1067 2550 corticis,
1091 2480 1426 2537 suavissimi
1446 2485 1643 2553 guttas
1665 2482 1799 2536 odo-

151 2571 235 2627 ris
266 2570 560 2640 emittens,
586 2588 714 2643 qua:
745 2575 801 2626 et
821 2570 996 2626 thura
1027 2569 1261 2626 dicitur.
1296 2570 1459 2626 Thus
1481 2587 1616 2643 ergo
1642 2571 1800 2625 redo-

151 2659 280 2717 lens
294 2660 353 2716 in
367 2659 576 2717 diebus
587 2659 827 2728 aestatis,
848 2664 937 2715 est
964 2658 1250 2733 patientia
1261 2660 1517 2716 suaviter
1532 2660 1799 2732 fragrans

151 2749 212 2804 in
245 2749 455 2806 diebus
485 2748 927 2822 persecutionis.
989 2752 1114 2814 Qua
1158 2748 1370 2804 virtute
1408 2748 1518 2804 iste
1560 2753 1800 2805 sanctus

152 2839 301 2895 mire
329 2838 626 2912 fragravit,
659 2855 793 2894 cum
815 2837 1100 2894 suavitate
1119 2838 1433 2911 patientiae,
1458 2836 1800 2893 lenitudinis

153 2945 387 3001 quoque
447 2945 567 2984 sum
613 2945 753 2984 suos
802 2926 1176 2999 injuriatores
1225 2924 1551 2982 delectavit.
1586 2928 1802 2992 Quarta

151 3017 339 3074 virtus
369 3022 459 3075 est
487 3017 762 3085 Charitas,
796 3017 867 3072 de
890 3033 1008 3088 qua
1037 3015 1146 3071 iste
1168 3019 1407 3071 sanctus
1427 3017 1797 3072 commenda-

153 3111 270 3174 tur,
286 3124 419 3163 cum
442 3106 736 3173 subditur,
759 3108 944 3179 quasi:
971 3106 1116 3174 ignis
1136 3105 1421 3176 effulgmis.
1445 3105 1620 3160 Porro
1647 3104 1800 3177 ignis

156 3196 441 3271 effulgens
471 3200 564 3253 est
588 3196 762 3252 ardor
790 3192 1089 3249 charitatis
1122 3191 1378 3249 elucens.
1412 3193 1578 3249 Unde
1606 3192 1801 3249 Domi-

1916 616 2006 668 est
2022 611 2460 684 perseverantia:
2490 611 2785 680 fortitudo,
2803 611 2873 667 de
2895 612 3132 684 quaiste
3154 614 3394 668 sanctus
3406 628 3561 668 com-

1917 702 2249 771 mendatur,
2274 718 2407 757 cum
2431 701 2724 769 subditur,
2749 709 2798 756 et
2817 703 2974 772 quasi
2986 717 3271 773 eyprcssus
3293 702 3353 755 in
3372 699 3560 756 altitu—

1915 790 2099 847 dinem
2127 808 2184 847 se
2211 791 2494 847 extollens.
2530 790 2849 863 Cypressus
2880 790 3165 846 odorifera
3194 793 3558 847 venustatem

1915 897 2033 936 sua:
2066 897 2243 935 comae
2273 879 2435 936 nullo
2457 879 2695 953 deponit
2719 878 2998 951 impulsu,
3032 878 3198 935 fortis
3214 882 3271 934 et
3295 878 3483 935 solida
3504 882 3560 935 et

1914 969 2074 1024 oneri
2106 970 2305 1025 cedere
2326 969 2541 1024 nescia.
2566 968 2887 1041 Cypressus
2912 966 3094 1040 igitur
3115 968 3174 1022 in
3193 965 3558 1023 altitudinem

1915 1074 1978 1114 se
1991 1057 2390 1126 extollens,est
2403 1057 2646 1113 altitudo
2663 1055 3021 1113 fortitudinis
3041 1072 3563 1129 perseverans,qua

1912 1147 2125 1203 virtute
2141 1147 2250 1204 iste
2265 1152 2502 1203 sanctus
2520 1145 2917 1214 refulsit,dum
2938 1144 2996 1200 in
3012 1145 3420 1219 praedictarum
3442 1143 3561 1218 opi-

1914 1236 2085 1292 nione
2114 1236 2395 1293 virtutum
2429 1253 2659 1309 semper
2687 1251 3025 1292 excrescens
3056 1234 3282 1290 fortiter
3302 1249 3562 1307 perseve-

1914 1326 2080 1382 ravit.
2113 1326 2218 1381 Sed
2254 1327 2323 1381 ad
2355 1325 2476 1381 haec
2499 1325 2637 1397 quid
2664 1342 2768 1380 nos
2792 1323 3104 1379 miserrimi
3129 1323 3459 1379 sacerdotes
3481 1321 3563 1377 di-

1913 1431 2040 1471 cere
2054 1432 2390 1487 possumus,
2409 1414 2509 1487 qui
2533 1431 2646 1470 non
2666 1414 3029 1470 diversarum
3044 1411 3559 1485 fulgorevirtutum

1913 1504 2277 1572 decoramur,
2311 1505 2409 1561 sed
2442 1502 2636 1577 potius
2659 1503 2984 1559 econtrario
3015 1501 3378 1557 diversorum
3397 1499 3561 1556 vitio-

1912 1610 2043 1648 rum
2077 1594 2352 1650 sordibus
2382 1593 2749 1649 maculamur
2770 1597 2826 1647 et
2848 1591 3119 1659 fetemus,
3142 1596 3200 1647 et
3221 1588 3365 1646 alios
3383 1589 3561 1646 fetore

1910 1686 2109 1737 nostro
2140 1683 2594 1755 corrumpimus,
2629 1682 2709 1737 rei
2741 1698 2857 1737 non
2881 1680 3070 1737 solum
3092 1680 3423 1736 animarum
3454 1695 3558 1735 no-

1910 1775 2188 1838 strarum,
2223 1771 2323 1826 sed
2356 1771 2531 1827 etiam
2562 1770 2826 1825 omnium
2860 1769 3014 1824 malo
3064 1772 3263 1824 nostro
3295 1764 3558 1839 exemplo

1911 1862 2338 1932 corruptarum.

1982 1951 2219 2018 Quarto,
2234 1949 2303 2004 de
2315 1948 2487 2005 ofﬁcii
2505 1948 2595 2004 sui
2609 1949 2975 2005 exsecutione
2987 1947 3433 2004 commendatur
3446 1945 3559 2002 iste

1909 2043 2148 2095 sanctus
2171 2040 2628 2107 confessor,cum
2643 2038 3008 2106 subditur,in
3026 2037 3358 2108 accipiendo
3370 2037 3557 2109 ipsam

1905 2130 2114 2185 stolam
2128 2147 2166 2202 g
2178 2127 2424 2196 toria-,et
2439 2128 2636 2184 vestiri
2646 2145 2776 2183 eum
2790 2126 3288 2184 consummatione
3301 2125 3553 2182 virtutis.

1909 2217 1971 2272 In
2004 2234 2250 2274 ascensu
2275 2217 2395 2274 sive
2416 2218 2475 2272 in
2499 2234 2738 2273 accessu
2753 2216 2956 2272 altaris
2976 2216 3162 2272 sancti
3193 2214 3437 2289 gloriam
3463 2215 3557 2270 de-

1908 2306 2016 2361 dit.
2059 2307 2233 2362 Porro
2262 2306 2610 2362 vestimenta
2650 2305 2767 2361 sive
2800 2305 2989 2361 ofﬁcia
3021 2303 3403 2360 sacerdotalia
3440 2320 3555 2360 non

1910 2394 2098 2450 solum
2127 2394 2351 2450 ordinis
2381 2395 2782 2465 suntjudicia,
2819 2393 2918 2449 sed
2951 2392 3125 2449 etiam
3158 2391 3554 2466 spiritualium

1907 2484 2211 2553 virtutum,
2247 2484 2462 2556 quibus
2495 2484 2825 2541 sacerdotes
2854 2483 3065 2538 debent
3089 2482 3247 2538 intus
3278 2481 3557 2555 ornari,et

1909 2571 2232 2629 caelestium
2254 2573 2651 2645 praemiorum,
2676 2572 2747 2628 ad
2772 2589 2897 2644 quae
2915 2572 3129 2628 debent
3156 2571 3394 2627 tendere
3415 2574 3556 2626 sunt

1907 2664 2291 2718 sacramenta.
2320 2661 2480 2717 Stola
2508 2661 2724 2734 quippe
2782 2660 2915 2716 alba
2945 2660 3064 2716 sive
3112 2658 3360 2715 candida
3405 2659 3553 2715 duas

1908 2768 2000 2806 res
2024 2750 2613 2823 significat,videlicet
2634 2750 2946 2805 candorem
2965 2748 3268 2804 munditiae
3291 2748 3552 2805 sacerdo-

1908 2839 2060 2905 talis,
2096 2844 2154 2895 et
2183 2839 2489 2911 praemium
2521 2840 2667 2910 ejus,
2701 2838 2911 2895 stolam
2942 2836 3425 2895 immortalitatis.
3459 2837 3551 2893 In-

1907 2928 2049 2996 fula,
2080 2945 2205 3001 quae
2237 2932 2474 2984 caeteras
2494 2932 2683 2984 vestes
2702 2926 2846 3001 tegit
2875 2932 2931 2982 et
2959 2927 3171 2995 ambit,’
3189 2926 3483 3000 signiﬁcat
3497 2930 3555 2982 et

1908 3019 2107 3074 sacerd
2117 3017 2287 3074 otalis
2306 3016 2541 3072 virtutis
2557 3016 2992 3089 perfectionem,
3017 3019 3074 3071 et
3093 3014 3398 3088 praemium
3423 3015 3553 3088 ejus

1908 3107 2174 3179 perfectae
2215 3103 2597 3161 beatitudinis
2629 3102 3218 3160 consummationem.
3270 3104 3553 3158 Accessus

1906 3212 2041 3251 vero
2072 3194 2389 3251 sacerdotis
2418 3194 2490 3249 ad
2509 3198 2775 3250 sanctum
2800 3191 2979 3249 altare
3010 3190 3302 3264 significat
3330 3191 3556 3263 propio-

156 3304 269 3343 nus
299 3285 380 3342 ait
409 3302 422 3341 :
454 3309 481 3335 ‹‹
516 3285 715 3359 Ignem
733 3282 862 3339 veni
884 3281 1112 3338 mittere
1141 3281 1200 3335 in
1222 3285 1533 3351 terram,et
1553 3281 1692 3353 quid
1707 3298 1799 3338 νο·
1827 3276 1870 3341 C
1908 3301 2030 3340 rem
2063 3300 2387 3351 accessum,
2426 3299 2541 3355 quo
2594 3282 2764 3338 debet
2821 3282 3092 3338 sacerdos
3151 3279 3423 3336 accedere
3480 3278 3553 3336 ad

156 3374 214 3431 lo
244 3374 357 3431 nisi
388 3379 454 3430 ut
483 3373 731 3430 ardeat?
763 3395 790 3422 ››
824 3373 975 3444 (Luc.
1007 3374 1132 3439 xu.)
1153 3370 1279 3436 Qua
1307 3370 1522 3427 virtute
1543 3370 1653 3427 iste
1673 3388 1802 3427 san-

157 3469 286 3521 ctus
317 3463 663 3520 mirabiliter
682 3461 908 3533 enituit,
933 3476 1067 3516 cum
1092 3459 1361 3516 inimicos
1383 3463 1803 3532 persecutores-

158 3569 270 3624 que
302 3570 441 3609 suos
469 3558 750 3624 tanquam
770 3549 920 3605 ﬁlios
952 3549 1263 3605 adamavit.
1287 3548 1695 3614 Quintavirtus
1715 3554 1803 3605 est

158 3641 404 3711 devotio,
419 3642 491 3697 de
511 3657 627 3714 qua
647 3640 757 3696 iste
778 3644 1018 3695 sanctus
1039 3639 1639 3705 commendatur,cum
1668 3639 1802 3694 sub-

151 3731 446 3804 jungitur,
468 3738 523 3786 et
550 3732 674 3785 thus
702 3729 898 3786 ardens
920 3730 980 3784 in
1010 3730 1151 3800 igne.
1177 3728 1328 3783 Sane
1349 3727 1488 3783 thus
1509 3727 1719 3784 ardens
1740 3727 1801 3782 in

160 3820 293 3895 igne
321 3824 411 3877 est
458 3818 686 3876 devotio
743 3816 1023 3875 orationis
1081 3817 1142 3873 in
1200 3816 1502 3873 charitatis
1560 3818 1797 3873 fervore.

161 3910 321 3967 Unde
352 3908 660 3965 Psalmista
693 3924 705 3963 :
741 3930 768 3958 ‹‹
802 3907 1103 3981 Dirigatur
1132 3906 1315 3963 oratio
1348 3923 1476 3962 mea
1524 3907 1677 3961 sicut
1710 3905 1799 3961 in-

161 4015 401 4055 censum
432 3997 493 4053 in
524 4002 837 4070 conspectu
868 4001 970 4052 tuo
995 3997 1163 4066 (Psal.
1198 3996 1345 4069 exn.)
1382 4017 1403 4045 »
1440 3998 1563 4062 Qua
1592 3996 1801 4051 virtute

163 4087 269 4144 iste
298 4090 537 4144 sanctus
567 4084 824 4160 pontifex
854 4085 1000 4142 mire
1032 4084 1280 4154 refulsit,
1339 4101 1472 4140 cum
1526 4083 1803 4141 orationis

161 4176 436 4249 potentia,
460 4175 717 4231 divinam
740 4172 982 4247 placans
1009 4174 1396 4242 iracundiam,
1416 4173 1601 4228 Deum
1621 4172 1803 4228 homi-

163 4266 335 4322 nibus
365 4270 421 4321 et
451 4264 719 4321 homines
750 4264 867 4321 Deo
924 4262 1336 4320 reconciliavit.
1394 4267 1567 4318 Sexta
1618 4262 1803 4319 virtus

165 4359 250 4412 est
270 4354 579 4428 sapientia,
593 4355 664 4411 de
685 4353 1378 4426 quaeommendaturiste
1389 4356 1649 4420 sanctus,
1670 4369 1803 4408 cum

165 4444 450 4513 subditur,
472 4446 645 4519 quasi
669 4460 769 4500 vas
790 4444 929 4501 auri
947 4440 1218 4510 solidum,
1240 4443 1697 4497 ornatumomni
1720 4441 1806 4499 la-

160 4535 298 4607 pide
314 4536 780 4608 prelioso.Porro
798 4549 899 4589 vas
920 4531 1045 4588 auri
1068 4530 1322 4588 solidum
1346 4529 1708 4602 omnilapide
1720 4549 1806 4587 or-

1912 3373 2116 3441 Deum,
2151 3377 2208 3429 et
2236 3372 2330 3428 hic
2361 3388 2464 3445 per
2493 3371 2775 3442 majorem
2798 3370 3166 3439 charitatem,
3190 3372 3247 3424 et
3276 3368 3337 3423 in
3358 3367 3553 3424 futuro

1910 3478 2013 3535 per
2042 3463 2325 3534 majorem
2353 3460 2803 3517 beatitudinem.
2838 3461 2951 3514 Iste
2981 3475 3115 3532 ergo
3148 3457 3418 3514 sacerdos
3439 3456 3558 3530 glo-

1910 3551 2120 3619 riosus,
2154 3551 2307 3607 sicut
2338 3549 2699 3606 indumentis
2730 3553 2788 3604 et
2827 3548 3034 3604 officiis
3072 3545 3553 3619 sacerdotalibus,

1910 3638 1991 3695 ita
2020 3644 2076 3696 et
2096 3656 2297 3696 eorum
2329 3639 2656 3712 ﬁgurativis
2689 3638 2797 3693 fuit
2827 3640 3158 3707 exornatus,
3185 3635 3462 3709 quoniam
3493 3636 3554 3691 in

1911 3728 2244 3801 accipiendo
2283 3728 2475 3801 ipsam
2507 3727 2718 3783 stolam
2749 3725 2968 3799 gloria,
3010 3725 3067 3780 id
3101 3727 3208 3795 est,
3255 3724 3397 3780 dum
3430 3725 3556 3798 ipse

1912 3818 2198 3891 acciperet
2226 3816 2646 3874 sacerdotalem
2669 3815 2902 3883 stolam,
2927 3814 3122 3889 gloria:
3150 3814 3357 3869 futurae
3380 3812 3556 3887 signi-

1856 3930 1864 3936 -
1912 3906 2224 3974 ﬁcativam,
2256 3913 2313 3963 et
2331 3907 2529 3964 vestiri
2553 3923 2687 3962 eum
2712 3904 3217 3961 consummatione
3236 3902 3556 3971 virtutis,id

1913 4000 2002 4053 est
2018 3997 2158 4052 dum
2180 3996 2491 4053 vestiretur
2513 3995 2717 4064 infula,
2733 3992 3260 4051 consummationis
3272 3992 3555 4047 virtutum

1912 4084 2319 4159 signiﬁcativa,
2349 4091 2405 4141 et
2435 4085 2494 4139 in
2517 4101 2752 4141 accessu
2780 4082 2982 4139 altaris
3012 4082 3285 4148 sancti,id
3304 4084 3394 4137 est
3413 4080 3555 4137 dum

1912 4174 2209 4230 accederet
2238 4175 2311 4229 ad
2344 4177 2613 4229 sanctum
2669 4172 2866 4240 altare,
2909 4171 3069 4227 dedit
3114 4170 3359 4244 gloriam
3417 4169 3554 4226 Deo.

1912 4263 2044 4319 Haec
2066 4262 2266 4318 omnia
2282 4279 2396 4318 non
2424 4261 2660 4317 sibimet
2683 4264 2773 4331 (ut
2794 4261 3035 4333 quidam
3057 4259 3426 4333 faciunt,)sed
3450 4257 3560 4317 soli

1914 4353 2030 4408 Deo
2062 4350 2392 4407 attribuens
2424 4354 2481 4407 et
2510 4350 2582 4406 ad
2615 4367 2749 4407 eum
2782 4350 3058 4418 referens,
3108 4349 3388 4407 exhibens
3419 4366 3559 4405 san-

1913 4440 2132 4498 ctitatis
2163 4440 2441 4497 amictum
2474 4457 2576 4513 per
2605 4444 2793 4496 vestes
2825 4439 3301 4513 signiﬁcativum,
3336 4441 3394 4494 et
3425 4454 3560 4493 san-

1915 4531 2134 4587 ctitatis
2161 4517 2475 4587 accessum
2494 4546 2596 4603 per
2625 4546 2925 4586 accessum
2958 4529 3027 4585 ad
3059 4528 3240 4585 altare
3285 4527 3562 4601 designa-

166 4628 363 4680 natum
396 4623 667 4696 pretioso,
701 4626 792 4679 est
822 4621 1091 4678 minister
1115 4618 1541 4692 Dei,sapientia
1562 4620 1809 4677 caeteris-
1838 4648 1884 4712 Π
1916 4626 2064 4687 tum,
2097 4637 2200 4693 per
2230 4636 2357 4692 quae
2390 4619 2539 4675 stola
2567 4624 2791 4675 aeternae
2826 4616 3197 4691 perfectionis
3236 4620 3292 4672 et
3322 4631 3560 4672 accessu

168 4729 275 4784 que
306 4712 667 4769 virtitutibus
687 4712 959 4768 decenter
980 4710 1304 4767 decoratus.
1330 4708 1493 4765 Unde
1513 4713 1569 4766 et
1592 4709 1810 4768 Paulus

167 4817 264 4858 vas
291 4800 589 4857 electionis
620 4804 1016 4873 nuncupatur.
1044 4801 1166 4865 Qua
1193 4799 1407 4854 virtute
1438 4802 1679 4855 sanctus
1705 4800 1814 4857 iste

171 4888 509 4945 mirabiliter
532 4889 771 4960 effulsit,
796 4889 938 4945 dum
960 4889 1021 4942 in
1038 4886 1295 4943 Ecclesia
1310 4887 1432 4959 Dei,
1462 4891 1594 4943 ante
1615 4890 1814 4947 oculos

172 4977 269 5033 Dei
293 4981 350 5032 et
380 4977 687 5034 hominum
710 4979 1005 5051 sapienter
1023 4981 1080 5033 et
1100 4976 1284 5049 gratis
1307 4976 1816 5052 ministravit.Sep-

173 5065 315 5121 tima
340 5067 525 5123 virtus
556 5073 645 5124 est
676 5065 1102 5133 misericordia,
1153 5066 1225 5120 de
1258 5082 1372 5136 qua
1422 5066 1529 5122 iste
1574 5074 1814 5125 sanctus

174 5157 629 5224 commendatur,
663 5173 797 5211 cum
830 5153 1231 5228 subjungitur,
1265 5157 1428 5225 quasi
1457 5156 1601 5210 oliva
1624 5159 1811 5228 pullu-

174 5246 306 5302 lans.
342 5246 492 5301 Sane
522 5243 674 5301 oliva
705 5244 1007 5318 pullulans
1038 5248 1129 5300 est
1170 5243 1356 5299 virtus
1404 5244 1814 5302 misericordiae

175 5352 272 5409 per
301 5336 568 5393 diversos
608 5335 1055 5393 miserationum
1114 5350 1310 5390 ramos
1365 5349 1426 5388 se
1472 5334 1811 5405 effundens;

176 5424 358 5481 oleum
386 5426 545 5481 enim
581 5427 793 5494 Grece,
826 5424 1230 5481 misericordia
1260 5422 1480 5490 Latine,
1506 5440 1632 5495 quae
1664 5425 1817 5480 sicut

178 5513 386 5583 oleum,
418 5515 712 5572 universis
740 5514 1069 5586 liquoribus
1102 5513 1484 5584 superfertur.
1536 5512 1680 5579 Quia
1730 5514 1814 5570 vi-

178 5606 293 5660 tute
324 5605 618 5679 pretiosus
647 5603 757 5661 iste
789 5607 1029 5660 sanctus
1053 5601 1352 5657 confessor
1372 5599 1529 5674 large
1551 5603 1815 5673 radiavit,

181 5692 274 5777 qui
300 5694 523 5756 viscera
552 5691 998 5772 compassionis,
1031 5693 1090 5751 et
1125 5704 1369 5750 manum
1417 5689 1708 5769 largitatis
1739 5693 1819 5754 at-

1918 4711 1989 4765 ad
2021 4710 2276 4766 divinam
2309 4708 2554 4784 gloriam
2576 4708 2896 4781 perfruitur
2922 4723 3076 4762 nunc
3095 4705 3230 4762 etin
3254 4710 3557 4761 aeternum.

1924 4798 1985 4855 In
2017 4815 2131 4871 quo
2165 4816 2271 4855 nos
2301 4797 2526 4871 indigni
2559 4797 2888 4854 sacerdotes
2918 4796 3396 4861 condemnamur,
3436 4791 3559 4865 qui,

1923 4906 1950 4945 c
1961 4905 2055 4944 um
2071 4887 2321 4944 exterius
2334 4905 2527 4943 coram
2541 4886 2754 4960 populo
2776 4886 2919 4942 satis
2938 4884 3196 4942 vestibus
3210 4882 3559 4955 fulgeamus,

1921 4984 2117 5034 tamen
2150 4977 2398 5032 interius
2426 4993 2619 5033 coram
2645 4980 2757 5031 Deo
2789 4974 3148 5048 turpissimis
3177 4972 3333 5029 vitiis
3354 4972 3562 5028 obscu-

1924 5085 2142 5134 ramur,
2176 5071 2397 5121 etcum
2457 5065 2730 5120 accedere
2787 5063 3025 5136 propius
3082 5063 3153 5118 ad
3211 5061 3393 5117 altare
3425 5078 3564 5134 prai-

1912 5173 2253 5228 Asumamus,
2285 5153 2531 5209 interius
2564 5172 2597 5209 a
2628 5153 2746 5209 Deo
2770 5171 2870 5225 per
2891 5152 3195 5225 reprobam
3210 5150 3392 5207 vitam
3414 5150 3568 5207 elon-

1924 5264 2150 5319 gamur.
2187 5245 2348 5310 Quod
2381 5261 2538 5317 ergo,
2567 5244 2771 5299 fratres
2794 5242 2925 5311 mei,
2952 5243 3277 5298 remedium
3298 5241 3572 5315 relinqui-

1923 5340 2020 5390 tur
2040 5335 2229 5401 nobis,
2251 5333 2362 5389 nisi
2386 5338 2451 5387 ut
2469 5332 2863 5405 turpitudines
2884 5336 3114 5389 nostras
3136 5332 3409 5407 lacrymis
3423 5349 3570 5388 verm

1926 5424 2276 5498 poenitentiae
2309 5421 2645 5491 diluamus;
2678 5426 2735 5478 et
2764 5426 2960 5479 reatus
3006 5428 3239 5480 nostros
3296 5422 3572 5496 operibus

1926 5512 2337 5570 misericordiae
2370 5511 2752 5584 redimamus,
2780 5512 2957 5569 vitam
2980 5517 3244 5570 nostram
3275 5512 3333 5567 in
3362 5509 3576 5567 melius

1927 5606 2381 5672 commutantes,
2394 5601 2659 5675 jejuniis,
2686 5603 3071 5673 orationibus,
3094 5599 3576 5668 lectionibus,ca3-

1928 5692 2187 5773 terisque
2215 5692 2387 5755 bonis
2415 5693 2630 5754 studiis
2657 5696 2948 5766 vacantes,
2998 5688 3262 5766 exemplo
3309 5693 3367 5749 et
3400 5686 3577 5769 verbo
