3984 6082
380 400 534 460 1583

1646 394 2047 457 HADULPHI
2093 394 2512 456 ARDENTIS.

3626 395 3800 456 1584

378 529 606 603 plebem
639 529 807 584 nobis
837 528 1212 584 commissam
1234 532 1555 600 pascentes,
1581 533 1871 599 quatenus
1898 545 2020 583 me-
2050 533 2104 598 Α
2137 527 2381 582 insidias
2411 527 2523 582 sibi
2555 527 2774 598 positas
2798 544 2914 582 non
2946 527 3278 582 attendunt.
3311 527 3380 583 Et
3402 531 3468 582 ut
3498 527 3791 586 Dominus

378 618 506 675 ritis
517 623 572 674 et
584 617 1193 674 intercessionibushu
1193 619 1295 689 jus
1309 617 1664 672 sanctissimi
1681 617 2020 685 sacerdotis,

379 707 472 763 cui
503 707 677 762 hodie
709 707 1182 774 solemnizamus,
1203 724 1446 763 numero
1472 710 1808 762 sanctorum
1839 724 2024 762 sacer-

379 797 607 862 dotum,
640 796 848 852 merito
880 801 935 851 et
966 796 1200 868 praemio
1233 796 1476 851 adunari
1512 813 1864 865 mereamur,
1908 795 2023 851 lar-

379 885 574 958 giente
604 884 850 941 Domino
877 889 1074 941 nostro
1103 885 1242 941 Jesu
1274 885 1523 950 Christo,
1578 886 1676 957 qui
1732 903 1865 941 cum
1913 885 2024 940 Pa-

379 978 467 1030 tre
496 978 552 1030 et
581 974 800 1046 Spiritu
831 979 1030 1030 sancto
1060 973 1199 1029 vivit
1228 978 1283 1030 et
1315 981 1521 1048 regnat
1551 976 1608 1029 in
1669 974 1880 1030 saecula
1917 991 2020 1029 sa:-

379 1063 667 1120 culorum.

1106 1189 1292 1246 XXIV.

575 1295 744 1336 UNIUS
769 1294 1160 1348 CONFESSORIS,
1195 1295 1384 1336 SBRMO
1420 1297 1487 1334 DE
1524 1297 1824 1335 MA'I‘TILEO.

449 1422 603 1478 Dixit
633 1425 784 1479 Iesus
813 1423 1102 1494 discipulis
1131 1426 1247 1478 suis
1273 1440 1284 1478 :
1330 1425 1574 1492 l'igilate,
1610 1425 1748 1495 quia
1795 1423 2024 1478 nescitis

381 1528 488 1583 qua
516 1512 650 1566 hora
677 1514 940 1567 Dominus
969 1520 1140 1568 vester
1159 1521 1415 1568 venturus
1446 1515 1520 1568 sit
1545 1514 1760 1581 (Matth.
1795 1515 1946 1578 xxiv)
1968 1515 2025 1566 et

380 1599 624 1672 reliqua.
661 1600 796 1655 Pius
827 1601 1111 1656 Dominus
1141 1606 1196 1654 et
1217 1603 1564 1672 Redemptor
1584 1607 1800 1670 noster,
1821 1601 2026 1655 fratres

379 1688 736 1756 charissimi,
769 1691 993 1746 malens
1023 1690 1279 1746 invenire
1313 1692 1368 1745 in
1403 1692 1572 1746 nobis
1604 1692 1760 1761 quod
1791 1694 2028 1746 coronet

379 1795 557 1850 quam
579 1779 835 1845 damnet,
870 1779 926 1834 in
950 1779 1056 1834 hac
1079 1780 1265 1836 sancti
1288 1779 1580 1851 Evangelii
1604 1779 2026 1848 lectione,som-

379 1866 699 1924 nolentium
732 1873 988 1924 nostram
1023 1869 1244 1924 curavit
1299 1869 1565 1924 excitare.
1630 1868 1787 1924 Facit
1843 1867 2024 1941 igitur

381 1960 652 2029 quatuor,
690 1957 972 2022 Primum,
1007 1959 1271 2013 hortatur
1301 1975 1404 2013 nos
1435 1958 1505 2012 ed
1535 1958 2021 2030 vigilandum.Se-

379 2046 588 2113 cundo,
615 2046 977 2101 demonstrat
1008 2064 1185 2118 quare
1218 2047 1290 2100 sit
1323 2047 1490 2102 nobis
1522 2063 1752 2118 semper
1780 2045 2022 2118 vigilan-

378 2135 540 2190 dum.
573 2134 784 2200 Tertio,
817 2136 1075 2190 ostendit
1105 2136 1203 2207 qui
1237 2136 1522 2206 praecipue
1554 2141 1610 2190 et
1639 2139 1841 2192 contra
1872 2152 2021 2206 quos

379 2223 633 2279 debeant
659 2223 918 2297 vigilare.
955 2226 1189 2290 Quarto,
1223 2225 1362 2279 dicit
1385 2229 1676 2296 pastorem
1709 2225 1854 2279 bene
1875 2225 2019 2296 vigi-

378 2311 597 2368 lantem
627 2329 756 2368 esse
785 2312 1020 2384 quidem
1055 2330 1273 2381 rarum,
1300 2315 1400 2368 sed
1423 2315 1679 2368 beatum.
1707 2313 1893 2368 Primo
1919 2313 2021 2384 igi-

373 2403 472 2456 tur
489 2417 596 2456 nos
615 2400 886 2456 hortatur
907 2401 977 2456 ad
1005 2402 1388 2474 vigilandum,
1417 2419 1549 2457 cum
1581 2403 1740 2470 dicit,
1767 2402 2017 2470 vigilate.

377 2489 552 2545 Porro
574 2488 726 2545 sicut
745 2494 835 2546 est
850 2489 1047 2562 vigilia
1073 2491 1390 2562 corporalis
1427 2491 1757 2564 vigilamus,
1785 2491 2019 2562 quando

375 2577 627 2634 exterior
642 2578 817 2634 homo
835 2581 1274 2652 noster,apertis
1288 2581 1413 2636 ocul
1425 2581 1472 2636 is
1485 2581 1764 2654 corporis,
1777 2580 2019 2636 exterio-

373 2684 439 2723 ra
456 2668 938 2736 suacustodit,ita
951 2668 1910 2742 spiritualitervigilumus,quando
1926 2669 2018 2723 in-

373 2755 555 2812 terior
583 2756 758 2813 homo
781 2761 978 2813 noster
1006 2758 1222 2832 apertis
1253 2757 1459 2822 oculis,
1494 2759 1715 2814 ratione
1746 2759 2022 2814 interiora

374 2861 484 2902 sua
513 2847 789 2902 custodit.
826 2847 990 2902 Sicut
1008 2864 1144 2920 ergo
1170 2849 1369 2902 anima
1396 2849 1704 2919 pretiosior
1759 2853 1848 2903 est
1894 2865 2018 2903 cor-

371 2951 531 3007 pore,
563 2934 645 2990 ita
661 2935 850 3009 magis
875 2936 1234 3009 vigilandum
1258 2942 1345 2993 est
1366 2954 1469 3010 pro
1491 2954 1745 3009 eaquam
1769 2954 1873 3008 pro
1895 2953 2020 2992 cor-

371 3039 712 3096 pore,quam
737 3026 876 3097 quia
898 3026 1067 3080 multi
1088 3028 1302 3082 versuti
1320 3026 1538 3081 inimici
1566 3027 1827 3098 undique
1850 3043 2019 3081 assu-

372 3118 562 3180 munt,
596 3131 826 3187 semper
854 3119 911 3170 et
931 3115 1190 3186 undique
1209 3116 1258 3170 ei
1286 3120 1374 3171 est
1397 3114 2018 3187 vigilandum.lnimici

372 3201 472 3275 qui
501 3203 759 3258 animam
795 3207 1055 3260 nostram
1087 3209 1538 3276 persequuntur,
1565 3208 1702 3260 sunt
1723 3204 2013 3272 diabolus,

2131 617 2214 673 ait
2241 634 2253 672 :
2293 637 2321 666 «
2353 615 2633 674 Nesciunt
2661 615 2801 688 quid
2832 615 3057 671 faciunt
3087 618 3234 688 (Luc.
3267 620 3450 684 xxm,)
3482 639 3510 668 υ
3545 621 3648 673 aut
3670 636 3790 690 quo

2131 707 2365 770 vadaut,
2399 706 2540 761 dum
2573 706 2741 777 quasi
2772 705 2954 761 oculis
2985 705 3230 761 rationis
3253 705 3490 773 clausis,
3513 707 3574 762 in
3599 708 3790 780 perdi-

2131 795 2350 851 tionem
2369 795 2630 850 tendant.
2656 795 2923 850 Secundo
2945 795 3311 851 demonstrat
3330 795 3620 852 Dominus
3645 797 3791 869 quia

2133 883 2216 939 sic
2247 884 2324 940 sit
2355 884 2524 940 nobis
2552 884 2939 956 vigilandum,
2973 900 3108 939 cum
3139 883 3358 956 subdit,
3391 888 3524 957 quia
3563 889 3788 943 nescitis

2131 990 2238 1045 qua
2267 975 2402 1030 hora
2423 976 2690 1030 Dominus
2713 983 2884 1030 vester
2905 981 3165 1030 venturus
3191 975 3284 1030 sit.
3317 973 3628 1031 Geminam
3656 992 3789 1032 cau-

2133 1080 2259 1119 sam
2272 1063 2434 1136 ponit
2457 1080 2635 1135 quare
2653 1062 2824 1118 nobis
2847 1063 2924 1117 sit
2939 1061 3324 1136 vigilandum,
3353 1067 3410 1119 et
3431 1080 3617 1136 quare
3639 1081 3792 1121 sem-

2132 1151 2660 1224 per.Primo,quare
2676 1155 2764 1208 est
2778 1151 2946 1208 nobis
2958 1150 3386 1224 vigilandum,q
3397 1153 3791 1212 uiaDominus

2133 1245 2330 1297 noster
2348 1245 2626 1296 venturus
2640 1245 2729 1296 est
2746 1245 2810 1296 ut
2825 1241 3183 1298 dormientes
3197 1241 3331 1297 dam
3341 1246 3453 1307 net,
3471 1247 3528 1298 et
3544 1242 3790 1315 vigilan-

2132 1335 2218 1385 tes
2249 1330 2450 1396 salvet,
2477 1330 2536 1386 Si
2554 1329 2730 1398 enim,
2748 1329 3622 1396 fratresmei,Dominusuoster
3641 1351 3789 1389 nun.

2133 1437 2310 1492 quam
2325 1421 2394 1475 ad
2402 1419 2694 1490 judicium
2708 1424 2864 1475 esset
2882 1425 3188 1484 venturus,
3204 1436 3311 1476 nec
3323 1420 3644 1494 unicuique
3659 1439 3789 1495 pro-

2133 1508 2358 1564 meritis
2373 1509 2855 1576 redditurus,non
2869 1514 3024 1566 esset
3042 1509 3211 1565 nobis
3223 1509 3790 1583 vigilandum.Nunc

2131 1615 2264 1654 vero
2297 1597 2434 1669 quia
2465 1603 2621 1653 certo
2656 1598 2870 1654 certius
2903 1599 2974 1654 ad
2998 1597 3400 1669 judicandum.
3436 1599 3650 1665 veniet,
3687 1618 3790 1658 ne-

2135 1688 2387 1742 cessario
2417 1693 2506 1743 est
2536 1688 2899 1759 vigilandum
2932 1689 3120 1744 nobis.
3167 1690 3235 1743 Et
3265 1706 3444 1760 quare
3504 1689 3790 1762 semper?

2133 1779 2266 1848 quia
2293 1779 2516 1833 nescitis
2545 1795 2651 1848 qua
2682 1779 2818 1832 hora
2843 1786 3101 1832 venturus
3138 1780 3231 1833 sit.
3277 1779 3334 1833 Si
3385 1779 3542 1834 enim
3595 1780 3790 1837 deter-

2136 1865 2358 1922 minata
2387 1871 2542 1921 esset
2571 1867 2740 1922 nobis
2773 1867 2936 1934 hora,
2971 1884 3088 1939 qua
3116 1867 3240 1939 ipse
3298 1872 3579 1924 venturus
3610 1875 3788 1937 esset,

2133 1972 2440 2027 possemus
2472 1955 2788 2027 aliquando
2816 1955 3092 2020 dormire,
3124 1961 3180 2010 et
3211 1961 3351 2012 tunc
3383 1961 3616 2014 tantum
3646 1959 3792 2032 vigi-

2132 2042 2252 2098 lare
2284 2044 2516 2114 quando
2549 2042 2832 2098 sciremus
2862 2059 2997 2098 eum
3031 2047 3363 2099 venturum.
3400 2044 3642 2118 Propter
3680 2045 3793 2102 hoc

2132 2149 2267 2203 ergo
2280 2132 2460 2188 voluit
2475 2132 2758 2188 Dominus
2781 2149 2886 2187 nos
2905 2132 3173 2204 ignorare
3193 2133 3346 2188 diem
3367 2134 3654 2190 adventus
3669 2136 3786 2204 sui,

2132 2225 2198 2275 ut
2227 2238 2360 2277 eum
2392 2237 2624 2293 semper
2644 2221 2894 2292 jamjam
2924 2225 3237 2276 venturum
3287 2227 3788 2295 exspectaremus,

2130 2315 2190 2364 et
2218 2310 2296 2365 ita
2319 2327 2548 2381 semper
2567 2308 2962 2381 vigilaremus,
2987 2316 3044 2366 et
3068 2310 3124 2365 in
3145 2312 3456 2367 adventum
3482 2313 3614 2384 ejus
3637 2331 3788 2370 sem-

2131 2416 2233 2470 per
2263 2407 2622 2472 pararemur.
2651 2399 2790 2454 Item
2824 2400 3030 2472 probat
3043 2401 3197 2472 quod
3210 2399 3788 2473 vigilaredebeamus

2131 2492 2366 2560 sumpto
2397 2505 2431 2542 a
2462 2487 2674 2542 minori
2701 2492 3049 2560 argumento
3081 2505 3215 2544 cum
3246 2489 3448 2545 subdit
3479 2507 3492 2544 :
3521 2492 3670 2547 Illud
3685 2510 3787 2549 au-

2129 2584 2245 2632 tem
2271 2579 2476 2632 scitote
2487 2594 2632 2650 quon
2642 2579 2764 2632 iam
2774 2579 2830 2634 si
2841 2579 3014 2634 sciret
3024 2585 3200 2648 pater
3211 2579 3478 2652 familias
3497 2598 3618 2654 qua
3632 2581 3789 2640 hora

2129 2666 2460 2741 furveniret
2479 2667 2756 2740 vigilaret
2771 2669 3047 2741 utique,ct
3059 2685 3174 2723 non
3189 2671 3407 2725 sineret
3427 2672 3676 2744 per/odi
3692 2673 3789 2728 do-

2131 2773 2284 2811 mum
2307 2773 2493 2812 suam.
2528 2759 2602 2812 Ac
2633 2757 2680 2811 si
2717 2761 2915 2829 aperte
2943 2757 3100 2813 dicat
3133 2774 3144 2812 :
3179 2758 3236 2813 Si
3269 2757 3486 2830 aliquis
3535 2761 3788 2832 paterfa-

2131 2843 2324 2900 milias
2355 2845 2572 2900 timens
2600 2845 2786 2901 furem
2818 2850 3129 2902 venturum
3162 2847 3367 2920 vigilat
3418 2852 3476 2905 et
3523 2850 3788 2906 custodit

2129 2933 2371 2988 domum
2403 2938 2460 2989 et
2489 2951 2582 2990 res
2621 2951 2758 2990 suas
2789 2934 3157 3006 temporales,
3193 2941 3413 3007 quanto
3459 2937 3653 3010 magis
3681 2955 3810 3014 vos.

2130 3039 2232 3094 fro
2263 3022 2574 3078 animabus
2604 3023 2812 3079 vestris
2842 3027 2895 3078 et
2918 3024 3226 3079 animabus
3246 3025 3413 3081 vobis
3443 3027 3788 3084 commissis

2127 3111 2366 3183 vigilare
2397 3113 2638 3167 debetis.
2673 3113 2834 3179 Quod
2858 3117 3057 3184 aperte.
3076 3118 3337 3170 nostram
3361 3115 3786 3188 negligentiam

2129 3202 2339 3273 arguit,
2377 3201 2474 3272 qui
2509 3201 2565 3256 in
2600 3201 2996 3258 custodiendis
3028 3203 3202 3259 rebus
3232 3204 3665 3276 temporalibus
3688 3223 3787 3262 no—

371 3303 505 3348 oaro
536 3296 592 3348 et
615 3293 892 3349 mundus.
928 3292 1202 3348 Diabolus
1262 3310 1494 3366 semper
1524 3295 1694 3364 juxta
1751 3312 1862 3350 nox
1905 3298 2012 3362 est,
2048 3281 2088 3345 C
2127 3290 2478 3355 stris,rebus
2501 3290 2702 3362 utique
2722 3290 2934 3346 vilibus
2953 3295 3009 3347 et
3029 3293 3216 3360 vanis,
3233 3292 3467 3348 solliciti
3489 3298 3548 3350 et
3572 3296 3785 3369 vigiles

371 3397 504 3436 caro
535 3380 708 3436 etiam
734 3382 790 3435 in
816 3382 986 3438 nobis
1016 3385 1121 3450 est,
1148 3383 1405 3438 mundus
1438 3382 1703 3456 undique
1724 3389 1780 3439 et
1803 3384 2019 3456 ubique

371 3469 525 3525 circa
554 3486 660 3525 nos
691 3473 798 3525 est.
833 3471 900 3525 Hi
933 3471 1116 3526 nostri
1156 3471 1378 3526 inimici
1417 3489 1522 3526 nos
1579 3472 1853 3528 assiliunt
1883 3478 2017 3529 ante

371 3561 430 3614 et
457 3562 629 3625 retro,
663 3576 697 3614 a
727 3559 943 3615 dextris
976 3565 1033 3615 et
1063 3577 1096 3615 a
1125 3559 1399 3627 sinistris,
1425 3561 1736 3617 desursum
1768 3567 1825 3618 et
1855 3563 2016 3618 deor-

368 3662 522 3704 sum.
553 3649 718 3712 Ante,
752 3664 855 3719 per
883 3653 1142 3720 apertam
1175 3649 1657 3722 persecutionem,
1705 3655 1856 3707 retro
1913 3669 2015 3724 per

366 3733 678 3802 occultam,
714 3752 747 3791 a
776 3737 994 3792 dextris
1028 3737 1398 3810 blandiendo,
1441 3757 1474 3793 a
1518 3740 1776 3796 sinistris
1823 3742 2008 3797 deter-

364 3823 542 3879 rendo
576 3839 591 3878 :
624 3824 958 3893 desursum,
993 3844 1099 3883 nos
1138 3827 1208 3883 ad
1269 3828 1575 3885 elationem
1633 3830 1956 3887 extollendo
1992 3849 2005 3887 :

361 3912 656 3981 deorsum,
684 3930 788 3968 nos
811 3915 882 3969 ad
905 3915 1368 3986 desperationem
1392 3917 1694 3973 trahendo.
1720 3919 2008 3975 Assiliunt

356 4001 533 4056 etiam
567 4017 670 4073 per
697 4018 901 4058 omnes
924 4005 1184 4076 corporis
1207 4022 1436 4073 sensus,
1461 4012 1741 4078 tanquam
1767 4025 1867 4080 per
1887 4026 2003 4064 om-

355 4105 460 4145 nes
489 4094 686 4162 portas
717 4091 997 4149 animam.
1033 4095 1283 4150 Tentant
1312 4097 1503 4150 visum
1537 4112 1639 4168 per
1669 4095 1915 4168 pulchra
1947 4103 2004 4154 et

356 4178 869 4251 concupiscibilia;
904 4183 1195 4249 auditum,
1230 4201 1332 4256 per
1361 4185 1560 4241 dulces
1619 4185 1900 4243 melodias
1945 4192 2000 4245 et

354 4266 644 4338 placentia
671 4270 844 4326 verba
869 4289 882 4339 ;
917 4277 1176 4345 gustum,
1213 4291 1316 4346 per
1338 4274 1658 4346 exquisitos
1689 4293 1926 4348 sapores
1944 4283 2001 4333 et

351 4355 880 4427 gulaeirritamenta
895 4378 908 4428 ;
925 4362 1249 4428 odoratum,
1267 4380 1369 4435 per
1391 4364 1841 4420 meretricalium
1867 4368 1999 4422 odo-

351 4445 792 4504 rumlenocinia
817 4467 830 4516 ;
853 4454 1074 4505 tactum
1099 4468 1201 4522 per
1222 4452 1487 4507 suavium
1504 4457 1768 4508 contactu
1780 4472 1877 4510 um
1902 4457 1997 4511 de-

350 4532 717 4593 Iectamenta.
753 4539 863 4593 Tot
915 4543 972 4593 et
1028 4541 1209 4594 tantis
1261 4541 1493 4596 insidiis
1548 4541 1880 4615 intelligens
1932 4562 1995 4602 se

2129 3395 2338 3435 sumus
2371 3396 2384 3434 :
2419 3379 2478 3434 in
2510 3380 2909 3436 custodiendis
2938 3397 3069 3436 vero
3101 3381 3416 3438 animabus
3450 3385 3675 3440 nostris
3696 3385 3780 3440 vel

2126 3468 2576 3524 commissorum
2605 3469 2773 3525 nobis
2804 3486 2906 3540 pro
2939 3469 3156 3542 quibus
3187 3475 3454 3528 mortuus
3485 3477 3578 3527 est
3605 3473 3780 3529 Chri-

2125 3562 2269 3626 stus,
2303 3557 2663 3630 negligentes
2692 3562 2748 3614 et
2777 3558 3127 3614 somnolenti
3160 3576 3396 3616 sumus.
3431 3565 3656 3618 Domus
3680 3580 3781 3619 no-

2122 3651 2276 3703 stras
2307 3652 2569 3702 terrenas
2597 3663 2765 3703 muro
2795 3646 3250 3711 circumdamus.
3280 3653 3478 3720 portas
3508 3649 3691 3706 fortes
3722 3657 3778 3707 et

2121 3737 2267 3792 bene
2289 3738 2588 3792 obseratas
2610 3737 3048 3806 constituimus,
3073 3739 3377 3794 custodem
3391 3739 3636 3812 vigilare
3653 3757 3776 3797 mo-

2119 3842 2327 3881 nemus
2353 3827 2484 3881 :sed
2497 3827 2737 3881 domum
2761 3826 2952 3882 cordis
2975 3828 3158 3883 nostri
3172 3827 3466 3899 claudere,
3491 3834 3550 3884 et
3572 3835 3774 3902 portas

2115 3931 2398 3970 sensuum
2431 3919 2762 3970 nostrorum
2797 3914 3090 3982 obserare,
3121 3920 3178 3971 et
3209 3917 3490 3972 rationem
3525 3918 3597 3972 ad
3620 3919 3773 3991 vigi-

2114 4003 2354 4060 lantiam
2388 4004 2742 4077 negligimus
2762 4003 3027 4061 excitare.
3050 4005 3121 4061 Ut
3151 4003 3290 4078 quid
3316 4005 3422 4061 hoc
3438 4006 3466 4046 τ’
3489 4007 3602 4061 nisi
3629 4007 3772 4080 quia

2112 4093 2245 4166 plus
2257 4092 3104 4167 diligimustemporaliaquam
3119 4094 3450 4166 spiritualia
3470 4099 3527 4150 et
3547 4100 3772 4154 aeterna

2111 4182 2282 4240 bona.

2179 4274 2279 4328 Est
2299 4278 2492 4328 autem
2514 4273 2632 4328 hinc
2656 4290 2790 4345 pars
2814 4271 3004 4340 tertia,
3034 4273 3094 4327 in
3123 4290 3240 4345 qua
3259 4273 3502 4346 mystice
3525 4273 3768 4331 demon-

2107 4366 2325 4416 stratur
2353 4361 2454 4432 qui
2486 4362 2770 4434 praecipue
2784 4365 3240 4434 etcontraquem
3272 4363 3477 4419 debeat
3495 4363 3762 4436 vigilare.

2107 4449 2527 4505 Paterfamilias
2559 4449 2714 4504 enim
2747 4450 2853 4505 iste
2885 4450 3636 4522 cstpastorecclesiasticus
3661 4453 3764 4526 qui

2104 4539 2173 4593 ad
2205 4538 2392 4594 instar
2422 4538 2880 4610 patrisfamilias,
2913 4539 3181 4594 Ecclesiae
3208 4545 3436 4612 prmest,
3470 4558 3599 4597 eam
3635 4559 3764 4598 θοις

350 4623 660 4681 Psalmista
688 4627 1136 4696 circumdatum,
1161 4628 1406 4685 clamat:
1432 4651 1453 4679 ι
1493 4630 1718 4686 Inimici
1739 4633 1847 4688 mei
1865 4634 1989 4688 ani-

2155 4644 2316 4699 gens,
2342 4644 2548 4698 regens
2579 4631 2636 4682 et
2667 4643 2931 4698 pascens.
2953 4628 3068 4682 Fur
3091 4645 3223 4685 vero
3241 4633 3332 4684 est
3352 4629 3760 4703 diabolus,qui

347 4727 506 4768 mam
542 4731 730 4770 mcum
763 4715 1274 4772 circumdederunt
1331 4720 1502 4786 (Psal.
1535 4724 1671 4788 xw.)
1703 4743 1729 4769 ››
1765 4721 1988 4793 Itaque,

346 4801 554 4858 fratres
587 4803 720 4868 mei,
755 4805 893 4876 quia
923 4822 1154 4878 semper
1183 4809 1238 4862 et
1269 4807 1527 4880 undique
1553 4807 1990 4881 impugnamur,

344 4907 576 4963 semper
605 4896 663 4947 et
693 4893 952 4966 undique
981 4894 1310 4968 vigilemus.
1337 4896 1770 4953 Sollicitudines
1794 4916 1989 4956 rerum

340 4981 751 5052 temporalium
770 4985 1092 5040 acordibus
1115 4984 1328 5040 nostris
1350 4986 1823 5052 excludamus,ut
1849 5005 1990 5060 quo-

341 5068 483 5123 tidie
516 5071 722 5124 animae
756 5077 964 5126 nostris
998 5074 1295 5130 valeamus
1329 5075 1517 5146 magis
1545 5093 1768 5131 vacare.
1823 5078 1987 5151 Legi-

341 5173 475 5212 mus
525 5158 582 5212 in
613 5159 954 5232 Apocalypsi
991 5163 1142 5232 quod
1178 5168 1378 5218 sancta
1409 5189 1435 5213 «
1491 5164 1770 5220 animalia
1822 5173 1989 5223 erant

339 5246 514 5318 plena
545 5248 730 5302 oculis
761 5254 894 5303 ante
918 5254 974 5304 et
1001 5255 1150 5306 retro
1181 5257 1358 5323 (Apoc.
1395 5254 1489 5324 Iv,)
1528 5277 1552 5302 n
1586 5254 1702 5310 imo
1756 5259 1818 5310 ut
1849 5258 1984 5312 Eze-

340 5335 489 5390 chiel
512 5336 682 5390 dicit:
712 5359 737 5384 ‹‹
763 5339 973 5393 Totum
998 5356 1207 5410 corpus
1224 5359 1426 5397 eorum
1448 5348 1570 5397 erat
1592 5343 1829 5415 plenum
1853 5363 1982 5401 ocu-

337 5421 410 5479 lis
441 5425 649 5496 (Ezech.
682 5426 742 5496 ι.)
778 5449 803 5474 ››
837 5428 1122 5493 Quoniam
1149 5431 1296 5500 justi
1357 5430 1436 5484 nil
1468 5433 1594 5487 sine
1625 5433 1982 5508 circumspe~

337 5511 528 5569 ctione
557 5513 798 5586 faciunt,
814 5518 910 5573 sed
931 5518 1002 5574 ad
1036 5519 1447 5576 custodiendas
1469 5522 1788 5578 anteriores
1808 5529 1865 5579 et
1887 5542 1982 5596 po—

335 5601 628 5672 steriores,
665 5604 782 5661 imo
804 5624 1008 5664 omnes
1035 5607 1159 5661 vitae
1184 5625 1299 5661 suae
1331 5613 1540 5679 partes,
1567 5609 1766 5666 oculos
1788 5614 1979 5670 cordis

332 5691 426 5768 sui
448 5692 934 5757 circumﬂectunt.
953 5695 1156 5774 Iniqui
1177 5712 1308 5753 vero
1330 5713 1532 5752 omnes
1555 5699 1686 5754 caeci
1711 5701 1977 5773 sunt,qui

2102 4717 2257 4772 sicut
2288 4717 2382 4770 fur
2411 4715 2509 4788 qui
2543 4734 2576 4771 a
2606 4716 2800 4784 furno,
2835 4717 2892 4771 id
2923 4721 3012 4772 est
3042 4717 3291 4773 obscuro
3324 4718 3559 4786 dicitur,
3594 4722 3758 4776 tene-

2103 4806 2238 4860 bras
2271 4804 2479 4876 diligit,
2505 4804 2826 4860 claustrum
2859 4805 3128 4862 Ecclesize
3159 4823 3264 4878 per
3295 4805 3511 4862 malam
3547 4823 3758 4882 sugge-

2102 4894 2350 4949 stionem
2384 4892 2526 4948 fodit
2558 4894 2904 4965 animasque
2935 4894 3005 4950 de
3035 4895 3450 4951 communione
3481 4896 3756 4954 Ecclesia

2100 4983 2270 5054 rapit,
2298 4984 2499 5053 Itaque
2533 4982 2582 5037 si
2615 4986 2814 5054 pastor
2841 4981 3275 5039 ecclesiasticus
3330 4984 3524 5050 sciret,
3562 4985 3618 5040 id
3667 4991 3758 5042 est

2099 5076 2326 5144 saperet
2357 5076 2414 5126 et
2444 5069 2813 5142 intelligeret,
2847 5073 3103 5141 vigilaret
3130 5074 3318 5144 utique
3350 5089 3459 5144 qua
3489 5073 3626 5128 hora
3653 5077 3755 5146 fur

2094 5163 2320 5228 veniret,
2357 5159 2412 5213 id
2445 5164 2550 5226 est,
2587 5159 2671 5214 sic
2693 5176 2924 5232 semper
2941 5160 3206 5233 vigilaret
3227 5178 3405 5233 super
3426 5161 3750 5218 Ecclesiam

2093 5249 2205 5305 sibi
2227 5247 2628 5314 commissam,
2655 5249 2810 5319 quod
2841 5247 3109 5305 diabolus
3139 5250 3377 5305 veniens
3401 5267 3513 5304 non
3547 5257 3751 5322 posset

2093 5357 2221 5395 eam
2255 5338 2513 5393 invenire
2544 5336 2658 5392 nisi
2679 5335 3036 5408 vigilantem,
3057 5341 3114 5392 et
3135 5337 3215 5393 ita
3240 5355 3356 5394 non
3380 5339 3596 5394 sineret
3614 5356 3747 5411 per-

2092 5428 2209 5483 fodi
2241 5427 2481 5482 domum
2517 5442 2706 5481 suam.
2743 5424 3038 5480 Moraliter
3052 5442 3183 5481 vero
3207 5425 3630 5498 paterfamilias
3654 5433 3746 5483 est

2090 5517 2344 5582 animus,
2379 5515 2477 5588 qui
2510 5515 2582 5569 ad
2608 5515 2793 5570 instar
2823 5514 3267 5586 patrisfamilias
3297 5515 3472 5572 debet
3495 5532 3746 5588 praeesse

2088 5608 2147 5663 in
2188 5603 2522 5661 habitaculo
2563 5602 2806 5658 humani
2837 5602 3120 5676 corporis,
3148 5603 3318 5660 noxia
3356 5605 3630 5672 cavendo,
3686 5610 3746 5661 et

2086 5695 2253 5754 utilia
2282 5692 2652 5770 providendo.
2678 5692 2795 5750 Fur
2823 5709 2956 5750 vero
2989 5697 3078 5753 est
3105 5709 3264 5755 mors
3294 5695 3576 5772 corporis,
3601 5695 3744 5772 quia
