3988 6074
203 269 234 332 1
245 268 362 333 585

1345 271 1720 337 HOMILIIE.
1755 307 1832 319 —
1859 272 1936 336 II.
1983 273 2086 336 DE
2129 273 2479 338 SANCTIS.

3463 271 3619 338 1586

197 404 406 462 furtim
439 402 814 474 venit,vitam
844 403 1205 478 corporalem
1237 407 1508 480 perfodit,
1525 412 1580 464 et
1597 409 1854 464 animam
1885 409 1940 476 Α
1971 412 2195 481 quanto
2229 408 2416 482 magis
2448 407 2650 481 rarior,
2685 411 2846 465 tanto
2878 405 3066 482 magis
3105 406 3414 481 pretiosior
3442 412 3617 482 amue

192 493 368 551 tollit.
406 495 628 566 Itaque,
661 493 890 562 fratres,
926 494 974 550 si
1009 494 1242 552 animus
1273 501 1473 552 noster
1503 501 1754 570 saperet,
1777 497 1854 552 vi-

193 584 406 659 gilaret
433 585 657 657 utique,
694 598 922 656 semper
953 585 1221 641 evitando
1254 586 1430 655 mala,
1466 593 1522 643 et
1554 589 1851 660 sequendo

191 675 372 741 bona,
403 679 460 730 et
510 691 628 746 qua
677 673 821 730 hora
852 691 1012 731 mors
1044 676 1283 743 veniret,
1320 695 1434 731 non
1468 678 1686 733 sineret
1717 695 1849 749 per-

189 764 312 820 fodi
342 765 584 819 domum
613 762 743 818 vitae
787 763 1046 835 corporis
1100 765 1170 820 ad
1213 766 1672 822 damnationem.
1707 768 1846 834 Ideo,

189 852 408 925 inquit,
423 861 473 909 et
501 870 591 908 vos
620 862 784 909 estote
811 856 1172 926 parati,quia
1203 872 1311 927 qua
1341 857 1475 911 hora
1504 874 1614 912 non.
1643 860 1850 928 putatis

190 943 371 998 Filius
419 944 662 1000 hominis
709 945 906 999 veniet.
940 944 1010 998 Et
1041 944 1091 998 si
1143 943 1427 1001 Dominus
1459 947 1527 1001 ad
1554 946 1848 1018 judicium

193 1031 464 1106 generale
497 1032 850 1103 generaliter
887 1033 1164 1090 omnibus
1207 1040 1491 1090 venturus
1523 1035 1618 1100 sit,
1650 1041 1846 1092 tamen

194 1138 331 1176 cum
347 1120 608 1192 quotidie
631 1139 788 1177 mors
803 1123 872 1177 ad
893 1139 1374 1195 unumquemque
1387 1129 1652 1179 nostrum
1671 1126 1846 1196 venit,

191 1210 481 1266 Dominus
512 1211 582 1266 ad
617 1227 722 1266 nos
752 1211 927 1266 venit.
961 1217 1027 1266 In
1058 1229 1122 1267 eo
1155 1212 1310 1268 enim
1345 1217 1561 1285 puncto
1594 1215 1652 1268 in
1687 1232 1849 1286 quoa

167 1320 172 1350 :
192 1299 444 1356 Domino
477 1300 549 1355 ab
582 1299 690 1355 hac
719 1301 838 1356 vita
857 1301 1476 1372 vocamur,judicandi
1510 1304 1849 1359 sumus.Ait

191 1389 351 1445 enim
384 1387 658 1444 Salomon
695 1406 706 1444 :
746 1411 772 1438 ‹‹
805 1389 912 1445 Ubi
943 1389 1169 1462 lignum
1201 1391 1493 1462 ceciderit,
1517 1391 1636 1448 sive
1655 1394 1725 1447 ad
1749 1411 1848 1448 au-

193 1483 408 1546 strum,
445 1478 562 1534 sive
611 1479 685 1534 ad
734 1479 1094 1550 aquilonem,
1129 1481 1205 1534 ibi
1239 1481 1422 1536 stabit
1453 1483 1645 1548 ('Eccle.
1681 1489 1780 1550 x1).
1818 1507 1843 1532 ››

190 1569 329 1624 Ideo
360 1584 517 1641 ergo,
551 1568 688 1640 quia
720 1569 956 1640 quando
987 1573 1044 1623 et
1075 1567 1226 1624 sicut
1256 1587 1435 1635 mors,
1468 1570 1550 1626 ita
1578 1576 1634 1626 et
1656 1571 1847 1627 Domi-

187 1675 307 1713 nus
340 1657 544 1714 fnrtim
577 1658 733 1714 venit
761 1675 992 1730 semper
1012 1659 1180 1714 nobis
1205 1662 1294 1714 est
1323 1659 1846 1732 vigilandum.Ele-

1963 499 2189 556 beatior
2219 499 2317 554 ille
2349 517 2740 573 servus,quem
2766 517 2893 555 eum.
2926 501 3148 556 venerit
3170 500 3437 556 dominus
3463 502 3616 556 inve-

1966 592 2119 646 nerit
2141 591 2223 646 sic
2249 591 2594 664 facientem.
2614 590 2680 644 Et
2701 589 2758 644 in
2783 607 2897 662 quo
2921 589 2996 645 sit
3018 590 3221 645 beatus
3244 589 3517 657 ostendit,
3533 589 3616 644 di-

1974 697 2111 735 cens
2146 697 2158 734 :
2193 684 2396 750 Amen,
2430 697 2626 745 amen,
2653 681 2780 734 (lico
2812 681 2984 746 vobis,
3015 681 3278 752 quoniam
3303 695 3612 750 superam-

1960 771 2068 825 nia
2091 770 2240 825 bona
2264 787 2375 826 sua
2405 772 2714 824 constituet
2733 769 3018 823 eum.l\'on
3041 770 3194 840 quod
3217 767 3325 823 soli
3349 772 3610 840 pastores

1969 862 2184 914 aeterna
2209 859 2448 930 prazmia
2481 860 2597 913 sint
2628 857 2903 918 habituri.
2922 858 3018 912 sed
3044 858 3197 928 quod
3221 875 3335 928 praz
3365 855 3607 925 caeteris,

1967 951 2090 1002 tum
2126 965 2230 1020 pro
2260 947 2380 1002 vita
2401 952 2667 1015 sua,tum
2689 965 2789 1019 pro
2809 947 2998 1019 gregis
3027 946 3605 1016 oustodia,majorem

1965 1036 2214 1108 gloriam
2247 1037 2365 1092 sint.
2394 1037 2913 1099 habituri.Quanta
2945 1036 3100 1090 enim
3133 1035 3283 1088 inter
3311 1035 3496 1089 bonos
3513 1035 3610 1090 do-

1963 1130 2155 1180 ctores
2188 1130 2244 1180 et
2277 1126 2462 1181 bonos
2489 1125 2783 1180 auditores
2815 1130 2902 1179 est
2932 1123 3209 1178 distantia
3238 1123 3604 1190 meritorum,

1961 1219 2126 1270 tanta
2151 1220 2240 1271 est
2269 1220 2325 1270 et
2356 1215 2750 1286 praamiorum,
2787 1215 2974 1268 Bonos
3004 1213 3218 1284 quippe
3241 1212 3604 1284 dispensato-

1958 1321 2050 1359 res
2083 1304 2401 1361 constituet
2431 1321 2606 1375 super
2632 1302 2829 1358 omnia
2858 1303 3011 1358 bona
3049 1319 3174 1371 sua,
3210 1302 3364 1374 quod
3409 1306 3603 1374 majus

1961 1398 2068 1448 est.
2099 1394 2288 1450 Bonos
2318 1410 2452 1448 vero
2479 1393 2792 1458 auditores,
2828 1396 2892 1446 ut
2922 1391 3074 1447 alius
3104 1391 3477 1462 evangelista,
3521 1391 3603 1447 ait

1959 1482 2129 1538 faciet
2173 1482 2565 1547 discumbere,
2611 1487 2667 1536 et
2715 1482 3008 1536 transiens
3074 1481 3434 1536 ministrabit
3485 1479 3601 1536 illis

1957 1572 2160 1643 (ibid.),
2197 1573 2350 1644 quod
2401 1571 2599 1627 minus
2649 1576 2755 1626 est.
2789 1571 2899 1625 Sed
2935 1572 3140 1626 fratres
3188 1570 3323 1638 mei,
3358 1570 3457 1640 qui
3488 1570 3598 1625 mi-

1957 1677 2068 1715 nus
2119 1661 2374 1726 habebit,
2429 1661 2791 1715 sufficienter
2838 1659 3092 1725 habebit,
3143 1658 3419 1731 quoniam
3469 1675 3596 1730 quas

187 1752 397 1820 ganter
427 1751 623 1802 autem
655 1747 755 1816 ait,
789 1765 894 1819 qua
917 1748 1050 1802 hora
1077 1765 1184 1803 non
1213 1752 1444 1820 putatis.
1482 1751 1547 1804 Et
1578 1750 1625 1804 si
1661 1768 1841 1804 unus-
1873 1786 1920 1849 Β
1954 1755 2125 1804 erunt
2161 1749 2436 1821 specialia
2484 1749 2872 1823 singulorum,
2907 1750 3109 1804 eadem
3151 1748 3406 1804 charitas
3436 1764 3595 1804 com-

182 1836 438 1909 quisque
470 1840 737 1892 nostrum
771 1854 874 1908 pro
905 1841 1060 1892 certo
1093 1838 1239 1893 sciat
1269 1855 1330 1894 se
1365 1839 1838 1906 moriturum,ta-

183 1941 319 1982 men
352 1925 550 1982 nullus
572 1943 606 1981 a
632 1925 747 1981 Deo
769 1931 858 1982 est
880 1943 1073 1994 senex,
1091 1926 1187 1998 qui
1208 1945 1322 1983 non
1342 1933 1533 2000 speret
1563 1929 1754 1984 adhuc
1775 1946 1836 1984 se

180 2015 499 2070 victurum.
518 2016 777 2072 Instante
793 2032 925 2071 vero
943 2016 1262 2088 diejudicii
1288 2017 1556 2074 homines
1577 2018 1676 2090 qui
1697 2023 1835 2073 tunc

183 2105 246 2160 in
278 2121 452 2160 carne
481 2105 593 2160 vivi
625 2110 816 2173 erunt,
849 2110 904 2160 et
935 2105 983 2160 si
1012 2105 1197 2161 scient
1229 2107 1542 2162 Dominum
1575 2107 1647 2162 ad
1676 2107 1833 2177 judi-

184 2193 345 2250 cium
366 2198 910 2260 venturum,tamen
933 2211 1050 2249 non
1074 2196 1362 2267 putabant
1382 2213 1517 2251 eum
1541 2201 1660 2252 tam
1680 2197 1836 2252 festi-

187 2287 397 2339 nanter
425 2284 838 2339 venturum.In
871 2284 978 2340 hoc
1009 2301 1240 2356 quoque
1263 2285 1636 2356 decipiuntur
1651 2285 1834 2340 homi-

186 2389 312 2440 nes,
347 2371 484 2444 quia
515 2389 632 2443 qua
660 2371 803 2428 hora
834 2371 942 2443 ipsi
977 2390 1092 2428 non
1129 2377 1355 2444 putant,
1379 2378 1437 2428 et
1469 2391 1626 2430 mors
1653 2378 1709 2428 et
1730 2374 1832 2429 Do-

186 2461 386 2516 minus
416 2461 593 2516 venit.
627 2461 739 2516 Sed
773 2478 900 2517 nos.
936 2462 1162 2527 fratres,
1199 2463 1246 2519 si
1279 2479 1511 2536 semper
1551 2463 1610 2518 in
1660 2465 1832 2519 bonis

181 2549 458 2622 operibus
488 2548 822 2622 vigilamus,
856 2550 1044 2622 decipi
1080 2568 1196 2606 non
1229 2569 1565 2623 possumus.
1592 2553 1828 2617 Quarto,

172 2637 622 2695 demonstratur
642 2644 931 2710 pastorem
962 2639 1107 2694 bene
1130 2640 1464 2712 vigilantem
1489 2659 1687 2697 rarum
1706 2642 1831 2713 qui-

178 2728 312 2784 dem
346 2744 496 2794 esse,
530 2728 629 2783 sed
663 2728 920 2796 beatum,
951 2745 1085 2783 cum
1120 2730 1394 2785 subditur
1427 2747 1438 2784 :
1470 2733 1612 2800 Quis
1651 2737 1830 2802 putas

147 2841 151 2844 ·
174 2823 260 2873 est
291 2815 488 2888 ﬁdelis
513 2834 714 2872 servus
729 2818 1225 2890 ctprudensquem
1241 2820 1537 2874 constituit
1559 2820 1688 2874 dom
1698 2822 1830 2875 inus

173 2921 311 2961 suus
341 2921 524 2974 supra
553 2905 865 2976 familiam
884 2916 1143 2976 suam,et
1164 2908 1258 2962 det
1281 2909 1399 2962 illis
1412 2910 1596 2963 cibum
1619 2911 1830 2964 intem-

173 2998 364 3065 ρονεὲ
401 2999 614 3051 Beatus
662 2994 769 3050 ille
813 3011 1026 3062 servus,
1052 2999 1160 3050 etc.
1195 2995 1344 3068 Ipsis
1387 3002 1584 3052 autem
1636 2997 1827 3054 verbis

175 3083 431 3141 ostendit
455 3085 593 3157 quia
617 3084 693 3140 sit
725 3102 910 3152 rarus,
927 3101 1149 3156 ponens
1167 3085 1426 3157 quinque
1443 3103 1570 3157 quae
1595 3086 1651 3140 in
1667 3087 1825 3141 omni

1952 1838 2154 1894 munia
2178 1838 2348 1894 faciet
2380 1839 2805 1894 universorum.
2830 1839 3048 1909 Itaque,
3065 1837 3292 1905 fratres,
3311 1836 3444 1902 mei,
3461 1836 3597 1908 quia

1946 1943 2062 1999 qua
2094 1927 2236 1983 hora
2256 1946 2370 1984 non
2397 1933 2673 1999 putamus
2697 1927 2976 1983 Dominus
3005 1933 3201 1982 noster
3219 1926 3428 1993 veniet,
3447 1943 3596 1982 sem-

1945 2034 2048 2088 per
2076 2022 2131 2072 et
2162 2017 2423 2089 undique
2446 2015 3018 2088 vigilemus,animas
3040 2020 3268 2070 nostras
3285 2018 3340 2069 et
3364 2014 3594 2071 animas

1945 2107 2113 2162 nobis
2144 2106 2490 2162 commissas
2523 2105 2828 2178 vigilanter
2849 2105 3271 2160 custodiamus.
3305 2102 3595 2159 Sollicitu-

1942 2194 2108 2251 dines
2141 2212 2333 2250 rerum
2366 2195 2722 2250 caducarum
2741 2211 2775 2248 a
2793 2193 3068 2248 cordibus
3086 2192 3303 2248 nostris
3319 2191 3593 2248 excluda-

1943 2299 2095 2338 mus.
2131 2284 2343 2339 Contra
2372 2283 2694 2338 invisibiles
2726 2283 2926 2337 hostes
2941 2281 3140 2336 oculos
3172 2281 3416 2336 rationis
3437 2297 3591 2336 sem-

1941 2388 2044 2442 per
2074 2377 2304 2444 apertos
2335 2373 2678 2428 habeamus.
2713 2371 2916 2426 Cordis
2949 2370 3129 2424 nostri
3174 2369 3431 2424 claustra
3461 2386 3588 2442 gre-

1939 2463 2146 2535 gisque
2180 2462 2362 2518 nostri
2387 2461 2694 2534 vigilanter
2715 2460 3280 2532 circumspiciamus.
3305 2447 3585 2529 Orationi,

1938 2551 2195 2620 lectioni,
2242 2569 2416 2607 sacrae
2464 2550 2848 2616 meditationi,
2874 2549 3141 2620 jejuniis,
3175 2547 3583 2621 eleemosynis,

1939 2640 2277 2712 ceterisque
2310 2640 2479 2696 bonis
2510 2640 2721 2696 studiis
2753 2640 3149 2694 intendamus.
3179 2638 3582 2707 Predicationi,

1937 2727 2216 2801 lucroque
2234 2729 2564 2784 animarum
2587 2727 2893 2800 vigilanter
2912 2728 3277 2794 insistamus,
3293 2731 3583 2799 quatenus

1936 2824 2064 2874 tum
2095 2835 2196 2890 pro
2228 2817 2432 2883 nostri,
2457 2823 2579 2872 tum
2615 2834 2717 2889 pro
2749 2817 2918 2872 nobis
2947 2816 3214 2872 custodia
3243 2817 3585 2874 commisso-

1937 2925 2092 2973 rum,
2125 2910 2352 2964 beatam
2387 2922 2816 2978 consequamur
2845 2905 3397 2961 remunerationem.
3417 2905 3579 2969 Quod

1936 2995 2204 3068 precibus
2227 3000 2282 3051 et
2313 2995 2534 3051 meritis
2559 2995 2736 3065 hujus
2757 2993 2994 3066 gloriosi
3017 2993 3390 3062 confessoris,
3406 2993 3576 3064 cujus

1935 3085 2106 3141 hodie
2136 3084 2422 3141 solemnia
2451 3084 2836 3150 celebramus,
2871 3083 3150 3138 concedat
3177 3081 3346 3137 nobis
3385 3081 3576 3137 omni-

176 3172 529 3245 requirenda
559 3178 698 3229 sunt
730 3177 992 3245 pastore;
1015 3173 1282 3228 videlicet
1312 3175 1465 3244 quod
1501 3176 1578 3229 sit
1608 3174 1818 3240 ﬁdelis,
1853 3160 1895 3225 C
1933 3180 2141 3246 potens
2173 3179 2229 3229 et
2263 3173 2594 3229 misericors
2624 3173 2928 3229 Dominus.
2964 3173 3170 3227 Amen.

177 3262 334 3335 quod
369 3263 646 3334 prudens,
672 3263 825 3334 quod
851 3279 885 3317 a
909 3262 1025 3317 Deo
1057 3262 1433 3330 constitutus,
1455 3265 1607 3334 quod
1634 3263 1709 3320 sit
1731 3283 1824 3320 su-

175 3367 283 3424 pra
313 3349 472 3406 illam
510 3350 791 3406 familiam
825 3367 1018 3422 suam,
1050 3356 1106 3405 et
1137 3352 1292 3423 quod
1324 3351 1485 3407 illam
1508 3357 1709 3425 pascat
1737 3353 1824 3408 in-

172 3444 436 3511 tempore
469 3457 596 3496 suo.
619 3440 781 3503 Quod
813 3440 888 3494 sit
919 3439 1108 3496 fidelis
1140 3458 1256 3496 non
1288 3441 1475 3497 solum
1510 3459 1544 3497 a
1574 3441 1822 3508 ﬁde,sed

133 3563 138 3568 -
175 3528 354 3583 etiam
379 3546 412 3582 a
443 3527 736 3592 fidelitate,
755 3529 1066 3583 Dominum
1100 3546 1212 3584 non
1234 3529 1422 3585 solum
1447 3532 1708 3595 credens,
1726 3532 1822 3587 sed

175 3617 358 3673 etiam
391 3615 640 3689 diligens
667 3634 681 3684 ;
713 3616 1074 3673 voluntatem
1098 3617 1217 3685 Dei,
1235 3636 1348 3674 non
1373 3636 1561 3685 suam,
1582 3620 1823 3688 faciens;

177 3704 275 3762 Dei
310 3705 580 3777 gloriam,
617 3723 731 3761 non
764 3723 934 3762 suam
969 3723 1255 3778 quaerens.
1289 3709 1358 3763 Et
1395 3709 1535 3780 quia
1562 3708 1680 3764 vita
1711 3726 1824 3764 non

167 3794 390 3851 sufficit
412 3794 536 3849 sine
559 3794 823 3850 doctrina
841 3795 1310 3867 addit,prudens.
1328 3798 1554 3853 Rursus
1574 3798 1713 3869 quia
1734 3815 1828 3854 ne-

167 3900 266 3940 mo
295 3883 611 3955 praadicare
633 3883 806 3939 debet
828 3884 940 3940 nisi
967 3884 1208 3953 missus,
1227 3903 1436 3942 rursus
1467 3887 1830 3959 addit,quem

171 3974 478 4032 constituit
509 3974 800 4029 dominus.
838 3975 906 4029 Et
935 3974 1075 4045 quia
1110 3993 1224 4030 non
1258 3975 1476 4031 sufficit
1506 3976 1748 4047 pastori,
1769 3983 1831 4031 ut

176 4062 260 4119 sit
289 4061 442 4118 sicut
474 4061 744 4134 populus,
779 4063 958 4130 addit,
991 4079 1165 4135 super
1183 4063 1491 4138 familiam
1537 4081 1725 4121 suam.
1761 4065 1832 4120 Ut

181 4150 405 4207 scilicet
435 4151 589 4206 sicut
619 4151 924 4223 gradu,ita
954 4168 1185 4224 quoque
1214 4153 1332 4207 vita
1355 4158 1410 4208 et
1440 4153 1834 4225 scientiaprai-

189 4240 376 4295 cedat.
393 4241 462 4294 Et
491 4240 630 4311 quia
660 4257 776 4294 non
799 4239 1019 4295 sufficit
1040 4241 1087 4295 ei
1114 4240 1233 4296 hinc
1255 4240 1450 4296 omnia
1471 4241 1702 4312 habere,
1719 4242 1831 4296 nisi

187 4327 466 4385 assiduus
498 4329 574 4384 sit
603 4328 662 4383 in
699 4328 1128 4400 prmdicatione,
1149 4334 1385 4401 propter
1415 4347 1591 4401 quam
1627 4332 1838 4387 consti-

190 4421 358 4472 tutus
390 4422 500 4483 est,
526 4417 708 4484 addit,
731 4422 797 4471 ut
812 4417 910 4473 det
935 4417 1030 4472 illi
1056 4419 1243 4474 cibum
1275 4419 1333 4474 in
1364 4425 1640 4489 tempore,
1656 4420 1834 4485 idest,

1936 3369 2106 3408 UNIUS
2144 3368 2540 3407 CONFESSORIS.
2577 3369 2646 3405 DE
2676 3365 2937 3405 EPISTOLA
2963 3366 3034 3405 AD
3067 3365 3336 3404 HEBRJEOS
3367 3364 3578 3404 SERMO.

2004 3442 2207 3496 Plures
2234 3441 2385 3510 facti
2410 3446 2542 3493 sunt
2571 3440 2904 3494 sacerdotes
2929 3439 3238 3494 secundum
3264 3435 3474 3510 legem,
3499 3436 3586 3492 id-

1935 3531 2090 3586 circo
2103 3531 2253 3602 quod
2269 3536 2452 3585 morte
2462 3545 2567 3598 pro
2575 3529 2636 3583 hi
2642 3529 2918 3584 uerentur
2923 3543 3296 3599 permanere.
3309 3527 3469 3582 Iesus
3481 3541 3586 3580 au-

1935 3626 2049 3675 tem
2074 3635 2140 3674 eo
2153 3619 2303 3692 quod
2325 3619 2641 3674 maneatin
2652 3624 2955 3684 wternam,
2970 3617 3385 3688 sempiternum
3406 3613 3585 3670 habet

1934 3708 2327 3764 sacerdotium
2375 3708 2577 3773 (Hebr.
2630 3711 2751 3774 v11).
2806 3707 2868 3761 In
2917 3706 3024 3760 hac
3073 3704 3339 3771 lectione,
3375 3703 3584 3760 fratres

1937 3794 2292 3860 cbarissimi,
2308 3794 2570 3865 assignat
2590 3791 2902 3865 Apostolus
2927 3792 3314 3848 differentiam
3338 3791 3490 3847 inter
3510 3790 3586 3846 le-

1937 3884 2126 3956 galem
2175 3888 2232 3939 et
2279 3882 2646 3956 evangelium
2701 3883 3100 3949 sacerdotem;
3135 3883 3286 3937 inter
3315 3881 3586 3936 sacerdo-

1938 3973 2088 4027 tium
2118 3972 2286 4046 legis,
2320 3977 2377 4027 et
2408 3971 2799 4026 sacerdotium
2841 3970 3134 4043 Evangelii
3166 3970 3305 4025 Jesu
3346 3967 3584 4036 Christi,

1940 4062 2376 4128 damonstrans,
2410 4060 2470 4114 in
2516 4059 2836 4132 privilegiis
2887 4060 3038 4126 novi,
3087 4056 3398 4113 sacerdotii
3446 4057 3587 4113 Jesu

1941 4150 2153 4204 Christi
2187 4151 2258 4204 ad
2283 4149 2465 4221 legale
2497 4149 2886 4204 sacerdotium
2911 4145 3307 4219 praerogativa.
3326 4145 3587 4202 Primum

1943 4237 2311 4310 privilegium
2343 4247 2428 4292 est
2460 4236 2656 4292 unitas
2687 4235 3175 4291 sacerdotii.Cum
3207 4235 3364 4290 enim
3387 4250 3590 4291 secun-

1945 4328 2088 4383 dum
2119 4326 2303 4398 legem
2339 4325 2471 4382 facti
2504 4332 2643 4381 sunt
2674 4326 3002 4381 sacerdotes
3034 4343 3148 4380 non
3173 4325 3363 4381 solum
3385 4324 3444 4378 in
3467 4322 3592 4395 plu-

1949 4416 2111 4472 ribus
2138 4416 2524 4487 temporibus,
2540 4416 2640 4470 sed
2674 4415 2846 4469 etiam
2868 4415 2924 4468 in
2946 4415 3449 4486 eodemtempore,
3471 4411 3594 4484 plu-

197 4509 266 4561 ut
296 4511 498 4578 pascat
526 4522 654 4561 eam
686 4506 948 4578 exemplo
979 4511 1037 4562 et
1056 4508 1321 4572 verbo,et
1351 4508 1458 4564 hoc
1491 4507 1546 4563 in
1581 4513 1840 4581 tempore
1871 4530 1917 4593 υ
1951 4522 2042 4561 res
2075 4507 2312 4560 fuerunt
2341 4510 2396 4560 et
2427 4504 2826 4577 particularcs.
2862 4505 3035 4560 Jesus
3065 4503 3330 4593 Christus
3369 4499 3592 4593 verouin

199 4596 801 4666 opportuno,etjuxta
829 4595 1009 4650 alium
1040 4595 1478 4669 evangelistam,
1501 4597 1595 4653 det
1618 4597 1843 4654 illistri-

201 4681 302 4738 tici
333 4699 671 4738 mensuram
705 4686 861 4755 (Luc,
889 4685 1077 4753 xu),id
1110 4691 1197 4741 est
1217 4687 1456 4741 verbum
1489 4686 1843 4758 praedicatio-

201 4771 294 4827 nis
324 4778 758 4828 commensuret
787 4773 1149 4829 audientium
1181 4775 1484 4846 capacitati
1516 4776 1690 4846 (quod
1717 4776 1844 4830 sino

203 4861 426 4933 gemitu
458 4861 650 4916 dicere
682 4879 797 4917 non
832 4864 1316 4934 possum).Quam
1340 4881 1508 4919 rarus
1538 4869 1628 4920 est
1649 4865 1842 4933 hodie,

204 4948 413 5004 fratres
443 4950 578 5016 mei,
613 4956 810 5023 pastor
840 4950 1084 5006 Domino
1117 4957 1350 5024 propter
1379 4953 1692 5008 Dominum
1725 4970 1844 5009 ser-

201 5036 385 5106 viens,
415 5055 546 5094 oves
564 5039 796 5106 Christi,
831 5058 948 5096 non
979 5041 1052 5096 ad
1084 5039 1449 5109 lucrum,sed
1475 5059 1670 5098 amore
1692 5042 1848 5098 Chri-

204 5126 278 5182 sti
305 5143 549 5198 pascens
573 5127 585 5181 l
617 5145 794 5200 quam
818 5147 986 5185 rarus
1003 5129 1112 5184 sibi
1137 5134 1192 5185 et
1213 5130 1487 5196 subditis,
1503 5130 1558 5185 in
1583 5133 1845 5187 futurum

204 5217 352 5271 bene
382 5216 724 5286 providens!
760 5234 938 5288 quam
969 5237 1158 5286 rarus,
1193 5219 1292 5290 qui
1325 5219 1402 5274 sit
1430 5225 1668 5275 vocatus
1691 5226 1848 5275 aDeo

203 5310 490 5376 tanquam
522 5307 805 5374 Aaron,et
834 5324 949 5362 non
975 5325 1037 5364 se
1059 5307 1317 5381 ingerat!
1353 5325 1530 5379 quam
1561 5327 1726 5364 rarus
1747 5311 1847 5380 qui

205 5409 341 5450 oves
371 5393 586 5451 Christi
619 5401 676 5452 et
706 5414 820 5451 non
855 5397 1042 5469 magis
1075 5413 1137 5452 se
1179 5398 1404 5469 pascat!
1439 5398 1549 5451 Sed
1593 5399 1767 5453 etiam
1800 5400 1848 5454 si

206 5481 421 5554 aliquis
490 5501 675 5541 unum
741 5487 827 5540 vel
901 5486 1146 5542 istorum
1215 5491 1623 5555 consequatur.
1677 5505 1849 5557 quem

207 5569 553 5630 rarissimus
584 5578 673 5631 est
702 5574 803 5644 qui
835 5576 1035 5631 omnia
1065 5575 1185 5631 haec
1217 5573 1395 5630 simul
1427 5575 1706 5630 obtineat.
1742 5577 1850 5631 Sed

1951 4600 2208 4666 tempore
2237 4593 2433 4666 gratia:
2465 4600 2553 4650 est
2585 4593 2928 4650 universalis
2949 4598 3005 4648 et
3028 4589 3592 4656 unus.Universalis,

1953 4685 2252 4756 quoniam,
2275 4689 2338 4738 ut
2363 4685 2651 4739 Joannees
2683 4685 2781 4748 ait,
2799 4707 2822 4730 ‹‹
2845 4685 2970 4754 Ipse
2996 4687 3085 4737 est
3111 4679 3462 4752 propitiatio,
3480 4694 3594 4732 non

1954 4791 2056 4844 pro
2090 4772 2338 4844 peccatis
2373 4773 2587 4830 nostris
2613 4778 2864 4839 tantum,
2899 4772 2998 4827 sed
3048 4770 3223 4825 etiam
3272 4785 3375 4840 pro
3415 4765 3596 4822 totius

1954 4862 2156 4917 mundi
2191 4864 2241 4933 (Ι
2262 4863 2420 4918 Joan.
2454 4863 2553 4932 n);
2593 4887 2619 4911 ››
2655 4880 2829 4926 unus,
2875 4859 3154 4932 quoniam
3189 4858 3237 4912 si
3277 4857 3396 4912 sint
3424 4855 3598 4911 hodie

1955 4953 2066 5008 sub
2091 4969 2155 5006 eo
2188 4951 2385 5024 plures
2416 4953 2767 5020 sacerdotes,
2795 4955 2991 5005 tamen
3024 4965 3137 5003 non
3170 4947 3594 5011 auctoritatem,

1957 5042 2056 5098 sed
2091 5041 2279 5097 solum
2307 5039 2697 5095 ministerium
2729 5039 3153 5094 habent.Jesus
3173 5053 3305 5092 vero
3325 5034 3486 5092 solus
3502 5035 3600 5092 ha-

1957 5133 2052 5186 bet
2079 5135 2134 5185 et
2163 5130 2420 5184 officium
2453 5133 2510 5185 et
2536 5129 2962 5184 auctoritatem.
3000 5126 3160 5183 Unde
3191 5131 3248 5181 et
3275 5125 3485 5182 Joanni
3507 5125 3598 5181 di-

1957 5227 2114 5277 ctum
2147 5223 2233 5275 est
2266 5236 2278 5272 :
2315 5244 2339 5268 ‹‹
2376 5220 2563 5290 Super
2593 5236 2767 5289 quem
2798 5217 3008 5272 videris
3040 5216 3322 5289 Spiritum
3359 5217 3600 5272 descen-

1961 5313 2216 5374 dentem,
2248 5309 2374 5380 ipse
2421 5314 2510 5362 est
2559 5308 2660 5377 qui
2712 5307 2969 5378 baptizat
3018 5306 3218 5377 (Matth.
3275 5309 3382 5373 III).
3419 5326 3446 5354 »
3474 5305 3600 5360 Non

1961 5399 2117 5453 enim
2143 5397 2394 5452 ministri
2421 5395 2632 5451 Christi
2661 5413 2906 5467 puerum
2928 5395 2985 5450 in
3006 5411 3170 5450 sacro
3194 5393 3349 5448 fonte
3370 5393 3603 5447 immer-

1963 5487 2177 5558 giinus,
2212 5487 2309 5541 sed
2345 5490 2542 5540 tamen
2585 5485 2854 5540 Christus
2895 5485 3167 5557 baptizat,
3195 5483 3309 5540 Nos
3359 5497 3600 5537 manum

1963 5576 2279 5638 elevamus,
2315 5575 2415 5630 sed
2443 5574 2710 5630 Christus
2745 5573 3051 5631 benedicit.
3086 5575 3201 5628 Nos
3233 5587 3399 5626 sacra
3427 5569 3604 5625 verba
