3984 6082
437 258 593 330 1587
1706 257 2105 324 RADULPHI
2144 258 2563 325 ARDENTIS.
3690 258 3863 327 1588

428 396 801 477 proferimus,
833 392 935 455 sed
965 390 1232 455 Christus
1263 395 1581 454 consecrat.
1614 394 1726 452 Sed
1757 400 1815 452 et
1847 411 2069 469 «neque
2096 396 2152 464 Α
2180 395 2334 453 Patri
2364 411 2544 470 quam
2575 394 2674 453 ille
2703 393 2806 470 qui
2826 394 2879 454 ei
2906 398 2997 455 est
3024 391 3584 454 consubstantialis?
3610 394 3683 453 Ei
3738 413 3858 455 au-

426 489 527 566 qui
558 488 799 562 plantat,
822 503 1012 560 neque
1042 485 1141 560 qui
1162 487 1332 560 rigat,
1355 490 1445 542 est
1466 484 1712 558 aliquid,
1730 487 1829 542 sed
1851 485 1949 558 qui
1970 486 2071 541 dat
2180 490 2299 543 tem
2329 504 2365 542 a
2393 502 2509 559 quo
2538 503 2842 560 nunquam
2873 486 3144 555 discedit,
3176 485 3394 542 dicitur
3423 485 3516 542 hic
3545 502 3852 555 aceecere,

425 579 855 635 incrementum
885 580 975 633 est
1003 576 1157 632 Deus
1186 576 1232 648 (Ι
1263 576 1382 631 Cor.
1408 576 1517 645 III).
1538 596 1669 624 ››-‹‹
1688 574 1782 630 Sic
1804 591 1938 648 ergo
1960 591 2067 630 nos
2178 574 2457 648 quoniam
2489 576 2645 648 apud
2676 592 2812 632 eum
2845 593 2947 649 pro
2982 575 3151 632 nobis
3180 574 3539 649 interpellat,
3565 574 3859 632 humani-

428 669 761 726 sacerdotes
790 665 1082 723 existimet
1111 664 1308 733 homo,
1339 668 1405 720 ut
1435 664 1738 720 ministros
1757 664 1991 729 Christi,
2018 668 2076 719 et
2180 665 2320 721 tatis
2350 682 2468 720 suae
2503 665 3053 738 repraesentationis.
3078 665 3361 722 Caeterum
3382 681 3489 721 nec
3519 664 3666 721 olim
3694 665 3856 740 lega-

427 756 860 831 dispensatores
891 754 1301 827 mysteriorum
1336 753 1453 809 Dei.
1490 753 1593 808 Hic
1616 754 1743 825 jam
1789 753 2073 826 quaeritur
2180 753 2286 825 les,
2322 771 2427 811 nec
2459 755 2631 811 modo
2662 753 2979 828 evangelici
3014 755 3346 811 sacerdotes
3377 754 3451 810 ad
3479 754 3675 811 Deum
3712 772 3855 829 pos-

429 846 583 903 inter
646 845 1098 916 dispensatores,
1149 846 1216 898 ut
1281 842 1473 898 fidelis
1538 843 1672 915 quis
1738 842 2073 898 inveniatur
2181 845 2322 897 sunt
2350 843 2644 910 accedere,
2679 843 2806 898 sine
2837 858 3071 899 summo
3098 842 3402 899 sacerdote
3436 843 3695 899 Domino
3748 861 3851 901 no-

432 936 488 1010 (I
512 936 631 992 Cor.
665 936 761 1005 Iv).
796 955 824 984 ››
858 932 917 989 Si
950 936 1144 988 autem
1166 949 1272 987 nos
1303 932 1632 988 sacerdotes
1656 932 1807 988 inter
1836 936 2073 988 caeteros
2184 934 2302 986 stro
2327 930 2466 987 Jesu
2499 931 2750 1001 Christo,
2785 931 2885 987 Dei
2919 937 2977 988 et
3008 930 3319 988 hominum
3354 932 3709 988 mediatore.
3739 933 3851 990 Sed

435 1025 866 1096 dispensatores
898 1021 1098 1077 fideles
1118 1020 1502 1087 inveniamur,
1518 1023 1695 1087 bene;
1721 1021 2075 1077 siautemin-
2182 1020 2357 1076 etiam
2389 1020 2605 1077 nostris
2638 1020 3051 1094 iniquitatibus
3080 1020 3757 1094 exigentibus,necjam
3782 1023 3851 1079 ad

434 1112 637 1170 fideles
653 1112 830 1185 (quod
849 1111 1002 1167 Deus
1019 1111 1257 1182 avertat)
1276 1111 1386 1166 vze!
1414 1128 1494 1165 va:
1514 1109 1708 1166 nobis!
1735 1110 2074 1165 Secundum
2183 1108 2383 1183 ipsum
2415 1109 2793 1166 mediatorem
2822 1127 2926 1183 per
2958 1127 3064 1166 nos
3097 1109 3360 1168 valemus
3391 1110 3857 1169 accedere.Exoo

358 1198 365 1201 ’
431 1201 801 1277 privilegium
834 1204 924 1257 est
947 1200 1241 1256 aeternitas
1275 1199 1604 1256 sacerdotii.
1632 1199 1785 1255 Dum
1812 1199 1968 1254 enim
1998 1199 2075 1255 le-

434 1291 595 1367 gales
624 1290 954 1348 sacerdotes
978 1293 1349 1346 transeuntes
1369 1292 1653 1357 essent,et
1674 1288 1803 1345 aliis
1829 1288 2079 1345 morien-

432 1380 591 1438 tibus
615 1379 715 1436 alii
745 1379 1144 1447 succederent,
1176 1378 1543 1451 evangelicus
1591 1378 1861 1434 sacerdos
1901 1378 2075 1434 Jesus

431 1469 704 1527 Christus
728 1468 1152 1542 sempiternum
1187 1467 1364 1523 habet
1407 1467 1800 1523 sacerdotium
1852 1471 2074 1541 utpote,

432 1557 812 1631 cui«juravit
841 1557 1127 1614 Dominus
1157 1560 1215 1612 et
1247 1573 1362 1612 non
1392 1557 1696 1629 pmnitebit
1727 1558 1993 1613 eum:Tu
2015 1573 2077 1613 es

434 1649 706 1705 sacerdos
733 1646 793 1703 in
820 1652 1101 1702 aeternum
1128 1646 1453 1702 secundum
1484 1645 1747 1702 ordinem
1773 1645 2078 1702 Melchise-

2185 1199 2370 1254 randa
2391 1198 2672 1255 nimirum
2693 1203 2782 1255 est
2797 1204 2855 1255 et
2872 1198 3143 1273 lacrymis
3164 1199 3480 1273 flagitanda
3500 1200 3853 1259 beatissima

2185 1286 2286 1343 Dei
2318 1286 2568 1361 genitrix
2598 1305 2828 1361 semper
2852 1289 3063 1359 Maria;
3088 1289 3366 1346 exorandi
3385 1290 3542 1347 cives
3564 1292 3851 1362 superni;

2185 1377 2461 1434 exoraudi
2508 1377 2826 1450 prophetae,
2859 1377 3130 1452 apostoli.
3167 1382 3454 1452 martyres
3506 1383 3566 1434 et
3594 1378 3850 1453 gloriosi

2187 1466 2569 1529 confessores.
2603 1466 2819 1540 quibus
2850 1466 3025 1524 hodie
3056 1467 3515 1525 solemnizamus
3547 1484 3693 1525 cum
3744 1484 3854 1524 ce-

2187 1556 2330 1614 teris
2358 1557 2598 1628 sanctis,
2632 1561 2924 1629 quatenus
2951 1557 3134 1613 nostri
3165 1557 3587 1615 intercessores
3636 1562 3703 1614 et
3732 1574 3856 1615 me-

2186 1646 2443 1702 diatores
2472 1646 2627 1719 apud
2660 1646 2845 1702 Deum
2873 1646 3146 1703 existant.
3170 1646 3400 1711 Quanto
3430 1645 3656 1721 quippe
3672 1646 3858 1721 pluri-

434 1737 580 1795 dech
611 1737 783 1810 (Psal.
816 1737 948 1808 eux).
986 1758 1013 1785 ››
1045 1735 1374 1793 Sacerdotis
1416 1734 1708 1808 siquidem
1757 1740 1864 1803 est,
1915 1740 1973 1791 et
1996 1740 2077 1791 te-

436 1830 793 1885 stamentum
828 1825 1243 1882 mandatorum
1273 1830 1329 1881 et
1360 1825 1781 1899 promissorum
1830 1823 1931 1881 Dei
1976 1842 2079 1897 po-

440 1916 580 1993 pulo
598 1917 848 1983 tradere,
881 1920 937 1972 et
966 1932 1070 1988 pro
1102 1915 1671 1989 transgressionibus
1702 1915 1831 1986 ejus
1879 1915 2084 1971 offerre

437 2010 495 2063 et
522 2003 1183 2078 interpellare.ldeoque
1213 2003 1485 2060 Christus
1514 2007 1675 2059 tanto
1705 2002 2081 2061 excellentius

440 2095 677 2162 dicitur,
710 2097 931 2167 quanto
963 2092 1184 2149 caeteris
1215 2091 1631 2149 excellentibus
1661 2097 2081 2149 testamentum

437 2183 654 2259 populo
675 2182 937 2249 tradidit,
971 2199 1074 2255 pro
1105 2181 1232 2254 ipso
1263 2181 1466 2250 oravit,
1496 2186 1554 2238 et
1583 2182 1843 2255 seipsum
1886 2182 1945 2237 iu
1991 2198 2082 2237 sa-

441 2272 729 2331 criﬁcium
760 2270 992 2328 obtulit.
1023 2271 1130 2335 Qui
1163 2270 1431 2343 quamvis
1471 2271 1795 2327 secundum
1845 2287 2083 2326 carnem

441 2365 711 2418 mortuus
740 2360 836 2428 sit,
869 2364 1064 2416 tamen
1090 2359 1351 2431 quotidie
1371 2359 1633 2417 ofﬁcium
1659 2359 1976 2416 sacerdotis
2002 2360 2087 2416 fa-

444 2450 543 2518 cit,
571 2451 713 2506 dum
761 2453 819 2506 et
855 2449 1032 2506 corda
1060 2447 1261 2522 populi
1301 2448 1393 2504 sui
1423 2448 1793 2506 invisibiliter
1822 2449 2087 2522 quotidie

443 2541 630 2608 docet,
646 2542 704 2595 et
731 2538 900 2613 signa
931 2538 1220 2611 passionis
1253 2555 1371 2594 suae
1397 2539 1657 2611 quotidie
1689 2538 1838 2595 Patri
1864 2556 1967 2611 pro
1993 2556 2091 2594 no-

446 2627 537 2686 bis
569 2631 901 2703 prtesentat.
927 2625 1253 2700 etquotidie
1282 2627 1437 2699 apud
1462 2627 1644 2683 Deum
1676 2644 1780 2700 pro
1811 2626 1981 2683 nobis
1998 2627 2090 2682 in-

443 2716 737 2792 terpellat:
763 2721 820 2773 et
847 2717 989 2773 dum
1023 2716 1282 2789 quotidie
1312 2716 1681 2773 invisibiliier
1710 2715 1976 2772 homines
2000 2716 2094 2772 ba-

447 2805 909 2880 ptizat,absolvit
937 2809 994 2861 et
1021 2804 1184 2879 ligat.
1203 2805 1319 2860 Nos
1351 2809 1544 2861 autem
1578 2805 1801 2879 indigni
1826 2806 2094 2862 sacerdo-

448 2899 538 2952 tes
571 2912 676 2952 uee
707 2911 937 2968 semper
977 2895 1309 2951 sacerdotes
1352 2911 1582 2962 sumus,
1615 2895 1757 2967 quia
1802 2894 1861 2951 in
1910 2898 2097 2951 morte

452 2984 711 3042 ofﬁcium
743 2987 953 3041 nostrae
973 2982 1347 3040 villicationis
1366 2984 1717 3053 amittimus,
1743 2988 1800 3041 et
1827 2984 2003 3041 etiam
2019 2984 2098 3040 vi-

2187 1734 2298 1791 bus
2346 1737 2403 1790 et
2455 1735 2781 1805 majoribus
2828 1734 3180 1792 criminibus
3227 1734 3582 1809 elongamur
3625 1753 3665 1792 a
3716 1738 3853 1805 Deo,

2188 1826 2348 1878 tanto
2361 1822 2632 1894 pluribus
2644 1823 3027 1894 ctmajoribus
3040 1823 3854 1899 mediatoribusindigemus.

2190 1911 2261 1967 Et
2293 1910 2432 1983 quia
2459 1910 2708 1968 aliorum
2740 1912 3093 1969 mediatores
3124 1914 3195 1969 ad
3224 1917 3408 1970 Deum
3444 1931 3576 1971 esse
3608 1915 3857 1971 debere-

2192 2017 2347 2067 mus,
2369 2000 2793 2057 mediatoribus
2823 2005 2881 2057 et
2910 2001 3452 2059 reconciliatoribus
3482 2004 3645 2077 apud
3666 2004 3857 2061 Deum

2194 2089 2557 2163 indigemus:
2576 2107 2690 2147 non
2713 2091 3077 2147 attendentes
3104 2092 3407 2164 quoniam,
3423 2091 3474 2148 si
3495 2092 3633 2165 quis
3648 2110 3857 2166 pecea-

2194 2180 2357 2244 verit,
2383 2179 2573 2235 orabit
2603 2197 2707 2252 pro
2738 2197 2805 2236 eo
2836 2181 3130 2248 sacerdos,
3154 2181 3255 2238 sed
3282 2180 3329 2237 si
3356 2182 3633 2238 sacerdos
3660 2199 3860 2256 pecca-

2194 2269 2361 2340 verit,
2394 2270 2529 2341 quis
2560 2269 2749 2325 orabit
2799 2286 2903 2342 pro
2936 2269 3079 2326 illo?
3111 2270 3159 2343 (I
3182 2272 3308 2342 Reg.
3340 2273 3425 2341 ιι).
3459 2271 3528 2327 Et
3558 2272 3607 2328 si
3652 2272 3853 2328 incau-

2196 2361 2349 2414 tator
2374 2375 2690 2431 percussus
2722 2358 2894 2414 fuerit
2912 2376 2947 2415 a
2966 2362 3236 2433 serpente
3258 2358 3392 2432 quis
3410 2360 3757 2417 medebitur
3780 2361 3857 2417 ei?

2199 2447 2386 2516 (Eccli.
2422 2451 2550 2516 xu,)

2271 2536 2551 2600 Quintum
2586 2534 2957 2609 privilegium
2989 2540 3079 2594 est
3108 2537 3457 2595 immunitas
3500 2539 3758 2612 peccati,
3792 2539 3857 2594 de

2202 2642 2319 2698 qua
2352 2624 2618 2682 Christus
2648 2626 3098 2683 commendatur
3133 2643 3269 2683 eum
3320 2627 3605 2684 subditur
3637 2645 3652 2683 :
3696 2626 3859 2685 Talis

2202 2716 2352 2772 enim
2377 2715 2611 2772 decebat
2641 2717 2808 2772 nobis
2837 2722 2900 2772 ut
2928 2716 3089 2773 nobis
3117 2722 3262 2773 esset
3284 2717 3559 2790 pontifex
3588 2723 3855 2785 sanctus,

2202 2807 2493 2876 innocens,
2509 2804 2877 2875 impollutus,
2890 2815 3234 2880 segregatus
3260 2824 3298 2862 a
3318 2807 3765 2880 peccatoribus.
3785 2812 3858 2863 Ac

2207 2895 2256 2952 si
2285 2895 2484 2951 dicat:
2519 2894 2753 2951 Dicebat
2795 2894 2952 2951 enim
3008 2894 3179 2952 nobis
3222 2899 3287 2951 ut
3333 2895 3470 2951 talis
3498 2896 3681 2953 nobis
3711 2902 3861 2953 esset

2207 2985 2710 3058 poutifexsanctus,
2726 2984 2823 3058 qui
2840 3001 2942 3057 per
2953 2984 3338 3058 semetipsum
3356 2990 3558 3059 possst
3584 2986 3658 3042 ad
3678 2987 3859 3044 Deum

451 3077 652 3131 ventes
683 3073 974 3147 peccando
1005 3072 1328 3130 sacerdotio
1358 3078 1556 3130 nostro
1596 3074 1914 3146 privamur,
1956 3074 2098 3130 dum
2148 3147 2155 3148 γ
2210 3075 2503 3143 accedere,
2537 3073 2759 3131 scilicet
2786 3078 2853 3130 ut
2879 3078 3035 3131 esset
3062 3078 3323 3132 sanctus.
3359 3075 3428 3131 Et
3455 3074 3723 3148 qualiter
3740 3093 3861 3133 san-

456 3180 563 3220 nec
610 3163 943 3236 praedicare,
995 3178 1100 3218 nee
1148 3161 1495 3229 sacriﬁcare,
1546 3179 1651 3219 nec
1713 3180 1876 3220 orare
1947 3163 2100 3221 sicut
2129 3147 2172 3215 C
2209 3168 2340 3221 ctus
2368 3168 2522 3220 esset
2552 3180 2654 3237 per
2682 3167 2875 3236 partes
2904 3164 3093 3237 aperit
3121 3165 3403 3233 innocens,
3424 3147 3623 3237 quoad
3670 3164 3858 3238 proxi-

462 3256 688 3326 oportet
716 3251 910 3308 idonei
941 3251 1284 3324 reperimur.

533 3341 795 3398 Tertium
816 3339 1184 3413 privilegium
1207 3344 1297 3397 est
1316 3343 1572 3413 potestas
1594 3339 1877 3410 salvandi,
1895 3342 1965 3398 de
1987 3358 2103 3415 qua

460 3430 726 3487 Christus
755 3429 1202 3486 commendatur
1229 3445 1363 3484 cum
1397 3429 1671 3486 subditur
1695 3446 1708 3487 :
1747 3431 1892 3487 Vade
1918 3433 2100 3487 etsal-

458 3534 596 3576 rare
624 3519 683 3575 in
702 3526 1045 3592 perpetuum
1062 3523 1270 3591 potest,
1283 3535 1508 3591 semper
1519 3520 1710 3575 vivens
1720 3521 1804 3577 ad
1822 3522 2042 3591 interpe
2051 3519 2101 3575 l-

462 3608 701 3664 landum
726 3624 837 3680 pro
863 3608 1045 3663 nobis.
1080 3606 1224 3671 Quia
1252 3606 1428 3663 habet
1457 3624 1591 3663 cum
1616 3609 1781 3666 Patre
1797 3611 2101 3665 coazterni-

458 3700 659 3765 tatem,
694 3696 822 3752 ideo
851 3700 909 3753 et
937 3695 1423 3769 omnipotentiam
1455 3697 1717 3754 salvandi
1746 3699 1922 3755 habet
1963 3716 2099 3756 cum

460 3785 645 3842 Patre.
677 3784 792 3842 Nec
819 3784 1012 3842 solum
1044 3784 1450 3843 auctoritatem
1482 3786 1743 3844 salvaudi
1776 3787 1969 3856 habet,
1997 3790 2099 3846 sed

459 3873 634 3931 etiam
666 3873 1084 3942 ministerium,
1114 3891 1176 3931 se
1208 3891 1311 3947 pro
1364 3875 1761 3949 redemptione
1810 3878 2014 3934 mundi
2039 3878 2097 3935 in

460 3963 713 4037 pretium
748 3963 981 4032 dando;
1013 3980 1152 4020 suos
1192 3964 1263 4020 de
1310 3964 1578 4021 faucibus
1625 3965 1945 4022 inferorum
1988 3968 2098 4023 eri-

460 4052 692 4126 piendo,
708 4068 953 4126 regnum
977 4051 1248 4108 caelorum
1279 4052 1363 4109 eis
1393 4054 1724 4126 aperiendo,
1745 4071 1975 4128 semper
1995 4074 2098 4129 pro

461 4140 546 4197 eis
592 4141 663 4197 ad
705 4141 933 4198 Patrem
981 4140 1425 4215 interpellando.
1459 4142 1620 4199 Unde
1668 4146 2098 4203 antonomatice

459 4230 649 4299 Jesus,
682 4229 739 4286 id
772 4234 862 4287 est
881 4229 1144 4286 Salvator
1173 4234 1229 4287 et
1258 4231 1463 4286 mundi
1495 4232 1845 4306 Redemptor
1874 4251 2098 4291 nuncu-

460 4321 653 4391 patur.
687 4318 926 4392 Legales
955 4335 1088 4375 vero
1137 4319 1491 4385 sacerdotes,
1524 4337 1629 4377 nec
1677 4337 1758 4389 se,
1794 4338 1899 4378 nec
1950 4322 2097 4380 alios

460 4423 565 4480 per
578 4406 881 4475 sacrificia,
897 4407 1387 4480 casremoniasquc
1402 4424 1541 4465 suas
1563 4413 1831 4481 poterant
1851 4410 2095 4468 salvare.

2212 3271 2396 3319 mum,
2431 3252 2754 3326 impollutus
2801 3253 2859 3307 in
2891 3269 2972 3310 se.
3013 3253 3080 3308 Et
3122 3256 3189 3309 ut
3232 3251 3587 3327 generaliter
3629 3254 3861 3311 dicatur

2209 3343 2448 3399 omnino
2472 3350 2783 3412 segregatus
2814 3358 2847 3397 a
2870 3342 3266 3414 peccatoribus,
3290 3339 3513 3415 peccati
3546 3341 3741 3399 totius
3762 3341 3857 3398 im-

2210 3432 2705 3490 munitate.Decet
2734 3431 2949 3505 quippe
2981 3440 3045 3489 ut
3072 3436 3314 3489 sanctus
3342 3432 3421 3488 sit
3450 3431 3552 3504 qui
3576 3448 3716 3490 reos
3736 3449 3857 3489 san-

2209 3522 2445 3590 ctificat,
2477 3521 2758 3577 innocens
2789 3521 2867 3577 sit
2896 3520 2995 3594 qui
3027 3521 3301 3578 docentes
3322 3520 3857 3596 judicat,impollu-

2210 3616 2306 3668 tus
2332 3611 2409 3667 sit
2437 3611 2538 3683 qui
2573 3615 2905 3683 peccatores
2952 3609 3126 3679 lavat,
3162 3615 3228 3666 ut
3256 3628 3291 3667 a
3320 3611 3741 3684 peccatoribus
3787 3611 3853 3667 sit

2210 3704 2553 3774 segregatus
2583 3699 2683 3772 qui
2714 3700 2830 3756 Deo
2860 3702 3193 3773 peccatores
3230 3698 3590 3756 reconciliet.
3628 3702 3697 3757 In
3748 3717 3851 3774 quo

2209 3790 2403 3848 omnis
2448 3792 2567 3845 tam
2599 3788 2740 3844 Novi
2771 3796 2947 3861 quam
2983 3788 3211 3845 Veteris
3241 3789 3629 3859 Testamenti,
3667 3804 3850 3847 sacer-

2209 3880 2373 3936 dotes
2406 3876 2727 3950 imperfecti
2759 3877 3149 3950 reperiuntur,
3182 3877 3463 3951 quoniam
3492 3894 3677 3936 nemo
3700 3895 3853 3935 muno

2208 3969 2319 4025 dus
2349 3985 2384 4024 a
2412 3968 2602 4024 sorde.
2637 3991 2664 4016 ‹‹
2701 3967 2871 4033 Et,ut
2899 3967 2983 4023 ait
3005 3967 3281 4036 Joannes,
3298 3967 3347 4023 si
3377 3967 3715 4026 dixerimus
3728 3967 3857 4043 quia

2209 4059 2510 4130 peccatum
2544 4070 2661 4110 non
2691 4053 2979 4111 habemus
3010 4071 3117 4111 nos
3137 4054 3297 4127 ipsos
3328 4053 3753 4114 seducimuset
3776 4073 3857 4113 ve-

2208 4144 2352 4202 ritas
2381 4144 2439 4199 in
2472 4142 2641 4200 nobis
2670 4160 2786 4199 non
2818 4148 2907 4200 est
2937 4144 2983 4215 (ι
2999 4145 3156 4200 Joan.
3191 4147 3253 4213 ι).
3284 4167 3311 4195 ››
3344 4143 3455 4200 Sed
3498 4145 3691 4217 (quod
3741 4145 3859 4201 sine

2207 4233 2430 4307 gemitu
2461 4232 2652 4289 dicere
2682 4250 2796 4289 non
2824 4233 3091 4306 possum)
3124 4248 3230 4289 nos
3261 4231 3535 4289 hodierni
3588 4235 3857 4291 sacerdo-

2208 4327 2317 4391 tes,
2341 4321 2544 4396 quales
2575 4338 2783 4378 sumus
2801 4322 2829 4377 ‘?
2858 4322 3061 4378 Nonne
3090 4338 3198 4378 nos
3226 4320 3328 4394 qui
3350 4321 3710 4396 deberemus
3740 4340 3857 4380 reos

2209 4394 2597 4477 sanctiﬁcare,
2628 4428 2727 4467 eos
2756 4410 3079 4467 eeontrario
3108 4408 3264 4466 mala
3293 4394 3575 4482 opinione
3600 4426 3855 4468 corrum-

462 4495 874 4570 «Impossihile
887 4496 1043 4553 enim
1058 4496 1962 4572 est,utaitApostolus,sanguine
1975 4504 2101 4557 tau-
2134 4520 2178 4584 ι)
2210 4500 2449 4573 pimus?
2479 4502 2679 4556 Nonne
2709 4500 2811 4574 qui
2836 4504 3110 4556 nocentes
3154 4499 3504 4556 deberemus
3536 4500 3852 4567 absolvere,

459 4601 659 4642 rerum
685 4589 742 4643 et
768 4585 1065 4645 hircorum
1097 4584 1308 4642 auferri
1338 4590 1573 4658 peccata
1596 4587 1773 4657 (Hebr.
1806 4589 1885 4660 κ).
1921 4612 1951 4640 ››
1986 4590 2101 4647 Nos

459 4690 693 4747 quoque
735 4674 1051 4748 evangelici
1093 4675 1444 4742 sacerdotes,
1495 4674 1593 4747 qui
1643 4679 1699 4731 et
1750 4677 1797 4733 si
1850 4695 1962 4734 non
1997 4695 2099 4736 au-

459 4767 669 4831 ctores,
701 4767 890 4820 tamee
916 4763 1124 4820 salutis
1153 4768 1375 4820 aeternae
1408 4763 1664 4821 ministri
1695 4781 1822 4822 esse
1864 4768 2100 4825 debere-

459 4868 595 4907 mus
608 4852 1137 4925 plerumque,quod
1153 4852 1277 4909 sine
1288 4853 1509 4926 gemitu
1523 4854 1714 4909 dicere
1729 4873 1840 4911 non
1856 4873 2099 4929 possum

459 4939 774 5013 aliquibus,
792 4941 1210 5010 damnationis,
1226 4959 1337 4998 non
1357 4942 1566 4999 salutis
1588 4943 1843 5000 ministri
1867 4963 2097 5014 sumus,

458 5029 601 5085 dum
653 5046 752 5086 eos
801 5047 917 5086 non
966 5029 1337 5102 corripimus,
1372 5032 1470 5087 sed
1519 5048 1617 5087 eos
1651 5032 1803 5088 malo
1834 5036 2098 5107 exemplo

460 5115 914 5188 corrumpimus,
945 5118 1087 5173 dum
1118 5118 1316 5187 etiam,
1351 5118 1506 5190 quod
1538 5120 1706 5191 pejus
1752 5124 1861 5187 est,
1894 5138 2097 5179 eorum

460 5203 602 5259 vitia
653 5202 983 5277 palpamus,
1018 5209 1075 5260 et
1122 5222 1220 5262 eos
1268 5207 1327 5262 in
1376 5207 1626 5280 peccatis
1658 5208 1782 5265 suis
1813 5210 2095 5269 fovemus.

461 5291 743 5356 Quartum
775 5291 1144 5366 privilegium
1172 5300 1262 5351 est
1292 5313 1395 5369 per
1414 5296 1671 5370 seipsum
1703 5299 1772 5354 ad
1804 5298 1987 5357 Deum
2011 5319 2101 5357 ae-

462 5380 669 5448 cessio,
684 5381 755 5436 de
770 5397 888 5453 qua
906 5381 1172 5439 Christus
1187 5386 1631 5442 commendatur
1651 5403 1786 5444 cum
1802 5390 2095 5455 subditur,

462 5470 744 5526 accedens
765 5485 873 5540 per
895 5473 1264 5545 semetipsum
1293 5475 1370 5530 ad
1403 5479 1599 5543 Deum,
1616 5476 1743 5533 sine
1764 5477 1960 5551 aliquo
1984 5496 2099 5536 me-

462 5556 702 5616 diatore.
719 5557 825 5627 Qui
855 5561 1014 5619 enim
1045 5561 1233 5633 magis
1263 5565 1453 5636 potest
1473 5581 1603 5622 esse
1623 5568 1969 5639 conjunctae
1988 5570 2097 5626 Deo

2210 4590 2296 4645 eis
2326 4590 2479 4646 malo
2510 4589 2772 4662 exemplo
2802 4589 3123 4645 uocemus?
3146 4589 3347 4647 Nonne
3374 4589 3477 4662 qui
3508 4589 3853 4648 deberemus

2211 4677 2463 4752 pollutos
2479 4678 2693 4744 lavare,
2705 4678 2981 4734 vitiorum
2998 4681 3333 4734 nostrorum
3349 4678 3707 4752 contagione
3722 4679 3851 4736 alios

2210 4767 2572 4841 polluimus?
2592 4768 2795 4824 Nonne
2826 4767 2926 4840 qui
2968 4770 3300 4840 peccatores
3347 4767 3708 4825 deberemus
3752 4774 3849 4825 Deo

2211 4856 2602 4925 reconciliare,
2618 4856 2870 4930 peccatis
2884 4855 3098 4913 nostris
3109 4859 3312 4913 contra
3322 4860 3667 4929 peccatores
3680 4859 3847 4916 Deum

2209 4945 2623 5002 exacerbamus
2642 4947 2670 5001 ?
2696 4947 2933 5002 Sextum
2948 4944 3318 5019 privilegium
3351 4949 3441 5001 est
3468 4944 3765 5004 celsitudo
3780 4946 3847 5002 di-

2210 5033 2468 5107 gnitatis,
2489 5035 2559 5090 de
2590 5051 2709 5106 qua
2737 5034 3006 5091 Christus
3025 5034 3475 5091 commendatur
3500 5050 3643 5091 cum
3668 5034 3845 5093 subdi.
3942 5100 3943 5107 η

2210 5128 2307 5179 tur
2340 5138 2353 5176 :
2384 5124 2665 5180 Επειδίον
2690 5125 2842 5181 caelis
2869 5127 3069 5197 factus.
3103 5124 3211 5189 Qui
3243 5123 3402 5179 enim
3433 5123 3686 5196 aequalis
3712 5123 3843 5181 Patri

2209 5211 2734 5281 residet,omnibus
2763 5213 3042 5270 caelorum
3074 5211 3464 5287 poteetatibus
3483 5212 3663 5269 altior
3677 5215 3839 5271 sedet.

2209 5302 2424 5358 Omnes
2452 5318 2584 5358 vero
2614 5301 2852 5375 legales,
2886 5302 3005 5358 sive
3053 5301 3383 5377 evangelici
3417 5302 3772 5367 sacerdotes,
3798 5306 3843 5357 et

2209 5391 2257 5448 si
2285 5390 2465 5464 aliqui
2496 5408 2693 5447 eorum
2726 5390 2948 5448 caeteris
2976 5390 3315 5447 hominibus
3346 5391 3602 5463 majores
3630 5390 3844 5447 meritis
3940 5430 3941 5449 η

2207 5496 2336 5536 esse
2362 5479 2686 5549 videantur,
2719 5483 2916 5536 tamen
2948 5479 3147 5537 nullus
3177 5496 3382 5537 eorum
3414 5480 3605 5552 major
3632 5477 3843 5554 angelis

2206 5568 2572 5645 praedicatur.
2590 5567 2751 5626 Unde
2781 5586 2917 5627 cum
2940 5569 3185 5627 dixisset
3202 5569 3517 5641 Dominus:
3536 5590 3567 5620 α
3588 5568 3839 5626 Internu-
