3984 6082
181 231 341 300 1589

1321 230 1696 296 HOMILIJE.
1730 264 1808 278 -—
1837 229 1915 296 II.
1963 232 2066 295 DE
2108 231 2456 295 SANCTIS.

3442 225 3598 291 1590

177 370 270 426 tos
302 365 620 424 mulierum
653 382 767 423 non
793 363 1048 424 surrexit
1071 366 1260 438 major
1278 367 1500 423 Joanne
1523 366 1838 440 Baptista,»
1869 367 1925 434 Α
1953 365 2109 423 aliud
2143 383 2320 439 quam
2351 365 2606 422 divinam
2636 362 3000 421 iracundiam
3025 365 3225 420 contra
3246 378 3353 418 nos
3374 377 3602 419 exacer-

177 473 315 514 mox
340 455 664 529 subjunxit,
699 479 726 506 «
763 457 862 529 qui
894 473 1026 512 vero
1058 456 1252 512 minor
1283 461 1370 512 est
1399 456 1458 511 in
1492 473 1668 530 regno
1713 473 1830 512 coe-

175 546 369 604 lorum
422 547 612 618 major
653 550 742 601 est
791 545 888 601 illo
920 546 1139 617 (Matth.
1172 547 1270 618 XI).
1306 569 1334 594 »
1369 547 1478 602 Sed
1507 563 1613 602 nos
1658 546 1830 601 hodie

177 634 404 709 indigni
437 635 769 690 sacerdotes
817 635 956 707 quid
1007 635 1290 701 dicemus,
1325 634 1424 707 qui
1476 635 1696 690 caeteris
1728 635 1830 690 ho-

179 724 442 782 minibus
474 741 587 780 non
623 725 894 795 majores,
931 724 1031 780 sed
1080 725 1395 780 deteriores
1444 725 1693 780 sumus?
1722 724 1828 790 Qui

179 831 315 870 cum
365 813 424 869 in
476 817 794 886 conspectu
844 813 1150 868 hominum
1211 813 1396 886 gradu
1454 813 1829 869 sacerdotalis

179 903 404 961 ordinis
435 902 716 958 celsiores
739 902 959 957 caeteris
1008 902 1330 970 videamur,
1364 907 1560 958 tamen
1609 902 1828 957 czeteris

177 991 482 1049 inferiores
536 992 658 1046 vita
705 991 1088 1064 moribusque
1128 993 1429 1064 jacemus;
1465 996 1678 1047 etcum
1729 1009 1831 1063 per

179 1080 564 1138 ambitionem
595 1085 1126 1154 prazsumptuosam
1174 1086 1457 1153 tanquam
1491 1081 1622 1136 vani
1654 1097 1832 1154 super

178 1171 446 1245 gigantes
482 1186 588 1225 nos
635 1169 952 1238 elevamus,
986 1170 1126 1242 quid
1177 1169 1336 1225 aliud
1387 1187 1566 1242 quam
1615 1187 1828 1242 oppro-

179 1259 396 1328 brium,
425 1263 796 1331 contemptus
827 1263 883 1314 et
915 1259 1129 1314 derisio
1163 1259 1361 1331 populi
1401 1261 1652 1316 sumus?
1685 1260 1830 1332 Sep-

176 1349 391 1406 timum
445 1347 812 1421 privilegium
875 1347 1090 1404 Christi
1149 1353 1239 1403 est
1287 1349 1440 1421 quod
1491 1366 1606 1403 non
1657 1349 1831 1404 habet

177 1452 415 1493 necesse
448 1451 550 1508 pro
582 1451 644 1491 se
672 1435 895 1491 hostias
935 1435 1157 1502 offerre,
1193 1437 1346 1492 sicut
1395 1437 1582 1492 caeteri
1634 1453 1829 1492 sacer-

178 1526 380 1592 dotes;
414 1525 567 1580 unde
599 1524 872 1580 subditur
903 1543 920 1579 :
955 1525 1061 1594 Qui
1097 1543 1209 1580 non
1256 1527 1414 1581 habet
1466 1529 1832 1582 necessitatem

178 1613 438 1689 quotidie,
475 1613 925 1686 quemadmodum
954 1616 1061 1670 alii
1090 1615 1402 1683 sacerdotes,
1433 1619 1592 1688 prius
1618 1633 1717 1688 pro
1747 1616 1833 1672 de-

183 1703 332 1760 lictis
356 1705 472 1760 suis
503 1705 704 1759 hostias
732 1703 942 1776 offerre,
971 1703 1166 1760 deinde
1189 1721 1288 1776 pro
1315 1707 1532 1777 populo.
1563 1705 1831 1760 Christus

178 1793 360 1862 enim,
393 1791 531 1864 quia
560 1791 845 1847 immunis
875 1796 964 1848 est
989 1793 1060 1847 ab
1112 1794 1269 1848 omni
1323 1793 1470 1861 labe,
1506 1811 1620 1849 non
1655 1795 1830 1850 habet

179 1881 588 1938 necessitatem
621 1898 724 1953 pro
755 1897 817 1936 se
848 1880 1070 1937 hostias
1109 1882 1332 1938 offerre.
1367 1884 1527 1948 Quod
1577 1884 1735 1939 enim
1768 1900 1828 1940 se

180 1969 533 2035 humiliavit,
566 1970 718 2040 quod
755 1974 965 2026 nostrae
1007 1971 1200 2026 carnis
1250 1971 1508 2027 defectus
1559 1989 1826 2044 assump-

179 2059 277 2128 sit,
311 2059 466 2132 quod
519 2057 925 2126 contumelias,
975 2059 1242 2130 injurias,
1290 2060 1536 2134 ﬂagella,
1565 2078 1828 2117 crucem-

179 2165 297 2222 que
326 2147 630 2216 sustinuit,
661 2152 851 2204 totum
883 2165 986 2220 pro
1020 2149 1188 2205 nobis
1237 2154 1344 2214 est,
1381 2150 1479 2222 qui
1530 2149 1828 2222 indigeba‘

180 2254 340 2306 mus,
370 2254 486 2292 non
517 2253 622 2310 pro
653 2253 716 2293 se
747 2237 846 2310 qui
879 2238 1100 2294 nullius
1141 2238 1457 2311 indigebat.
1493 2239 1654 2295 Unde
1704 2239 1828 2312 ipse

181 2325 324 2382 dicit
355 2342 457 2398 per
477 2325 850 2382 Psalmistam
874 2344 886 2382 :
914 2350 940 2376 «
966 2329 1100 2394 Quae
1132 2344 1246 2382 non
1282 2327 1446 2400 rapui
1479 2332 1618 2384 tunc
1650 2329 1831 2384 exsol-

178 2415 386 2471 vebam
419 2415 594 2486 (Psal.
629 2416 891 2487 urvum.»
925 2417 996 2470 At
1046 2433 1152 2472 nos
1200 2433 1403 2472 omnes
1453 2422 1572 2472 tam
1619 2418 1830 2473 veteris

181 2521 359 2577 quam
393 2521 549 2559 nova:
580 2503 728 2578 legis
771 2505 1121 2571 sacerdotes,
1149 2506 1289 2578 quia
1338 2506 1534 2562 nullus
1566 2525 1600 2562 a
1630 2524 1829 2578 pecca-

181 2593 260 2650 tis
291 2593 502 2649 saltem
546 2593 874 2650 venialibus
919 2595 1177 2650 mundus
1225 2600 1334 2666 est,
1369 2597 1496 2651 ideo
1544 2597 1831 2653 habemus

184 2699 418 2739 necesse
451 2682 614 2754 prius
646 2700 748 2755 pro
795 2683 964 2739 nobis
1012 2683 1234 2740 hostias
1275 2685 1498 2740 offerre.
1534 2686 1648 2741 Nos
1697 2703 1830 2741 vero

183 2772 400 2828 inﬁrmi
433 2773 886 2844 sacerdotes,qui
911 2773 1279 2846 gravioribus
1315 2775 1567 2846 peccatis
1601 2774 1827 2843 irretiti,

184 2877 286 2934 pro
321 2860 487 2916 nobis
521 2859 727 2934 dignas
758 2861 984 2918 hostias
1031 2863 1148 2918 Deo
1195 2863 1398 2918 offerre
1449 2881 1560 2918 non
1612 2864 1829 2920 sufﬁci-

184 2966 337 3016 mus,
369 2951 660 3022 quomodo
692 2967 795 3022 pro
827 2951 1042 3008 nostris
1070 2956 1126 3007 et
1157 2969 1258 3025 pro
1291 2951 1537 3008 aliorum
1579 2953 1830 3025 peccatis

183 3039 387 3095 offerre
419 3038 826 3094 sufﬁciemus?
857 3041 924 3095 Et
955 3040 1055 3112 qui
1087 3058 1264 3098 onera
1296 3045 1493 3098 nostra
1524 3043 1672 3098 ferre
1713 3060 1827 3098 non

177 3127 462 3192 valemus,
496 3129 786 3200 quomodo
817 3132 874 3184 et
912 3134 1112 3186 nostra
1155 3134 1211 3187 et
1257 3129 1448 3186 aliena
1495 3135 1724 3204 portare
1753 3132 1832 3186 vi-
1860 3107 1902 3174 C

187 3217 498 3274 debimur?

251 3306 530 3363 Oetavum
564 3306 938 3380 privilegium
971 3312 1060 3364 est
1083 3310 1233 3381 quod
1269 3309 1537 3366 Christus
1570 3327 1672 3384 pro
1724 3328 1828 3382 po-

183 3394 324 3469 pulo
355 3413 470 3451 non
502 3395 714 3452 obtulit
744 3396 964 3453 alienas
994 3397 1236 3467 hostias,
1265 3399 1365 3454 sed
1397 3399 1678 3472 seipsum,
1703 3417 1830 3472 quae

183 3483 399 3541 oblatio
429 3489 550 3541 tam
581 3486 952 3554 conveniens,
986 3491 1105 3542 tam
1137 3504 1370 3562 magna,
1403 3492 1524 3544 tam
1566 3487 1678 3544 Deo
1711 3488 1832 3562 pla-

184 3589 324 3630 cens
355 3573 464 3629 fuit
492 3574 646 3646 quod
671 3574 741 3629 ad
764 3575 941 3631 totius
962 3575 1206 3631 humani
1228 3576 1458 3648 generis
1490 3577 1833 3649 redemptio-

187 3679 344 3731 nem,
376 3667 665 3735 quantum
696 3663 755 3718 in
784 3663 916 3736 ipsa
945 3667 1052 3730 est,
1087 3665 1323 3721 sufﬁcit.
1347 3668 1417 3721 At
1439 3665 1714 3739 legalium
1746 3684 1830 3723 sa-

186 3751 489 3808 cerdotum
520 3750 731 3819 hostia,
763 3752 863 3824 qui
905 3753 1211 3809 brutorum
1242 3755 1590 3828 sanguinem
1621 3756 1831 3811 immo-

184 3839 405 3906 labant,
430 3839 862 3910 inconveniens,
898 3858 1092 3913 parva,
1126 3842 1240 3899 Deo
1272 3843 1673 3916 displicens,et
1704 3845 1830 3900 ideo

186 3926 552 3985 insufﬁciens
583 3932 724 3984 erat.
759 3930 1198 3998 Inconveniens,
1234 3933 1372 4004 quia
1406 3932 1596 3990 aliena
1624 3934 1695 3988 ab
1728 3933 1830 3990 ho-

186 4015 344 4073 mine
363 4035 376 4084 ;
393 4017 734 4090 parva,quia
752 4018 1058 4090 inaequalis
1081 4020 1332 4089 homini;
1353 4022 1468 4078 Deo
1491 4021 1828 4096 displicens,

185 4105 468 4178 quoniam
503 4123 616 4162 non
649 4106 708 4162 in
739 4125 826 4176 ea,
861 4108 961 4164 sed
993 4112 1221 4164 tantum
1247 4111 1304 4164 in
1329 4111 1755 4184 signiﬁcatione
1776 4118 1834 4168 et

184 4193 551 4251 offerentium
585 4195 882 4252 devotione
913 4197 1308 4253 delectabatur
1342 4199 1640 4256 Dominus.
1670 4201 1834 4257 Unde

185 4281 499 4339 Psalmista
530 4283 588 4338 in
623 4301 871 4356 persona
901 4284 1028 4341 Filii
1061 4287 1132 4342 ad
1176 4291 1404 4343 Patrem
1440 4305 1453 4344 :
1491 4312 1518 4339 «
1549 4289 1831 4346 Holocau-

185 4375 367 4437 stum,
395 4370 605 4443 inquit,
631 4389 733 4444 pro
767 4378 1000 4446 peccato
1032 4391 1143 4430 non
1179 4376 1652 4448 postulasti,tunc
1675 4379 1829 4434 dixi:

1941 456 2191 512 bamus?
2224 458 2452 512 Nonum
2487 455 2853 528 privilegium
2884 453 3100 510 Christi
3131 457 3240 517 est,
3274 453 3428 524 quod
3459 456 3590 507 tan-

1939 549 2066 601 tum
2099 546 2278 601 semel
2310 563 2370 602 sc
2403 563 2504 618 pro
2537 545 2748 617 populo
2781 542 3166 610 offerens,Deo
3191 539 3344 596 Patri
3365 539 3588 596 satisfe-

1940 635 2207 692 cit.Unde
2238 640 2295 690 et
2327 635 2419 690 hic
2453 633 2834 706 subjungitur
2859 650 2870 687 :
2896 635 3000 688 Hoc
3029 634 3176 687 enim
3203 632 3331 703 fecit
3349 631 3514 685 semel
3533 645 3589 685 se

1939 724 2224 798 offerendo.
2263 725 2501 798 Legales
2534 723 2769 796 quidem
2801 721 3022 789 hostiae,
3059 721 3197 792 quia
3226 718 3588 774 insuf'ﬁcien-

1936 817 2046 881 tes,
2079 817 2136 869 et
2163 818 2394 868 tantum
2428 815 2637 868 umbra
2666 813 2996 867 futurorum
3027 813 3192 865 erant
3230 806 3590 879 multiplica-

1938 904 2154 959 bantur
2183 907 2238 958 et
2282 901 2578 958 multoties
2630 901 3010 968 iterabantur,
3040 898 3232 953 hostia
3277 913 3409 952 vero
3462 913 3587 968 quae

1938 993 2203 1048 Christus
2229 996 2334 1059 est,
2371 991 2509 1064 quia
2538 993 2858 1064 ﬁgurarum
2890 989 3102 1043 veritas
3135 991 3304 1054 est,et
3329 1003 3432 1057 pro
3462 1002 3590 1058 pec-

1939 1081 2082 1137 catis
2115 1079 2843 1151 omnium,prceteritorum
2873 1077 3092 1133 scilicet
3122 1080 3178 1131 et
3209 1073 3586 1147 praesentium

1938 1174 1994 1227 et
2024 1172 2374 1236 futurorum,
2410 1169 2708 1225 sufﬁciens
2741 1173 2846 1233 est,
2879 1157 2994 1222 non
3029 1161 3586 1236 iteratur,quoniam

1940 1284 1967 1310 ‹‹
2000 1260 2264 1316 Christus
2289 1275 2599 1331 resurgens
2629 1275 2662 1312 a
2694 1256 2941 1312 mortuis
2974 1258 3099 1327 jam
3151 1271 3265 1308 non
3317 1251 3584 1318 moritur,

1940 1366 2098 1406 mors
2129 1349 2210 1404 illi
2257 1348 2411 1404 ultra
2455 1365 2568 1403 non
2618 1344 3017 1402 dominabitur
3043 1345 3214 1412 (Rom.
3246 1343 3347 1412 v1).
3383 1362 3410 1390 »
3443 1339 3591 1408 Quia

1937 1443 2156 1508 tamen,
2190 1439 2398 1493 fratres
2430 1437 2564 1506 mei,
2602 1436 2651 1491 si
2682 1453 2796 1492 non
2831 1433 3232 1497 criminaliter,
3267 1434 3462 1486 tamen
3492 1439 3588 1484 ve-

1941 1527 2173 1582 nialiter
2229 1524 2627 1597 delinquimus
2685 1522 2960 1596 quotidie,
2995 1520 3247 1575 hostiam
3297 1516 3589 1590 passionis

1939 1615 2227 1672 Christiin
2248 1618 2612 1671 sacramento
2633 1613 3007 1677 iteramus,ut
3029 1607 3438 1682 quotidianum
3461 1607 3589 1676 ejus

1860 1739 1906 1802 B
1942 1703 2884 1776 sacramentum,quotidianorum
2917 1700 2992 1755 sit
3015 1713 3356 1754 exeessuum
3381 1712 3590 1768 purga-

1939 1794 2316 1850 mentum.Sit
2348 1810 2450 1866 pro
2482 1792 2790 1864 praeteritis
2822 1789 3048 1845 delictis
3074 1786 3346 1859 expiatio,
3367 1790 3422 1840 et
3453 1801 3589 1840 con-

1937 1889 2026 1940 tra
2056 1885 2252 1939 futura
2281 1882 2557 1938 viaticum
2590 1885 2646 1936 et
2676 1880 2978 1936 fortitudo.
3015 1877 3176 1944 Quod
3229 1875 3466 1947 quidem
3498 1874 3586 1944 fit,

1939 1974 1986 2030 si
2019 1973 2280 2046 quotidie
2312 1971 2500 2043 magis
2532 1987 2597 2026 ac
2627 1969 2816 2042 magis
2849 1969 3216 2033 innovamur,
3251 1963 3300 2020 si
3331 1962 3590 2035 quotidie

1939 2064 1998 2118 in
2033 2061 2244 2118 melius
2275 2059 2692 2133 proﬁcimus,si
2725 2057 3129 2113 obliviscentes
3161 2052 3500 2125 posteriora,
3515 2051 3588 2106 ad

1941 2153 2231 2209 anteriora
2262 2151 2451 2224 magis
2483 2167 2548 2205 ae
2582 2148 2770 2221 magis
2793 2165 2898 2203 nos
2927 2145 3318 2202 extendimus.
3352 2141 3514 2208 Quod
3538 2139 3587 2196 si

1941 2244 2013 2298 ad
2039 2241 2320 2298 vomitum
2355 2243 2621 2295 nostrum
2661 2238 2840 2310 (quod
2891 2237 3044 2291 Deus
3093 2231 3370 2304 avertat!)
3394 2245 3590 2286 rever-

1938 2332 2119 2387 timur
2145 2332 2220 2404 (ιι
2251 2335 2395 2385 Petr.
2429 2330 2514 2400 ιι),
2549 2327 2596 2382 si
2631 2327 2688 2381 in
2740 2331 2992 2382 stercore
3049 2327 3245 2377 nostro
3306 2318 3588 2392 putresci-

1939 2418 2362 2490 mus,talesque
2387 2419 2456 2472 ad
2482 2417 2662 2472 altare
2695 2411 3195 2482 acccdimus,quid
3229 2408 3386 2465 aliud
3410 2424 3588 2480 quam

1939 2511 2010 2564 ad
2045 2509 2413 2565 instar-Juda:
2436 2505 2748 2578 proditoris
2767 2502 3058 2574 judicium
3082 2499 3253 2556 nobis
3277 2498 3590 2554 manduca-

1939 2615 2072 2654 mus
2094 2601 2149 2653 et
2179 2597 2476 2652 bibimus?
2491 2593 3034 2666 Propterea,fratres
3065 2589 3200 2656 mei,
3235 2603 3427 2643 mores
3459 2603 3595 2643 nos-

1939 2693 2061 2744 tros
2091 2687 2475 2758 corrigamus,
2500 2682 2773 2755 laerymis
2805 2678 3156 2754 pmnitentiae
3188 2693 3464 2732 excessus
3495 2692 3591 2730 no-

1940 2781 2091 2832 stros
2151 2774 2468 2840 diluamus,
2495 2771 2761 2844 jejuniis,
2797 2769 3160 2825 orationibus
3209 2769 3264 2822 et
3313 2763 3587 2838 operibus

1941 2863 2349 2920 misericordiae
2383 2861 2749 2927 insistemus,
2779 2858 2977 2914 omnia
3007 2858 3228 2912 caduca
3259 2858 3593 2911 contemna-

1941 2971 2094 3022 mus,
2130 2954 2200 3008 ad
2234 2954 2417 3008 Deum
2449 2954 2566 3007 toto
2599 2949 2770 3004 corde
2797 2952 2853 3003 et
2884 2945 3171 3001 desiderio
3223 2942 3586 3010 festinemus,

1941 3042 2222 3116 populum
2255 3041 2555 3107 Dei,verbo
2577 3043 2633 3094 et
2661 3035 2923 3108 exemplo
2955 3050 3190 3106 pascere
3220 3032 3588 3096 studeamus,

1940 3136 2064 3188 tum
2095 3148 2240 3204 pura
2286 3128 2662 3193 conscientia,
2696 3125 3050 3196 mundisque
3100 3121 3371 3177 manibus
3403 3120 3474 3176 ad
3505 3117 3587 3174 al-

1941 3227 2062 3278 tare
2093 3223 2527 3276 sacrosanctum
2561 3216 2928 3280 accedamus,
2959 3227 3265 3284 quousque
3305 3207 3467 3281 digni
3495 3207 3586 3263 in-

1939 3315 2288 3366 tercessores
2327 3311 2384 3363 et
2434 3305 2782 3361 mediatores
2840 3301 3036 3374 populi
3090 3301 3162 3356 ad
3223 3299 3406 3354 Deum
3457 3311 3584 3352 esse

1941 3415 2291 3465 mereamur,
2328 3399 2636 3469 praestante
2677 3393 2800 3464 ipso
2851 3407 3084 3448 summo
3134 3387 3452 3443 mediatore
3483 3383 3586 3441 Dei

1941 3492 1997 3543 et
2025 3487 2333 3543 hominum
2365 3486 2503 3541 Jesu
2535 3482 2765 3538 Christo
2797 3480 3043 3536 Domino
3075 3481 3293 3541 nostro,
3323 3474 3421 3548 qui
3453 3490 3589 3530 cum

1942 3577 2109 3632 Patre
2137 3580 2192 3631 et
2217 3574 2435 3648 Spiritu
2469 3576 2670 3629 sancto
2701 3569 2838 3626 vivit
2871 3573 2927 3626 et
2950 3571 3151 3641 regnat
3172 3566 3326 3621 Deus
3350 3581 3453 3637 per
3471 3579 3593 3619 om-

1941 3665 2038 3721 nia
2067 3664 2279 3720 szecula
2308 3661 2675 3720 szeculorum.
2709 3661 2911 3715 Amen.

2664 3767 2852 3822 XXVI.

2191 3859 2360 3898 UNIUS
2399 3856 2796 3896 CONFESSORIS.
2839 3854 3023 3893 SERMO
3063 3852 3134 3890 DE
3172 3851 3334 3889 LUCA.

2010 3935 2165 3989 Dixit
2193 3937 2352 3989 Jcsus
2381 3931 2672 4002 discipulis
2702 3930 2852 3984 suis:
2876 3929 3003 3984 Sint
3033 3924 3208 3980 lumbi
3245 3923 3409 3977 vestri
3435 3935 3586 3992 prae-

1941 4023 2124 4088 cincti,
2158 4029 2206 4078 et
2238 4022 2473 4076 lucerna:
2508 4019 2754 4073 ardentes
2802 4019 2863 4070 iu
2905 4016 3159 4070 manibus
3209 4012 3400 4066 vestris
3430 4010 3581 4078 (Luc.

1941 4113 2062 4183 xu),
2094 4114 2149 4165 et
2179 4109 2418 4182 reliqua.
2444 4106 2726 4178 Bipartita
2755 4110 2842 4160 est
2872 4104 2993 4158 haec
3023 4101 3427 4169 lectio,fratres
3458 4097 3589 4154 cha-

1943 4197 2452 4255 rissimi.Primum
2474 4194 2627 4252 enim
2661 4192 2914 4250 ostendit
2941 4191 3222 4246 Dominus
3244 4187 3496 4261 qualiter
3515 4187 3588 4243 ad

1944 4289 2260 4344 adventum
2285 4286 2414 4357 ejus
2446 4301 2551 4339 nos
2577 4297 2899 4354 praeparare
2950 4281 3287 4336 debeamus.
3321 4277 3589 4333 Secundo

1945 4391 2126 4449 quare
2157 4391 2386 4446 semper
2415 4371 2732 4428 debeamus
2761 4367 3202 4440 vigilare.Porro
3235 4365 3489 4437 qualiter
3517 4364 3590 4419 ad

185 4459 331 4516 Ecce
381 4459 547 4516 venio
601 4462 768 4533 (Psal.
804 4463 1010 4535 χχχιχ).
1046 4487 1074 4514 ››
1107 4465 1223 4520 Nos
1269 4470 1464 4521 autem
1522 4469 1835 4541 evangelici
1868 4480 1912 4545 ί)
1946 4467 2259 4522 adventum
2293 4463 2421 4533 ejus
2448 4477 2553 4516 nos
2586 4460 2903 4515 debeamus
2933 4470 3277 4528 praeparare,
3311 4453 3588 4522 ostendit,

187 4549 540 4617 sacerdotes,
576 4567 689 4605 non
720 4549 942 4608 alienas
971 4552 1194 4609 hostias
1233 4555 1552 4625 offerimus,
1588 4558 1687 4613 sed
1737 4558 1837 4613 ho-

188 4635 366 4694 etiam
398 4639 690 4710 passionis
721 4639 935 4697 Christi
967 4641 1227 4713 quotidie
1258 4643 1318 4698 in
1350 4652 1713 4702 sacramento
1737 4647 1839 4702 rei-

185 4728 468 4796 teramus,
491 4728 661 4798 juxta
704 4729 858 4800 quod
913 4729 1037 4802 ipse
1089 4731 1257 4788 nobis
1306 4733 1575 4806 prmoepit
1609 4752 1620 4789 :
1657 4758 1684 4784 «
1717 4740 1836 4791 Hoc

190 4812 362 4870 facite
419 4815 480 4870 in
548 4833 738 4872 meam
806 4821 1418 4877 commemorationem
1479 4823 1626 4894 (Luc.
1686 4839 1836 4892 xxu;

187 4902 217 4960 1
244 4903 365 4959 Cor.
398 4903 496 4976 ιι).
535 4927 563 4954 ››
595 4907 779 4971 Quam
811 4907 1015 4980 utique
1045 4906 1298 4964 hostiam
1326 4909 1478 4967 sicut
1514 4911 1838 4968 carnalium

184 4993 588 5049 membrorum
625 4999 960 5052 nostrorum
993 4997 1386 5068 crueiﬁxione,
1412 5017 1544 5056 cum
1567 5019 1702 5058 vera
1723 5019 1841 5057 eor-

185 5080 280 5138 dis
338 5082 706 5152 contritione,
740 5101 874 5141 cum
921 5087 1142 5142 fervida
1193 5087 1493 5145 charitatis
1543 5091 1841 5146 devotione

185 5173 303 5227 Deo
336 5171 659 5242 offerimus,
691 5173 943 5230 hostiam
971 5175 1172 5250 procul
1221 5177 1400 5232 dubio
1449 5179 1564 5234 Deo
1609 5180 1842 5252 placen-

185 5261 304 5316 tem
353 5276 458 5331 pro
508 5262 724 5318 nostris
791 5261 1158 5338 aliorumque
1216 5266 1468 5337 peccatis
1520 5269 1838 5324 offerimus.

189 5347 355 5414 Quod
387 5348 437 5402 si
469 5347 529 5404 in
563 5353 784 5423 peccati
814 5357 1104 5411 vetustate
1145 5355 1322 5427 (quod
1375 5360 1524 5411 Deus
1566 5357 1840 5428 avertat!)

188 5442 559 5496 remanentes
594 5457 804 5498 novam
835 5442 1050 5498 Christi
1083 5443 1361 5510 hostiam,
1389 5445 1693 5501 immunda
1715 5463 1846 5501 con-

191 5524 1006 5602 scientia,pollutisquelabiis
1019 5531 1360 5590 etmanibus
1374 5533 1843 5606 oﬁ‘erimus,quid

1945 4573 2080 4611 cum
2113 4553 2313 4609 subdit
2343 4552 2544 4607 dicens
2578 4567 2590 4604 :
2617 4551 2741 4605 Sint
2771 4548 2946 4602 lumbi
2977 4546 3142 4600 vestri
3168 4543 3589 4616 pravcirwti,etc.

1949 4644 2050 4699 His
2080 4640 2290 4708 verbis,
2327 4641 2532 4695 fratres
2563 4637 2697 4702 mei,
2733 4652 2836 4690 nos
2869 4637 3058 4688 armat
3085 4631 3369 4687 Dominus
3393 4633 3594 4684 contra

1950 4731 2106 4787 mala
2133 4731 2260 4786 vitae
2293 4727 2614 4802 priesentis,
2649 4741 2773 4797 quae
2824 4727 2963 4779 sunt
3010 4722 3140 4777 tria.
3176 4721 3274 4775 Est
3315 4717 3470 4775 enim
3501 4717 3596 4772 via

1947 4820 2126 4892 hujus
2159 4817 2459 4892 praesentis
2490 4817 2614 4870 vitae
2646 4806 3592 4886 temporalis,1ubrica,tenebrosa,

1949 4909 2183 4965 insidiis
2232 4907 2422 4980 plena.
2460 4905 2728 4967 Lubrica,
2761 4903 2900 4975 quia
2948 4917 3050 4974 per
3099 4897 3476 4971 fragilitatem
3519 4895 3593 4950 ad

1950 4998 2312 5072 peccandum
2341 5011 2554 5068 prona;
2583 4989 3056 5062 tenebrosa,quia
3080 5004 3180 5060 per
3201 4983 3595 5058 ignorantiam

1952 5070 2132 5154 caeca;
2165 5085 2397 5141 insidiis
2429 5081 2765 5155 plena,quia
2790 5097 2892 5152 per
2913 5077 3261 5134 tentationes
3293 5070 3596 5130 diabolicis

1954 5176 2258 5232 fraudibus
2290 5173 2696 5242 circumsepta.
2732 5170 2894 5225 Unde
2939 5171 3142 5223 contra
3187 5163 3465 5235 reprobos
3495 5176 3599 5232 per

1955 5264 2324 5320 Psalmistam
2352 5259 2566 5314 dicitur
2593 5277 2604 5314 :
2642 5282 2668 5308 «
2704 5259 2830 5314 Fiat
2858 5257 2950 5311 via
2981 5255 3218 5310 illorum
3261 5251 3512 5307 tenebrae
3543 5252 3600 5304 et

1952 5354 2329 5412 1ubricum,et
2359 5349 2601 5421 angelus
2637 5347 2860 5403 Domini
2895 5359 3254 5417 persequens
3294 5357 3392 5396 eos
3426 5338 3596 5410 (Psal.

1952 5443 2162 5508 xxxrv).
2191 5462 2216 5489 υ
2251 5439 2464 5494 Contra
2489 5437 2667 5511 igitur
2697 5434 3091 5491 lubricitatem
3124 5431 3304 5502 hujus
3333 5428 3464 5483 vitae
3495 5440 3603 5480 nos

1956 5536 2146 5590 armat
2177 5527 2479 5594 Dominus,
2501 5543 2634 5583 cum
2667 5525 2948 5589 dieit,sin.t
2971 5523 3144 5580 lumbi
3171 5518 3338 5575 vestri
3365 5514 3604 5589 praecin-
