3988 6074
131 349 134 352 ’
181 337 344 403 1593
1318 330 1695 398 HOMILIIE.
1729 330 1911 394 —Il.
1961 330 2062 393 DE
2109 325 2460 394 SANCTIS.
3441 307 3600 384 1394

177 473 430 532 tentiam
462 470 974 546 procrastinantes,
990 474 1090 527 aut
1113 488 1144 527 a
1167 474 1350 526 morte
1377 466 1830 542 praeveniantur,
1862 466 1915 533 Α
1945 465 2313 539 aliquantulo
2337 471 2596 538 tempore
2628 462 2817 520 adhuc
2837 460 3129 518 victurum
3152 473 3216 516 se
3237 473 3353 513 non
3385 455 3598 529 speret.

178 571 286 622 aut
317 583 351 620 a
380 562 696 636 cupiditate
742 561 1164 635 impediuntur.
1220 558 1364 615 Audi
1409 558 1789 613 Salomonem
1824 572 1837 610 :
1951 559 2020 613 Et
2051 559 2132 613 ita
2162 556 2354 612 omnis
2384 557 2559 611 homo
2594 555 2842 609 moritur
2871 551 2931 607 in
2966 555 3248 622 tempore,
3284 546 3342 602 in
3374 562 3490 618 quo
3540 560 3602 600 se

182 679 211 705 «
237 655 321 710 Ne
353 653 566 720 tardes,
595 651 807 724 inquit,
835 649 1088 706 converti
1112 651 1183 705 ad
1213 650 1489 714 Deum,et
1512 664 1581 700 ne
1605 645 1843 700 differas
1955 646 2308 701 moriturum
2359 662 2473 700 non
2524 643 2938 699 arbitrabatur.
2973 640 3084 695 Sed
3136 654 3243 693 nos
3293 651 3524 706 semper
3553 632 3602 689 si

183 745 258 800 de
289 743 381 799 die
415 743 470 796 in
505 741 677 796 diem.
712 741 912 796 Subito
954 739 1108 794 enim
1158 738 1346 793 veniet
1395 736 1481 791 ira
1511 735 1660 806 ejus,
1697 738 1752 789 et
1783 734 1843 788 in
1953 736 2288 808 vigilamus,
2324 735 2373 789 si
2419 750 2650 806 semper
2701 731 2885 804 parati
2939 745 3167 794 sumus,
3221 722 3521 799 praeveniri
3571 741 3606 778 ιι

184 838 451 904 tempore
500 830 766 886 vindicta
821 829 1118 900 disperdat
1148 832 1203 881 te
1237 827 1418 899 (Eccli.
1454 826 1527 897 v).
1568 848 1593 872 ››
1627 825 1694 878 Et
1726 841 1848 878 rur-
1956 829 2142 880 morte
2175 842 2288 878 non
2312 822 2940 892 valemus.Propterea,
2970 819 3178 873 fratres
3212 814 3346 881 mei,
3376 829 3606 884 semper

188 939 326 979 sum
362 939 376 976 ε
414 944 440 971 ‹‹
473 921 554 976 Ne
587 918 1078 992 adjicias,inquit,
1108 923 1410 989 peccatum
1444 932 1620 986 super
1652 930 1848 986 pecca-

189 1016 325 1068 tum
351 1028 362 1065 :
388 1015 446 1066 et
467 1026 539 1066 ne
561 1009 739 1075 dicas,
757 1007 1052 1064 Miseratio
1075 1005 1174 1062 Dei
1198 1022 1430 1076 magna,
1451 1002 1847 1058 multitudinis

192 1105 568 1174 peccatorum
590 1114 852 1153 meorum
877 1093 1675 1152 miserebitur.Misericordia
1691 1090 1847 1147 enim

193 1195 254 1246 et
289 1189 374 1244 ira
402 1189 474 1243 ab
507 1186 604 1243 illo
638 1187 750 1242 cito
785 1185 1285 1258 appreximant,et
1315 1200 1491 1255 super
1521 1185 1850 1254 peceatores

196 1278 440 1351 respicit
467 1278 553 1332 ira
583 1277 710 1348 ejus
739 1276 944 1347 (ibid.).
975 1298 1001 1323 ››
1025 1275 1251 1338 Quanto
1284 1272 1499 1345 quippe
1522 1287 1677 1326 nunc
1700 1275 1850 1325 Deus

197 1385 308 1424 nos
339 1370 627 1438 exspectet
657 1364 864 1437 majori
898 1362 1541 1436 longanimitate,tanto
1575 1361 1632 1415 in
1658 1361 1851 1414 futuro

199 1456 411 1529 majori
471 1454 663 1511 saaviet
712 1453 1033 1509 severitate.
1073 1451 1215 1507 Hine
1266 1451 1486 1506 Paulus
1544 1450 1623 1504 ait
1659 1466 1670 1505 ;
1705 1472 1731 1498 ‹‹
1771 1449 1850 1502 An

198 1547 436 1620 ignoras
459 1542 739 1617 quoniam
770 1541 1102 1615 benignitas
1138 1540 1233 1595 Dei
1264 1541 1335 1595 ad
1365 1537 1767 1611 pmnitentiam
1798 1541 1853 1591 te

197 1635 478 1691 adducit?
509 1633 842 1689 Secundum
876 1630 1154 1686 duritiam
1183 1634 1342 1684 tuam
1373 1633 1429 1683 et
1458 1645 1556 1682 cor
1586 1624 1852 1697 impaeni-

198 1729 351 1791 tens,
377 1722 738 1779 thesaurizas
768 1721 874 1776 tibi
908 1721 1054 1779 iram
1087 1719 1145 1774 in
1180 1719 1271 1774 die
1293 1718 1389 1773 iraa
1413 1722 1469 1773 et
1490 1715 1854 1772 revelationis

194 1811 347 1886 justi
386 1811 596 1882 judieii
648 1810 749 1865 Dei
783 1811 956 1878 (Rom.
992 1808 1073 1879 ιι).
1107 1831 1135 1858 ››
1172 1807 1315 1863 Hinc
1363 1805 1673 1862 Psalmista
1727 1803 1806 1858 ait
1839 1819 1852 1858 :
1887 1844 1934 1908 B

204 1926 231 1952 «
269 1903 422 1956 Deus
446 1900 888 1970 judex,justus,
917 1898 1083 1954 fortis
1113 1902 1171 1954 et
1209 1896 1439 1970 patiens
1472 1896 1640 1966 (Psal.
1674 1893 1791 1965 v11).
1828 1914 1855 1941 »

206 1990 483 2046 Dicturus
504 1989 733 2060 patiens
753 1987 1251 2059 praemisitjustus
1268 2003 1280 2040 :
1299 1984 1574 2057 quoniam
1589 1983 1688 2055 qui
1705 1997 1857 2036 nunc

208 2082 504 2150 exspectat
535 2075 980 2151 patientissime,
1006 2075 1065 2130 in
1089 2074 1313 2146 judicio
1347 2074 1542 2128 futuro
1567 2071 1861 2144 judicabit

212 2167 548 2224 durissima.
576 2167 718 2222 Hinc
737 2165 980 2238 Sapiens
1008 2169 1205 2221 monet
1233 2182 1243 2219 :
1274 2187 1300 2213 ‹‹
1322 2163 1404 2219 Ne
1427 2163 1585 2217 dicas
1609 2161 1666 2216 in
1690 2160 1860 2214 corde

212 2261 314 2312 tuo
347 2274 360 2312 :
395 2255 699 2324 «Peccavi;
724 2260 781 2310 et
810 2255 950 2327 quid
983 2255 1196 2310 accidit
1227 2251 1400 2308 mihit
1421 2251 1620 2306 triste?
1647 2249 1862 2304 Altissi-

215 2364 350 2402 mus
376 2345 532 2401 enim
563 2350 651 2400 est
681 2345 908 2417 patiens
938 2343 1195 2398 redditor
1228 2343 1415 2414 (Eccli.
1448 2341 1563 2410 v).n
1586 2338 1861 2404 Quamvis

213 2436 372 2492 enim
421 2451 575 2491 nunc
629 2434 914 2506 patienter
970 2437 1280 2504 exspectet,
1316 2436 1511 2486 tamen
1564 2430 1620 2483 in
1665 2429 1861 2483 futuro

215 2525 533 2596 unicuique
580 2540 682 2596 pro
725 2522 950 2578 meritis
999 2522 1220 2577 reddet.
1255 2521 1415 2588 Quod
1475 2537 1606 2575 vero
1639 2517 1861 2573 malum

173 2612 571 2671 Vdormientes
630 2612 971 2678 sortiantur,
1003 2610 1279 2679 ostendit,
1331 2627 1465 2665 cum
1525 2607 1863 2682 parabolam

216 2704 433 2772 subdit,
468 2703 668 2759 dicens
704 2719 714 2756 :
751 2703 892 2758 Illud
939 2709 1120 2756 autem
1167 2702 1350 2756 scitote
1405 2700 1556 2771 quia,
1596 2699 1648 2753 si
1703 2699 1864 2752 sciret

211 2793 616 2868 paterfamilias
647 2809 755 2864 qua
793 2793 928 2847 hora
972 2794 1068 2862 fur
1099 2792 1322 2856 veniret,
1356 2789 1610 2861 vigilaret
1656 2788 1860 2857 utique,

175 2891 178 2893 λ
216 2891 268 2940 et
297 2899 406 2939 non
433 2884 636 2938 sineret
658 2881 872 2953 perfodi
900 2880 1121 2935 domum
1149 2895 1326 2934 suam.
1346 2879 1416 2933 Et
1443 2881 1532 2932 est
1554 2891 1866 2949 argumen-

218 2977 345 3028 tum
380 2989 413 3027 a
443 2970 677 3026 minori.
693 2969 923 3037 Nam,si
947 2968 1160 3041 aliquis
1178 2966 1595 3040 paterfamilias
1612 2983 1714 3037 pro
1737 2981 1868 3018 con-

221 3061 544 3120 servatione
578 3060 788 3115 domus
822 3076 959 3125 suae,
995 3077 1122 3130 quae
1155 3057 1355 3129 utique
1385 3055 1516 3111 vilis
1547 3059 1602 3109 et
1650 3053 1869 3108 caduca

225 3156 332 3219 est,
365 3150 587 3222 vigilat,
619 3154 838 3221 quanto
890 3147 1078 3218 magis
1129 3145 1536 3216 unusquisque
1583 3147 1865 3209 vestrum,

1955 913 2015 969 in
2048 913 2218 969 bonis
2241 912 2514 984 operibus
2545 909 2874 984 vigilemus,
2910 922 3140 978 semper
3171 902 3254 959 ad'
3288 900 3604 957 instantem

1958 1008 2203 1059 mortem
2239 1018 2649 1074 praeparemur.
2668 999 2906 1054 Peccata
2940 999 3141 1050 nostra
3165 991 3437 1063 lacrymis
3459 1007 3606 1044 verae

1958 1092 2309 1165 pmnitentiae
2342 1090 2661 1160 diluamus,
2693 1092 2750 1144 et
2782 1086 3060 1158 operibus
3092 1079 3503 1137 misericordia
3528 1094 3610 1133 re-

1959 1182 2276 1236 dimamus.
2328 1179 2601 1252 Jejuniis,
2634 1175 3018 1241 orationibus,
3053 1169 3388 1240 caaterisque
3441 1165 3609 1222 bonis

1959 1268 2233 1342 operibus
2285 1251 2652 1323 insistemus.
2688 1265 2941 1319 Lucrum
2993 1262 3269 1330 putemus
3321 1251 3608 1326 quidquid

1961 1341 2063 1432 pro
2097 1360 2234 1424 Deo,
2255 1357 2543 1429 quidquid
2566 1371 2670 1428 pro
2696 1351 3006 1408 animabus
3031 1345 3245 1402 nostris
3267 1341 3611 1432 expenditur

1961 1431 2016 1506 et
2044 1453 2250 1505 caetera
2271 1446 2470 1503 omnia
2491 1444 2712 1500 amissa
2734 1443 3090 1512 reputemus.
3108 1436 3258 1491 Dum
3278 1449 3434 1488 nunc
3454 1431 3608 1498 licet,

1962 1540 2355 1611 quodcunque
2387 1537 2628 1600 bonum,
2662 1532 3053 1605 quodcunque
3075 1538 3392 1598 possumus
3413 1535 3611 1593 opere-

1963 1609 2123 1695 mur;
2150 1627 2427 1698 quoniam
2460 1626 2579 1696 iam
2611 1621 2792 1678 aderit
2826 1615 3148 1689 tempus,in
3181 1629 3296 1686 quo
3318 1609 3464 1666 nihil
3486 1624 3616 1682 ope-

1965 1718 2045 1773 ris
2069 1696 2254 1772 facere
2278 1714 2620 1787 poterimus.
2636 1712 2945 1782 Propterea
2967 1704 3240 1760 Salomon
3265 1701 3347 1755 ait
3370 1716 3384 1755 :
3409 1696 3615 1764 «Quid-

1966 1807 2106 1878 quid
2139 1809 2330 1878 potest
2374 1819 2590 1866 ,manus
2637 1805 2741 1855 tua
2783 1798 2994 1862 facere,
3025 1794 3310 1849 instanter
3355 1803 3612 1860 operare,

1968 1875 2248 1968 quoniam
2302 1910 2404 1948 nec
2453 1908 2620 1963 opus,
2677 1905 2780 1943 nec
2826 1885 2994 1952 ratio,
3041 1898 3147 1937 nec
3205 1875 3466 1944 scientia,
3511 1890 3616 1930 nec

1968 1963 2257 2057 sapientia
2288 1986 2374 2038 est
2405 1980 2558 2053 apud
2594 1978 2831 2043 inferos,
2866 1991 2980 2048 quo
3012 1977 3075 2028 tu
3116 1983 3392 2042 properas
3421 1963 3613 2057 (Docte.

1968 2075 2068 2144 1x).
2107 2097 2126 2122 υ
2163 2077 2386 2144 Itaque,
2422 2070 2629 2125 fratres
2689 2066 2824 2126 mei.
2861 2080 2974 2118 non
3034 2065 3402 2116 transeamus
3461 2053 3617 2108 diem

1969 2179 2157 2235 neque
2188 2140 2391 2216 horam
2425 2159 2693 2213 otiosam.
2713 2157 2858 2210 Tota
2877 2148 3149 2223 cogitatio
3178 2140 3616 2212 nostra,locutio

1969 2257 2025 2307 et
2055 2232 2312 2324 operatio
2365 2249 2436 2304 ad
2488 2245 2743 2302 ewlestia
2800 2242 3059 2297 tendant.
3094 2236 3239 2293 Illuc
3288 2232 3617 2324 vigilantes,

1973 2321 2110 2394 illuc
2170 2336 2546 2401 dormientes,
2578 2338 2698 2388 toto
2747 2348 2882 2387 cum
2940 2326 3227 2383 desiderio
3283 2321 3618 2387 tendamus,

1972 2431 2261 2501 quatenus
2290 2426 2548 2490 tandem,
2584 2421 2802 2478 sanctis
2837 2412 3360 2474 intervenientibus
3405 2407 3619 2481 quibus

1971 2517 2146 2573 hodie
2203 2514 2678 2578 solemnizamus,
2711 2509 2848 2566 illuc
2902 2503 3202 2580 pervenire
3262 2513 3616 2556 mereamur.

1971 2608 2174 2663 Amen.

2683 2689 2901 2746 XXVII.

2130 2802 2291 2841 UNIUS
2330 2798 2699 2839 CONFESSOHIS
2737 2797 2838 2835 NON
2877 2792 3136 2832 EPISCOPI.
3178 2789 3356 2830 SERMO
3396 2786 3465 2825 DE

2542 2870 2701 2908 ΜΒΒο
2740 2865 3052 2906 ΒΔΡΙΕΝΤῙᾸΞ.

2045 2964 2281 3020 Dilectus
2315 2964 2415 3018 Deo
2445 2969 2495 3018 et
2523 2958 2852 3016 hominibus.
2885 2962 3078 3013 Beatus
3129 2952 3277 3007 enim
3321 2947 3477 3020 cujus
3503 2961 3622 3003 me-

1975 3054 2153 3108 moria
2187 3055 2241 3108 in
2277 3052 2640 3108 benedictione
2668 3055 2745 3103 est
2772 3043 3241 3120 (Eccli.x1.v),etc.
3273 3037 3378 3092 His
3406 3035 3622 3107 verbis,

1980 3143 2187 3198 fratres
2218 3139 2570 3209 charissimi,
2605 3135 2975 3193 commendat
3003 3133 3174 3188 Jesus
3218 3127 3375 3183 ﬁlius
3420 3123 3622 3182 Sirach

227 3241 434 3296 fratres
463 3237 596 3306 mei,
618 3255 720 3310 pro
744 3235 1178 3292 conservatione
1210 3233 1416 3290 animae
1448 3251 1587 3300 sum,
1609 3250 1735 3304 qua:
1755 3231 1868 3285 uti-
1900 3217 1942 3283 Ο
1983 3232 2220 3304 Moysen
2251 3227 2664 3303 legislatorem.
2698 3227 2830 3290 Quae
2862 3222 3056 3288 verba,
3087 3216 3364 3292 quoniam
3413 3229 3623 3270 conve-

229 3346 343 3402 que
374 3327 628 3400 pretiosa
649 3329 705 3382 et
735 3331 946 3382 aeterna
977 3329 1083 3389 est,
1102 3325 1272 3379 debet
1293 3324 1579 3378 instanter
1597 3321 1874 3393 vigilare?

230 3417 471 3490 Mystice
499 3433 631 3472 vero
663 3416 770 3470 iste
801 3412 1222 3486 paterfamilias
1261 3416 1349 3468 est
1386 3412 1621 3466 animus
1654 3415 1870 3477 noster,

231 3507 330 3579 qui
362 3506 419 3560 in
452 3503 747 3561 domicilio
775 3501 1090 3573 corporalis
1120 3499 1497 3556 habitationis
1547 3499 1873 3554 dominium

229 3596 406 3650 habet
436 3592 670 3667 regendi
703 3597 758 3647 et
788 3589 1148 3663 providendi.
1183 3590 1285 3645 Hic
1335 3589 1491 3644 enim
1541 3606 1676 3644 cum
1722 3605 1755 3642 a
1783 3587 1874 3642 sui

232 3682 502 3738 custodia
529 3697 632 3752 per
659 3679 928 3736 inertiam
963 3679 1176 3734 dormit
1204 3678 1264 3732 in
1297 3677 1571 3750 peccatis,
1590 3675 1766 3744 fur,id
1788 3679 1876 3730 est

233 3787 392 3826 mors
448 3769 642 3826 subita
699 3773 755 3824 et
803 3767 1118 3842 improvisa
1166 3785 1293 3840 qua:
1337 3767 1512 3834 venit,
1547 3770 1604 3822 et
1633 3767 1875 3821 domum

231 3857 547 3932 corporalis
596 3857 974 3914 habitationis
1033 3856 1302 3929 perfodit,
1357 3856 1745 3928 spiritumque
1803 3855 1874 3909 ad

230 3948 664 4005 damnationem
696 3946 808 4002 cito
839 3947 1010 4019 rapit.
1060 3949 1362 4010 Czeterum,
1396 3944 1444 4000 si
1491 3946 1724 4000 animus
1773 3960 1877 3998 no-

231 4042 350 4094 ster
397 4041 643 4110 saperet,
677 4035 961 4109 vigilaret,
984 4035 1355 4107 vigilansque
1403 4033 1612 4099 furem,
1648 4033 1705 4088 id
1767 4036 1876 4098 est,

233 4130 479 4182 mortem
524 4128 886 4197 pracaveret,
940 4141 1043 4179 nec
1102 4123 1152 4179 ei
1212 4140 1370 4178 mors
1446 4126 1697 4190 noceret,
1763 4121 1878 4176 imo

232 4215 425 4288 potius
456 4215 777 4287 prodesset,
813 4213 952 4268 dum
983 4229 1085 4284 per
1113 4229 1240 4267 eam
1283 4228 1398 4266 non
1431 4212 1498 4265 ad
1553 4211 1879 4266 damnatio-

235 4304 503 4370 nem,sed
541 4303 738 4375 potius
768 4303 841 4357 ad
871 4303 1050 4357 vitam
1083 4307 1358 4356 aeternam
1384 4299 1687 4354 introitum
1710 4299 1880 4353 habe-

234 4398 338 4449 ret.
375 4393 548 4448 Porro
580 4395 890 4464 postquam
920 4389 1041 4444 De“:
1069 4387 1204 4444 inus
1235 4388 1656 4444 demonstravit
1704 4403 1882 4458 quare

236 4482 311 4539 sit
341 4481 509 4537 nobis
542 4479 926 4554 vigilandum,
962 4477 1171 4533 deinde
1195 4494 1374 4549 quare
1405 4493 1634 4548 semper
1673 4475 1882 4530 debea-

1984 3303 2154 3377 niunt
2183 3321 2359 3377 etiam
2392 3318 2486 3374 isti
2530 3316 2782 3391 gloriose
2830 3309 3169 3377 confessori,
3200 3307 3292 3363 cui
3326 3303 3498 3360 hodie
3528 3320 3625 3359 so-

1983 3411 2392 3477 lemnizamus,
2417 3408 2545 3463 ideo
2577 3403 2985 3462 convenienter
3012 3398 3114 3454 illa
3143 3399 3202 3452 in
3233 3397 3363 3468 ejus
3391 3392 3626 3449 laudem

1983 3501 2156 3556 hodie
2171 3496 2946 3554 recitamus.Enumerantur
2959 3494 3155 3544 autem
3177 3485 3270 3540 hic
3293 3481 3627 3557 quindecim

1983 3590 2204 3663 gratiae,
2235 3587 2450 3659 quibus
2508 3585 2714 3640 beatus
2774 3583 2999 3653 Moyses
3048 3577 3211 3643 olim,
3241 3578 3297 3629 et
3336 3588 3492 3628 nunc
3521 3569 3630 3626 iste

1985 3660 2284 3736 confessor
2329 3676 2649 3732 hodiernus
2699 3669 3114 3744 supereminet.
3151 3663 3406 3720 Primam
3452 3660 3631 3735 igitur

1984 3768 2232 3842 gratiam
2265 3764 2585 3838 ponit,cum
2621 3760 2794 3816 dicit:
2819 3759 3050 3815 Dilectus
3078 3758 3184 3812 Deo
3216 3761 3268 3810 et
3297 3751 3626 3809 hominibus.

1986 3841 2161 3914 Porro
2211 3855 2308 3911 alii
2359 3857 2496 3909 sunt
2544 3851 2738 3907 dilecti
2769 3845 3129 3913 hominibus,
3163 3847 3218 3900 et
3250 3860 3367 3899 non
3407 3841 3543 3906 Deo,
3575 3841 3633 3894 et

1988 3946 2126 4002 mali
2158 3942 2438 4002 sunt.Alii
2471 3943 2608 3996 sunt
2630 3937 2820 3995 dilecti
2841 3937 2956 3994 Deo
2974 3940 3030 3992 et
3051 3932 3474 3997 hominibus,et
3495 3926 3631 3983 boni

1989 4040 2128 4092 sunt
2156 4033 2344 4088 valde.
2378 4031 2625 4094 Quidam
2653 4027 2812 4083 enim
2844 4025 2993 4100 grati
3018 4028 3179 4088 sunt,
3212 4038 3329 4076 non
3358 4019 3498 4085 Deo,
3530 4017 3631 4072 sed

1987 4123 2476 4193 hominibus,per
2521 4116 2974 4173 assentationem
3019 4117 3076 4168 et
3128 4107 3544 4172 adulationem,
3577 4108 3634 4160 et

1990 4213 2130 4268 mali
2159 4211 2412 4267 sunt.De
2443 4207 2659 4280 quibus
2691 4205 2937 4261 dicitur:
2968 4226 2996 4252 ‹‹
3029 4201 3136 4268 Qui
3159 4197 3499 4255 hominibus
3521 4193 3637 4267 pla-

1991 4306 2120 4359 cent
2153 4298 2377 4356 confusi
2410 4301 2567 4364 sunt,
2603 4294 2879 4367 quoniam
2919 4294 3066 4348 Deus
3098 4289 3314 4363 sprevit
3343 4303 3442 4343 eos
3465 4283 3631 4357 (Psal.

1992 4393 2146 4464 1.11).»
2179 4389 2466 4456 Quoniam
2500 4402 2630 4441 vero
2663 4382 2812 4455 grati
2845 4387 2982 4437 sunt
3011 4381 3126 4436 Deo
3149 4395 3250 4451 per
3281 4373 3634 4432 munditiam

1992 4481 2226 4546 mentis,
2246 4476 2587 4534 hominibus
2609 4477 2802 4529 autem
2823 4469 3130 4542 displicent
3151 4470 3385 4540 propter
3405 4476 3636 4516 morum

237 4587 369 4626 IDUS
424 4569 659 4642 vigilare
709 4568 985 4632 Ostendit,
1020 4584 1153 4621 cum
1205 4565 1404 4620 SUbdit
1438 4582 1450 4619 ε
1479 4567 1543 4619 Εἰ
1592 4581 1678 4620 U08
1725 4572 1885 4621 ε’δίοω
1918 4589 1960 4652 D
1994 4570 2348 4643 rigiditatem
2382 4573 2438 4622 et
2469 4562 2906 4620 correctionem.
2941 4582 2967 4607 «
3000 4558 3078 4612 De
3110 4570 3360 4628 quorum
3394 4565 3636 4606 numero

231 4660 710 4732 parati,quia,qu.a
729 4659 857 4712 ’iora
877 4672 985 4712 non
1003 4655 1415 4727 putatis,Filius
1427 4656 1662 4710 hominis
1683 4656 1880 4709 veniet.

237 4748 296 4806 Si
327 4748 483 4804 enim
515 4747 903 4803 determinata
951 4748 1106 4801 esset
1159 4743 1325 4799 nobis
1372 4743 1516 4798 hora
1554 4760 1670 4814 qua
1701 4742 1884 4799 Filius

206 4830 514 4904 hominis,
546 4835 634 4892 vel
666 4837 736 4890 ad
781 4835 1107 4890 vocandum
1156 4850 1262 4889 nos
1309 4850 1343 4889 a
1392 4849 1647 4904 corpore,
1681 4832 1767 4888 vel
1809 4832 1883 4887 ad

226 4925 621 5004 ‘judicandum
672 4940 778 4978 nos
808 4921 1046 4986 veniret,
1080 4938 1194 4976 non
1240 4924 1393 4976 esset
1437 4935 1671 4974 necesse
1714 4918 1882 4974 nobis

241 5005 470 5086 Semper
496 5011 754 5086 vigilare,
789 5013 888 5068 sed
921 5015 1151 5066 tantum
1182 5027 1250 5064 ea
1279 5008 1422 5064 hora
1451 5025 1568 5080 qua
1594 5007 1886 5079 prascire-

239 5119 371 5159 mus
401 5119 536 5157 eum
567 5118 695 5157 esse
724 5104 1055 5157 venturum.
1081 5098 1390 5170 Propterea
1408 5096 1884 5153 voluitDominus

239 5210 344 5249 nos
377 5191 534 5247 diem
564 5189 771 5245 mortis
802 5194 1010 5245 nostra:
1043 5191 1098 5244 et
1129 5187 1283 5241 diem
1325 5186 1536 5257 judicii
1591 5185 1884 5258 ignorare,

239 5285 530 5356 quatenus
561 5295 792 5352 semper
821 5279 1185 5344 timeremus,
1221 5291 1451 5347 semper
1490 5279 1738 5330 mortem
1788 5292 1884 5330 ex-

239 5375 659 5445 spectaremus,
674 5372 730 5423 et
749 5383 978 5438 semper
999 5367 1069 5420 ad
1090 5382 1217 5420 eam
1237 5363 1670 5434 suscipiendam
1695 5365 1882 5436 parati

239 5477 520 5517 essemus.
554 5457 888 5514 Notandum
937 5460 1025 5510 est
1073 5455 1248 5509 etiam
1307 5451 1462 5524 quod
1494 5469 1607 5506 non
1641 5453 1740 5521 ait,
1774 5471 1887 5524 qua

193 5549 196 5551 Α
239 5549 381 5606 hora
396 5548 640 5622 putatis,
667 5547 769 5602 sed
805 5563 922 5619 qua
940 5544 1085 5617 hora
1105 5560 1218 5598 non
1243 5541 1460 5615 putatis
1481 5541 1687 5597 veniet.
1705 5543 1885 5600 Nemo

234 5627 571 5695 enim’adeo
603 5652 778 5693 senex
795 5639 914 5702 est,
948 5650 1118 5694 nemo
1148 5633 1291 5690 adeo
1323 5631 1595 5688 infirmus
1644 5635 1751 5700 est,
1785 5633 1886 5705 qui

1995 4638 2208 4716 Paulus
2229 4662 2376 4723 erat,
2399 4672 2532 4710 cum
2582 4650 2852 4706 dicebat:
2890 4672 2916 4698 «
2951 4646 3010 4703 Si
3061 4644 3252 4701 adhuc
3299 4638 3638 4698 hominibus

1994 4749 2301 4821 placerem,
2337 4741 2549 4801 Christi
2580 4756 2781 4795 servus
2808 4754 2920 4792 non
2952 4751 3141 4792 essem
3173 4733 3312 4805 (Gal.
3336 4731 3397 4801 1).
3435 4751 3462 4777 ››
3502 4726 3637 4791 Qui-

1994 4818 2127 4893 dam
2161 4840 2355 4891 autem
2385 4835 2558 4887 tanta:
2588 4824 3058 4884 mansuetudinis
3091 4827 3149 4879 et
3197 4818 3457 4876 lenitatis
3501 4818 3639 4872 sunt

1994 4925 2146 5000 quod
2181 4928 2238 4980 et
2266 4923 2383 4977 Deo
2416 4924 2471 4975 et
2499 4915 2838 4973 hominibus
2871 4912 3121 4986 placent.
3156 4909 3270 4964 Dee
3321 4922 3420 4979 per
3464 4919 3634 5000 mun-

1993 4991 2126 5071 dam
2163 5008 2602 5073 conscientiam,
2638 5004 2869 5077 placent
2897 4997 3236 5056 hominibus
3266 4996 3442 5052 etiam
3465 4991 3636 5048 malis

1993 5121 2095 5176 per
2125 5118 2355 5158 morum
2386 5098 2685 5154 lenitatem
2712 5098 2767 5148 et
2796 5089 3430 5176 benignitatem,quam
3460 5081 3634 5138 etiam

1994 5171 2118 5249 suis
2147 5189 2405 5246 inimicis
2435 5185 2726 5242 exhibent.
2746 5181 2906 5237 Talis
2940 5179 3050 5234 fuit
3078 5178 3325 5250 Moyses,
3358 5171 3492 5228 talis
3523 5171 3634 5226 Da-

1993 5281 2257 5349 vid,talis
2286 5281 2524 5334 sanctus
2555 5273 2841 5338 Clemens,
2877 5267 3012 5324 talis
3038 5265 3148 5321 iste
3180 5264 3475 5321 confessor
3513 5258 3633 5332 glo-

1995 5372 2205 5437 riosus,
2236 5367 2329 5423 cui
2360 5365 2533 5421 hodie
2563 5361 2904 5416 festivamus
2953 5357 3052 5429 qui
3099 5373 3201 5428 per
3247 5349 3633 5408 lenitudinem

1994 5435 2481 5526 dulcedinemque
2511 5449 2926 5517 suam,multos
2949 5447 3127 5502 duros
3158 5448 3214 5498 et
3244 5443 3458 5497 feroces
3483 5435 3636 5492 miti-

1995 5550 2171 5623 gavit,
2204 5552 2260 5602 et
2288 5523 2403 5602 Deo
2430 5540 2736 5598 lucrifacit.
2771 5536 3057 5608 Talesque
3089 5549 3216 5597 nos,
3249 5523 3633 5623 fratres‘mei,

1995 5609 2120 5700 asse
2153 5609 2823 5709 studeamus,quatenus
2852 5642 2956 5700 per
2983 5618 3366 5680 lenitudinem
3396 5618 3454 5672 et
3471 5609 3634 5669 beni-
