3984 6082
419 263 578 336 ιῦθῦ

1687 273 1788 335 RA
1800 272 2094 338 DULPBI
2137 273 2552 338 ARDENTIS.

3672 269 3837 334 1596

418 405 699 480 gnitatem
731 408 1014 476 nostram,
1039 405 1256 464 multos
1277 407 1347 464 ad
1382 425 1487 464 nos
1517 409 1808 466 attrahere
1858 415 1914 466 et
1943 410 2058 467 Deo
2086 409 2143 476 Α
2173 407 2321 477 nias,
2355 406 2892 478 vesicas,locustas,
2917 409 2973 463 et
3001 404 3363 479 bujusmodi.
3390 405 3502 462 Iste
3519 421 3658 463 vero
3687 403 3840 462 insi-

420 495 760 551 lucrifacere
791 497 1136 553 studeamus
1169 501 1224 552 et
1250 497 1566 554 valeamus.
1585 499 1912 556 Secundam
1930 517 2060 573 gra-

417 583 561 640 tiam
594 584 776 657 ponit,
810 602 944 641 cum
996 586 1196 642 subdit
1227 588 1390 659 Cujus
1436 592 1700 644 memoria
1740 592 1798 644 in
1845 590 2062 645 benedi-

415 675 593 730 ctione
648 675 1248 747 est.Quandocunque
1306 676 1461 732 enim
1515 677 1728 732 bonam
1781 679 1957 734 vitam
2009 684 2064 735 et

418 769 604 827 actus,
629 763 716 820 vel
739 764 1097 836 beatiMoysi
1124 765 1207 819 vel
1231 765 1466 838 gloriosi
1491 768 1662 823 istius
1699 769 1885 824 sancti
1922 786 2062 822 con-

417 853 656 909 fessoris
678 857 747 908 ad
773 853 1112 908 memoriam
1139 872 1494 924 revocamus,
1512 874 1644 911 eum
1665 857 2064 913 benedicimus

417 944 474 997 et
492 941 908 998 laudamus.Et
940 943 987 996 si
1023 944 1304 999 memoria
1333 946 1460 1016 ejus
1485 947 1740 1002 defuncti
1775 947 1856 1002 sic
1887 952 1974 1004 est
2006 948 2064 1003 in

416 1030 1060 1103 benedictione,quanto
1089 1033 1276 1104 magis
1306 1034 1426 1090 vita
1457 1034 1612 1092 illius
1644 1037 1762 1091 sive
1784 1041 2066 1109 tempora-

415 1117 636 1186 lis,sive
658 1124 890 1186 aeterna,
921 1121 1033 1176 erit
1063 1121 1120 1175 in
1155 1123 1362 1194 potiori
1393 1125 1814 1181 benedictione.
1834 1127 2066 1182 Benedi-

415 1213 545 1264 ctus
574 1207 786 1281 quippc
815 1209 923 1264 fuit
951 1210 1481 1280 vivus,benedictus
1499 1214 2066 1284 defunctus,benedi-

415 1301 545 1353 ctus
596 1297 977 1370 gloriﬁcatus.
1014 1301 1360 1358 Benedictus
1409 1304 1563 1374 apud
1607 1321 1688 1371 se,
1723 1306 2066 1362 benedictus

415 1388 570 1459 apud
589 1387 1226 1453 homines,benedictus
1243 1391 1398 1463 apud
1414 1393 1789 1466 Deum.Apud
1810 1412 1869 1450 se
1883 1395 2063 1461 enim,

416 1475 738 1550 gratiarum
761 1477 1181 1547 benedictione,
1207 1481 1360 1553 apud
1385 1481 1653 1538 homines
1688 1482 1933 1539 laudum
1963 1485 2066 1540 be-

418 1564 933 1638 nedictione,apud
969 1567 1150 1623 Deum
1182 1573 1530 1626 aeternorum
1562 1573 1934 1644 praemiorum
1969 1573 2065 1628 be-

418 1654 764 1710 nedictione.
783 1650 856 1710 Ut
887 1660 1079 1712 autem
1103 1661 1160 1713 et
1181 1675 1287 1714 nos
1309 1676 1639 1715 mereamur
1662 1665 1718 1716 et
1735 1662 1894 1717 aDeo
1919 1664 2064 1717 etab

416 1742 758 1800 hominibus
785 1745 1072 1812 benedici,
1108 1764 1434 1819 nunquam,
1469 1749 1676 1805 fratres
1718 1751 1852 1818 mei,
1887 1751 2064 1806 male-
2100 1785 2144 1848 Β

371 1831 374 1834 ’
416 1831 624 1898 dicere,
649 1833 749 1888 sed
783 1834 1122 1891 benedicere
1143 1840 1199 1891 et
1221 1837 1366 1892 bene
1387 1853 1554 1909 agere
1573 1856 1804 1911 semper
1840 1840 2068 1895 studea-

417 1937 571 1976 mus.
593 1921 886 1995 Seriptum
917 1927 1006 1978 est
1035 1924 1191 1980 enim
1218 1943 1230 1980 :
1256 1949 1283 1975 «
1305 1925 1508 1981 Dilexit
1527 1926 1996 1984 maledictionem
2011 1931 2069 1983 et

414 2010 607 2066 veniet
627 2010 707 2079 ei;
733 2015 789 2066 et
818 2011 1006 2068 noluit
1026 2013 1575 2084 benedictionem,et
1595 2016 1963 2089 elongabitur
1993 2018 2064 2073 ab

415 2115 482 2155 eo
497 2101 664 2171 (Psal.
681 2102 888 2172 cvm).»
915 2101 1170 2158 Tertiam
1193 2105 1443 2175 gratiam
1477 2106 1799 2176 ponit,cum
1825 2107 2024 2162 subdit
2050 2124 2062 2161 :

415 2188 666 2245 Similem
691 2192 821 2262 fecit
850 2191 1013 2246 illum
1043 2194 1104 2246 in
1129 2193 1311 2263 gloria
1340 2202 1671 2250 sanctorum.
1707 2195 1846 2258 Quis
1899 2195 2068 2250 fecit?

416 2277 574 2333 haud
609 2278 855 2334 dubium
890 2279 1030 2350 quin
1064 2281 1376 2353 Deum,qui
1405 2283 1504 2336 dat
1533 2283 1676 2338 velle
1705 2289 1763 2339 et
1793 2285 2066 2356 perlicere

418 2365 588 2436 (Phil.
619 2367 698 2438 ll).
736 2365 862 2438 lpse
893 2367 1074 2440 igitur
1105 2369 1235 2426 fecit
1265 2370 1542 2439 similem,
1563 2389 1678 2427 non
1711 2372 1835 2428 sola
1863 2372 2065 2429 simili-

415 2455 640 2524 tudine,
675 2457 776 2511 sed
808 2455 994 2529 ipsius
1017 2459 1099 2514 rei
1127 2460 1387 2515 veritate.
1414 2461 1483 2515 Et
1511 2466 1782 2517 sanctum
1807 2462 2063 2534 Moysen,

418 2548 754 2600 sanctorum
810 2546 1093 2618 priorum;
1140 2548 1407 2604 videlicet
1437 2549 1598 2616 Seth,
1631 2551 1844 2617 Enoch,
1885 2552 2064 2606 Abra-

417 2633 579 2705 ham,
610 2635 771 2690 Isaac
800 2637 857 2691 et
884 2634 1085 2706 Jacob,
1120 2641 1177 2692 et
1206 2638 1385 2694 istum
1417 2639 1737 2712 gloriosum
1769 2641 2067 2696 confesso«

420 2739 564 2791 rem,
599 2727 936 2780 sanctorum
971 2725 1369 2798 apostolorum
1402 2732 1726 2802 martyrum
1758 2734 1815 2785 et
1847 2732 2065 2786 confes-

418 2828 639 2868 sorum.
673 2813 740 2868 Et
771 2812 829 2869 in
861 2815 1017 2886 quo?
1049 2816 1111 2871 In
1143 2815 1328 2889 gloria
1358 2817 1622 2874 videlicet
1669 2820 1971 2885 virtutum,
2005 2820 2065 2875 in

417 2900 603 2974 gloria
632 2902 916 2959 bonorum
951 2922 1214 2976 operum,
1247 2911 1304 2962 et
1333 2906 1392 2962 in
1435 2907 1622 2980 gloria
1669 2908 2063 2980 praemiorum.

415 2990 641 3047 Habent
689 2992 906 3065 quippe
954 2994 1138 3050 sancti
1191 2994 1437 3068 gloriam
1483 2996 1784 3066 virtutum,
1819 2997 2066 3070 gloriam

416 3080 704 3137 bonorum
735 3099 999 3154 operum,
1031 3087 1090 3138 et
1118 3084 1364 3156 gloriam
1389 3087 1782 3158 praemiorum,
1817 3089 1916 3143 sed
1952 3105 2065 3143 non

2173 498 2305 569 guis
2337 499 2653 566 confessor,
2670 498 2825 570 quod
2859 497 3053 568 majus
3074 501 3180 564 est,
3206 500 3614 552 monstruosas
3636 512 3841 552 mores

2172 593 2228 642 et
2257 587 2404 642 vitas
2437 603 2842 660 perversorum
2875 585 3182 641 hominum
3213 584 3478 640 doctrina
3511 585 3836 640 verborum

2173 675 2424 749 placavit
2453 681 2509 732 et
2539 677 2608 731 ad
2658 675 3067 730 rectitudinem
3118 672 3374 746 redegit:
3409 689 3507 728 eos
3559 673 3662 745 qui
3709 672 3835 745 lupi

2172 770 2338 821 erant
2367 765 2709 821 crudelitate
2743 781 3016 819 revocans
3050 765 3119 818 ad
3155 761 3710 828 mansuetudinem;
3737 778 3835 816 cos

2173 855 2270 926 qui
2297 871 2468 929 canes
2489 858 2655 909 erant
2685 851 3080 920 immunditia,
3098 852 3168 906 ad
3193 851 3582 918 munditiam;
3607 867 3712 905 eos
3735 851 3828 923 qui

2176 945 2336 1016 porci
2368 948 2533 999 erant
2563 943 2876 1014 voluptate,
2898 943 2971 996 ad
3001 940 3441 1009 continentiam,
3467 956 3570 995 eos
3602 939 3709 1012 qui
3744 956 3828 994 su-

2173 1033 2334 1105 perbi
2368 1037 2552 1099 erant,
2586 1033 2656 1087 ad
2690 1030 3102 1086 humilitatem.
3136 1029 3317 1093 Quem
3349 1032 3406 1084 et
3455 1045 3586 1095 nos,
3620 1029 3825 1083 fratres

2175 1122 2309 1188 mei,
2346 1127 2678 1193 sequentes,
2715 1120 3252 1177 monstruositzttem
3308 1117 3824 1190 fortitudinemqne

2172 1211 2468 1277 vitiorum,
2497 1214 2950 1281 nostrorumque
3007 1225 3260 1278 morum,
3293 1206 3456 1279 prius
3513 1206 3576 1261 in
3636 1207 3824 1270 nobis,

2175 1299 2384 1356 deinde
2415 1299 2473 1354 in
2508 1299 2790 1372 proximis
2822 1297 3059 1363 nostris,
3085 1298 3155 1352 ad
3191 1295 3600 1352 rectitudinem
3637 1299 3702 1351 et
3731 1295 3828 1349 vir-

2175 1394 2360 1444 tutem
2393 1389 2653 1461 redigere
2685 1393 3043 1460 satagamus.
3079 1387 3309 1442 Sextam
3341 1385 3594 1459 gratiam
3647 1382 3826 1457 ponit,

2175 1495 2308 1534 cum
2344 1477 2544 1533 subdit
2569 1495 2580 1532 :
2605 1478 2948 1548 Gloriﬁcavil
2977 1493 3102 1532 eum
3132 1478 3192 1530 in
3220 1481 3509 1547 conspectu
3532 1491 3752 1544 regum.
3773 1474 3832 1529 Et

2177 1568 2412 1640 Moysen
2444 1566 2681 1639 quidem
2713 1564 3058 1638 gloriﬁcavit
3089 1565 3242 1620 Deus
3271 1563 3332 1619 in
3383 1566 3710 1634 conspectu
3747 1579 3832 1617 re-

2175 1674 2336 1730 gum,
2372 1656 2606 1728 quando
2637 1655 2860 1711 scilicet
2888 1671 3022 1709 eum
3055 1653 3220 1725 quasi
3271 1653 3456 1708 Deum
3510 1651 3833 1708 Pharaonis

2175 1745 2450 1813 instituit,
2471 1745 2705 1817 quando
2735 1761 2837 1816 per
2868 1760 3110 1799 manum
3142 1745 3270 1814 ejus
3293 1745 3561 1814 portenta
3584 1747 3641 1796 et
3666 1740 3836 1813 signa

2178 1835 2333 1905 fecit,
2355 1839 2411 1889 et
2441 1834 2678 1906 quando
2701 1850 2836 1888 eum
2866 1832 3187 1906 gloriosum
3216 1832 3276 1887 in
3316 1834 3631 1903 conspectu
3687 1834 3834 1885 Seon

2177 1925 2330 1997 regis
2352 1923 2844 1989 Amorrhaeorum,
2869 1926 2926 1978 et
2953 1922 3038 1994 0g
3070 1921 3222 1995 regis
3247 1923 3841 1986 Basan,caeterorum-

2177 2029 2289 2084 que
2320 2029 2522 2085 regum
2555 2012 2999 2067 demonstravit.
3031 2011 3198 2066 Hunc
3229 2025 3463 2082 quoque
3504 2009 3837 2082 gloriosum

2177 2101 2567 2158 confessorem
2590 2099 2975 2156 nihilominus
3007 2099 3068 2154 in
3090 2103 3407 2171 conspectu
3429 2113 3634 2170 regum
3660 2096 3838 2171 glori-

2176 2191 2576 2262 ﬁcavit,quem
2610 2189 2668 2244 in
2702 2187 2984 2261 regimine
3003 2205 3233 2244 morum
3256 2192 3314 2243 et
3328 2187 3669 2243 animarum
3694 2185 3838 2259 ipsis

2176 2279 2410 2351 regibus
2435 2277 2816 2335 reverendum
2849 2281 2906 2333 et
2931 2276 3281 2344 mirabilem,
3315 2280 3602 2347 tauquam
3653 2274 3840 2330 lucer-

2175 2385 2332 2435 nam,
2369 2366 2723 2423 sublimavit.
2759 2368 2941 2432 Quem
2992 2370 3050 2422 et
3101 2383 3205 2420 nos
3255 2363 3578 2431 imitantes,
3625 2363 3835 2418 fratres

2176 2456 2481 2528 mei,prius
2513 2473 2621 2512 nos
2646 2457 2806 2528 ipsos
2837 2455 3126 2528 corrigere
3151 2458 3208 2509 et
3239 2469 3438 2526 regere
3461 2453 3834 2516 studeamus,

2175 2550 2463 2619 quatenus
2493 2546 2770 2618 deinceps
2800 2549 3036 2600 caeteros
3068 2559 3265 2617 regere
3295 2546 3353 2597 et
3397 2539 3692 2614 corrigere
3743 2559 3834 2596 va-

2175 2634 2422 2691 leamus.

2246 2725 2566 2797 Septimam
2599 2724 2845 2796 gratiam
2879 2723 3064 2796 ponit,
3089 2738 3224 2776 cum
3256 2721 3456 2776 subdit
3493 2739 3505 2776 :
3542 2723 3617 2776 Et
3638 2722 3837 2793 jam-it

2176 2815 2265 2870 illi
2293 2831 2387 2870 cor
2401 2815 2594 2886 populi
2619 2813 2774 2869 sui.J
2783 2813 2949 2867 unxit
2969 2813 3186 2884 quippe
3213 2811 3495 2866 Dominus
3529 2811 3720 2883 Moysi
3743 2827 3840 2866 cor

2176 2903 2374 2976 pepuli
2407 2904 2604 2966 sui,ut
2635 2901 2898 2958 videlicet
2919 2919 3052 2958 eum
3086 2906 3369 2973 tanquam
3401 2901 3624 2956 bonum
3649 2903 3840 2973 pasto-

2177 3010 2298 3048 rem
2332 2997 2388 3048 et
2418 2993 2627 3047 ducem
2659 2991 2985 3064 diligerent,
3021 2994 3403 3062 sequerentur
3429 2993 3488 3045 et
3537 2988 3836 3046 audirent.

2179 3082 2276 3138 Isti
2311 3098 2542 3154 quoque
2573 3084 2775 3136 sancto
2807 3078 3126 3136 confessori
3148 3080 3350 3151 junxit
3398 3079 3692 3134 Dominus
3745 3096 3840 3136 cor

422 3170 576 3243 apud
611 3188 692 3238 se,
725 3171 844 3228 imo
875 3172 1032 3246 apud
1063 3173 1268 3229 Deum.
1304 3174 1376 3231 Ut
1403 3180 1598 3230 autem
1629 3181 1686 3231 et
1715 3193 1820 3231 nos
1853 3193 2070 3233 merea-
2099 3159 2140 3226 C
2179 3169 2790 3244 populisui,quoniam
2805 3173 3028 3224 tantam
3044 3166 3295 3241 gratiam
3311 3166 3470 3223 dedit
3490 3166 3543 3223 ei
3570 3169 3734 3240 quod
3749 3169 3838 3226 sui

419 3275 554 3315 mur
573 3259 798 3316 similes
830 3261 974 3328 fieri,
999 3261 1223 3318 similes
1256 3267 1615 3330 sanctorum,
1635 3265 2067 3331 simus,fratres
2173 3277 2308 3316 eum
2331 3264 2614 3332 tanquam
2637 3259 2860 3314 bonum
2892 3261 3118 3330 patrem
3148 3256 3491 3330 diligebant,
3515 3255 3837 3314 imitaban-

421 3349 556 3420 mei,
589 3349 914 3407 imitatores
943 3369 1176 3419 eorum;
1206 3353 1483 3424 quoniam
1535 3370 1637 3424 per
1680 3355 2065 3410 imitationem
2173 3355 2270 3406 tur
2290 3354 2345 3406 et
2365 3349 2416 3405 ei
2443 3348 2811 3405 obediebant.
2829 3348 3013 3412 Quam
3036 3345 3286 3420 gratiam
3313 3349 3378 3400 ut
3399 3351 3455 3401 et
3477 3363 3586 3402 nos
3607 3346 3834 3421 indigni

417 3437 649 3494 venitur
672 3440 744 3494 ad
777 3439 1247 3496 similitudinem.
1275 3441 1384 3496 Dat
1413 3442 1649 3513 quidem
1684 3443 1837 3498 Deus
1868 3443 2069 3499 simili-
2101 3477 2104 3480 η
2176 3440 2388 3495 habere
2410 3455 2756 3501 mereamur,
2785 3437 3084 3492 discamus
3106 3452 3205 3490 cor
3223 3433 3421 3507 populi
3447 3434 3632 3491 nostri
3667 3435 3834 3492 nobis

418 3526 685 3582 tudinem
717 3533 1074 3597 sanctorum,
1107 3530 1208 3585 sed
1243 3547 1358 3585 non
1391 3530 1504 3586 nisi
1535 3548 1736 3587 eorum
1770 3532 2071 3588 imitatori-
2176 3529 2550 3601 conjungere,
2569 3543 2669 3598 per
2699 3524 3090 3590 dilectionem,
3115 3540 3220 3596 per
3250 3523 3831 3588 condescensionem,

419 3616 774 3673 bus.Simus
804 3616 985 3688 igitur
1029 3617 1350 3675 imitatores
1395 3636 1596 3676 eorum
1644 3621 1705 3676 in
1754 3621 1970 3688 labore,
2005 3626 2070 3677 ut
2168 3617 2340 3688 juxta
2386 3615 2540 3689 quod
2587 3614 2867 3670 Dominus
2922 3610 3212 3686 praecepit,
3237 3611 3438 3668 dicens
3471 3629 3484 3667 :
3520 3635 3550 3661 «
3584 3616 3709 3668 Hoc
3747 3617 3834 3669 est

421 3720 754 3761 mereamur
780 3705 902 3761 ﬁeri
932 3705 1157 3764 similes
1185 3724 1386 3764 eorum
1418 3708 1478 3764 in
1511 3709 1908 3766 retributione.

383 3803 386 3805 λ
492 3793 768 3857 Quartam
799 3794 1049 3866 gratiam
1083 3796 1266 3868 ponit,
1285 3814 1416 3852 cum
1443 3799 1679 3854 subdit:
1706 3799 2073 3871 Magniﬁcavil

420 3897 545 3939 eum
561 3882 620 3938 in
636 3885 829 3940 timore
850 3885 1219 3941 inimicorum.
1241 3886 1630 3959 Magnificavit
1657 3889 1891 3961 Moysen
1915 3890 2071 3961 apud

422 3971 740 4045 Egyptios,
766 3973 1135 4043 Amalecitas,
1170 3976 1557 4043 Amorrhaaos,
1593 3977 2072 4045 Madianitas,cae-

421 4061 681 4133 terisque
701 4061 970 4118 hostibus
993 4063 1591 4138 superatis,magnum
1615 4070 1672 4121 et
1702 4068 2070 4122 tremendum

423 4149 630 4206 effecit.
647 4153 832 4205 Istum
851 4167 1083 4224 quoque
1104 4152 1340 4208 beatum
1360 4154 1752 4210 confessorem
1781 4153 1840 4208 in
1863 4155 2072 4212 timore

422 4236 795 4294 inimicorum
829 4239 1223 4312 magniﬁcavit
1251 4246 1307 4297 et
1338 4241 1710 4298 inimicorum
1750 4243 2072 4299 visibilium

425 4330 482 4381 et
512 4326 892 4383 invisibilium
923 4327 1414 4402 triumphatorem
1445 4331 1782 4386 fecit.Dedit
1803 4332 1852 4387 ei
1877 4332 2073 4387 Domi-

425 4433 538 4472 nus
567 4415 814 4474 insidias
844 4417 1059 4474 diaboli
1092 4435 1390 4490 superare,
1415 4423 1607 4476 castra
1635 4421 1762 4493 ejus
1785 4421 2070 4494 frangere,

2177 3709 2529 3778 praeceptum
2562 3721 2759 3760 meum
2793 3707 2856 3758 ut
2886 3701 3144 3774 diligatis
3178 3700 3445 3769 invicem,
3479 3700 3635 3756 sicut
3660 3700 3833 3757 dilexi

2175 3811 2278 3849 vos
2310 3795 2494 3863 (Joan.
2529 3797 2640 3861 xv).
2669 3815 2695 3842 υ
2727 3793 2835 3848 Per
2865 3789 3437 3856 condescensionem,
3463 3791 3638 3861 juxta
3669 3791 3822 3862 quod

2179 3884 2464 3956 scriptum
2496 3887 2584 3938 est
2617 3899 2629 3936 :
2666 3903 2692 3930 «
2723 3885 2938 3936 Ducem
2985 3883 3040 3935 te
3090 3879 3540 3945 constituerunt,
3575 3879 3698 3935 noli
3733 3896 3835 3935 ex-

2178 3971 2430 4039 tolli,sed
2453 3977 2576 4027 esto
2599 3969 2767 4041 quasi
2801 3985 2956 4024 unus
2988 3985 3056 4023 ex
3085 3965 3203 4022 illis
3230 3967 3425 4039 (Eccli.
3450 3970 3654 4039 XXXII),
3673 3990 3701 4016 ι)
3736 3985 3838 4042 per

2181 4061 2684 4133 supportationem
2717 4062 2774 4114 et
2804 4056 3382 4127 condescensionem,
3412 4055 3567 4112 sicut
3593 4059 3839 4128 Aposto-

2180 4149 2273 4206 lus
2308 4154 2505 4205 monet
2539 4165 2550 4205 :
2588 4171 2615 4197 ‹‹
2647 4146 2799 4203 Alter
2827 4145 3068 4202 alterius
3098 4162 3274 4200 onera
3303 4149 3614 4218 portate,et
3636 4146 3725 4201 sic
3747 4147 3844 4202 ad-

2179 4238 2502 4311 implebitis
2532 4237 2720 4310 legem
2765 4235 2982 4291 Christi
3017 4235 3156 4306 (Gal.
3184 4235 3285 4304 v1).
3321 4258 3348 4285 »
3377 4234 3658 4290 Octavam
3711 4251 3841 4308 gra-

2181 4327 2326 4383 tiam
2375 4327 2538 4399 ponit
2589 4342 2724 4381 cum
2785 4323 3033 4379 subdit:
3067 4325 3144 4378 Et
3189 4322 3421 4380 ostendit
3480 4323 3574 4378 illi
3599 4327 3842 4395 gratiam

2181 4433 2360 4472 suam.
2397 4417 2464 4472 Et
2495 4413 2679 4486 Moysi
2709 4413 2950 4485 quidem
2998 4411 3246 4486 gloriam
3294 4412 3574 4480 ostendit,
3603 4415 3839 4485 quando

424 4509 482 4560 et
512 4506 583 4562 de
615 4505 883 4563 faucibus
913 4507 1040 4578 ejus
1063 4524 1200 4563 vasa
1231 4507 1580 4581 captivitatis
1625 4514 1891 4582 potenter
1930 4509 2075 4565 libe-
2103 4529 2151 4593 Β
2183 4505 2503 4578 potentiam
2525 4520 2694 4559 suam
2713 4518 2818 4576 per
2837 4501 3131 4593 subjectas
3156 4505 3454 4593 creaturas
3475 4500 3525 4593 ei
3559 4504 3838 4558 ostendit.

425 4610 572 4650 rare.
607 4594 769 4651 Unde
799 4599 855 4651 et
884 4618 910 4644 ‹‹
947 4597 1019 4651 ad
1054 4595 1303 4652 nihilum
1335 4598 1620 4654 deductus
1666 4603 1754 4654 est
1790 4598 1850 4652 in
1904 4615 2070 4654 cons-

423 4686 595 4755 pectu
626 4684 755 4756 ejus
787 4683 1082 4756 malignus
1117 4685 1289 4757 (Psal.
1323 4685 1457 4759 xxv).
1498 4709 1524 4735 ››
1574 4686 1754 4755 Cujus
1805 4687 2076 4758 precibus

426 4771 644 4844 pariter
684 4775 740 4828 et
789 4771 1034 4844 exempli
1084 4773 1328 4842 suifulti,
1363 4775 1570 4831 fratres
1615 4776 1751 4840 mei,
1780 4775 2077 4832 discamus

427 4865 628 4916 contra
652 4861 950 4917 diabolum
975 4862 1202 4917 fortiter
1219 4862 1771 4930 rebellare,insidias
1797 4865 1920 4935 ejus
1941 4881 2078 4920 eva-

425 4950 984 5016 cuare,munitiones
1014 4952 1142 5023 ejus
1165 4951 1432 5024 dejicere,
1456 4957 1512 5007 et
1544 4953 1800 5025 captivos
1827 4954 1897 5009 de
1915 4971 2076 5009 com--

427 5038 677 5111 pedibus
707 5039 834 5109 ejus
864 5038 1133 5105 liberare,
1169 5044 1458 5112 quatenus
1492 5057 1599 5096 nos
1631 5041 1699 5096 de
1749 5045 1951 5097 cmtero
1999 5042 2078 5096 ti-

427 5125 1239 5198 meatimpugnare.Quintam
1254 5129 1501 5202 gratiam
1521 5130 1843 5202 ponit,cum
1858 5131 2074 5186 subdit:

431 5217 492 5270 Et
521 5217 580 5269 in
609 5214 784 5270 verbis
803 5217 918 5270 suis
948 5225 1190 5272 monstra
1213 5219 1474 5290 placavit.
1501 5219 1573 5274 Ut
1590 5219 1816 5292 Moyses
1841 5219 2076 5290 quidem

431 5307 805 5358 monstruosa
835 5321 961 5376 quae
993 5304 1280 5362 Dominus
1313 5307 1559 5364 immisit
1588 5309 1647 5362 in
1695 5307 2075 5375 Pharaonem,

429 5391 600 5464 signa
629 5390 782 5456 fecit,
807 5397 862 5446 et
892 5392 950 5446 in
985 5409 1188 5449 omnes
1221 5412 1415 5452 servos
1449 5398 1597 5468 ejus,
1621 5396 1920 5452 Pharaone
1950 5413 2079 5467 per-

431 5478 716 5544 mittente,
749 5483 804 5534 et
853 5481 1256 5539 dimissionem
1306 5484 1560 5540 filiorum
1609 5484 1784 5541 Israel
1838 5485 2079 5556 permit-

432 5569 605 5640 tente,
640 5568 1000 5631 orationibus
1029 5571 1155 5630 suis
1185 5572 1393 5630 avertit
1421 5578 1478 5631 et
1507 5573 1772 5646 placavit,
1806 5577 1872 5631 ut
1900 5573 2079 5632 cimo-

2183 4594 2412 4650 Faciem
2441 4593 2597 4649 enim
2630 4607 2842 4657 meam,
2869 4589 3098 4646 dicebat
3130 4589 3433 4660 Dominus,
3460 4613 3486 4639 ‹‹
3510 4589 3696 4647 homo
3732 4609 3839 4647 non

2183 4683 2420 4750 videbit,
2453 4687 2509 4738 et
2535 4681 2686 4737 vivet
2719 4679 2920 4752 (Exod.
2950 4679 3206 4751 xxxm)»:
3229 4678 3331 4734 Isti
3362 4695 3600 4751 quoque
3631 4679 3843 4752 glorio-

2187 4789 2250 4828 so
2282 4769 2620 4840 confessori,
2644 4768 2890 4842 gloriam
2914 4784 3083 4822 suam
3111 4771 3264 4823 Deus
3293 4767 3571 4834 ostendit,
3604 4769 3841 4841 quando

2187 4861 2237 4917 ei
2261 4877 2362 4933 per
2373 4863 2670 4916 creaturas
2683 4857 3010 4913 Creatorem
3025 4854 3346 4928 intelligere
3358 4855 3588 4912 fecit.Et
3607 4859 3841 4930 quando

2187 4966 2286 5005 cor
2311 4949 2439 5019 ejus
2469 4963 2572 5020 per
2601 4944 2870 5019 gratiam,
2905 4961 3008 5017 per
3038 4943 3449 5001 revelationem
3480 4949 3538 5000 et
3568 4962 3678 5018 per
3708 4964 3842 5003 con-

2188 5036 2652 5110 templationem,
2686 5035 2757 5090 ad
2792 5051 2852 5089 se
2885 5032 3332 5106 intelligendum
3365 5032 3711 5092 illustravit.
3736 5037 3842 5092 Nos

2187 5143 2439 5199 quoque,
2475 5125 2686 5180 fratres
2718 5123 2854 5194 mei,
2889 5123 2936 5178 si
2970 5123 3255 5196 sapimus,
3287 5138 3392 5196 per
3421 5122 3636 5179 miram
3671 5125 3844 5198 pleni-

2187 5215 2452 5272 tudinem
2501 5213 2946 5280 clementorum,
2980 5228 3160 5283 quam
3209 5212 3288 5268 sit
3343 5211 3593 5284 pulcher
3644 5220 3844 5270 auctor

2187 5321 2290 5378 per
2319 5302 2641 5376 sapientem
2672 5300 3095 5358 elementorum
3152 5299 3624 5374 dispositionem,
3668 5321 3840 5376 quam

2189 5395 2266 5450 sit
2297 5392 2530 5465 sapiens
2561 5383 2892 5463 auctor,per
2912 5389 3371 5446 immensitatem
3394 5389 3837 5457 elementorum,

2190 5499 2368 5556 quam
2402 5481 2478 5538 sit
2501 5481 2827 5537 immensus
2851 5481 3072 5545 auctor,
3095 5495 3200 5551 per
3227 5479 3550 5553 potentiam
3585 5479 3838 5538 elemen-

2189 5577 2600 5644 torum,quam
2632 5570 2709 5628 sit
2745 5573 2954 5643 potens
2983 5572 3207 5642 auctor,
3241 5585 3344 5642 per
3392 5569 3833 5643 perpetuitatem
