3984 6082
187 165 346 232 1597

1325 162 1698 226 HOMILI/E.
1730 195 1807 206 -
1838 161 1917 224 ΙΙ.
1964 161 2064 224 DE
2107 159 2456 234 SANCTIS.

3439 157 3593 226 1598

186 300 632 367 elementorum,
665 313 845 370 quam
867 295 943 354 sit
972 299 1287 370 perpetuus
1308 301 1527 365 auctor,
1552 297 1737 370 gratia
1765 295 1833 351 il-
1862 295 1918 364 Α
1945 313 2080 353 eum
2111 297 2171 352 in
2193 314 2469 354 arcanum
2492 294 2907 353 familiaritatis
2926 298 2983 352 et
3003 292 3062 352 in
3085 292 3498 352 obscuritatem
3519 295 3596 353 le-

188 389 420 448 lustrati
462 388 762 444 valeamus
803 386 1143 461 intelligere.
1194 387 1419 442 Nonam
1451 391 1506 442 et
1545 387 1833 442 decimam

185 478 434 554 gratiam
467 478 650 551 ponit,
685 494 820 532 cum
853 478 1088 532 subdit:
1127 481 1194 532 In
1217 477 1321 548 ﬁde
1341 485 1390 532 et
1410 478 1632 532 lenitate
1663 478 1836 547 ipsius

183 576 437 626 sanctum
463 569 591 639 fecit
621 567 799 622 illum.
855 568 998 621 Cum
1040 567 1266 639 Moyses
1316 570 1549 621 caeteras
1593 564 1836 620 virtutes

184 657 476 724 habuerit,
506 661 700 712 tamen
746 656 802 710 in
835 655 928 710 his
961 655 1189 711 duabus
1223 656 1508 728 praecipue
1539 671 1836 711 commen-

185 749 380 814 datur,
411 763 476 802 eo
504 747 656 818 quod
680 745 738 800 in
765 745 859 800 his
880 743 1227 800 excellenter
1253 763 1366 817 pra:
1399 745 1620 800 castoris
1653 743 1838 798 radia-

184 836 288 892 vit.
331 836 528 892 Fidem
561 834 776 907 quippe
806 833 1151 890 excellenter
1183 834 1407 905 habuit,
1445 835 1544 906 qui
1591 833 1837 889 Domino

188 926 433 982 firmiter
463 923 730 990 credidit,
765 928 822 978 et
852 923 908 978 in
941 923 1219 979 omnibus
1240 922 1509 990 obedivit,
1534 941 1638 994 pro
1659 939 1724 978 eo
1756 921 1838 976 la-

187 1015 382 1084 bores,
412 1012 687 1086 pericula,
731 1011 922 1067 minas
953 1015 1009 1067 et
1037 1013 1324 1084 potentias
1373 1029 1578 1084 regum
1613 1027 1716 1084 pro
1751 1011 1837 1066 ni-

188 1103 308 1160 hilo
335 1101 639 1174 reputavit.
664 1101 986 1156 Lenitatem
1009 1101 1222 1173 quippe
1241 1101 1464 1169 habuit,
1491 1101 1591 1172 qui
1617 1105 1840 1155 contra-

188 1193 496 1260 dictiones,
528 1191 930 1258 contumelias,
964 1190 1232 1262 injurias,
1268 1190 1762 1246 murmurationes
1785 1193 1841 1244 et

187 1280 574 1338 detractiones
604 1297 846 1336 suorum
879 1279 1164 1352 patienter
1195 1279 1459 1351 portavit,
1487 1278 1586 1351 qui
1609 1296 1710 1351 pro
1737 1278 1841 1333 ini-

189 1369 359 1426 micis
390 1370 513 1426 suis
535 1374 591 1425 et
612 1385 672 1424 se
695 1367 952 1440 lapidare
973 1367 1300 1424 volentibus
1323 1368 1524 1424 oravit.
1555 1369 1667 1424 Istc
1693 1385 1838 1440 quo-

189 1477 303 1534 que
349 1457 639 1532 gloriosus
691 1457 990 1514 confessor
1020 1457 1079 1512 in
1125 1457 1336 1513 virtute
1377 1457 1717 1514 obcdientiaz
1751 1475 1838 1512 re-

189 1548 376 1618 fulsit,
410 1548 508 1620 qui
531 1551 766 1620 propter
787 1552 990 1613 Deum,
1015 1547 1303 1602 mundum
1327 1564 1459 1602 cum
1487 1546 1612 1602 suis
1633 1563 1842 1601 concu-

189 1636 494 1711 piscentiis
540 1636 773 1710 sprevit,
807 1635 1077 1708 quaelibet
1106 1637 1255 1691 dura
1283 1640 1339 1691 et
1370 1653 1575 1708 aspera
1620 1653 1720 1706 pro
1772 1651 1838 1689 eo

189 1727 334 1800 pati,
369 1725 600 1781 divitias
616 1725 922 1796 reputavit,
949 1728 1148 1782 contra
1173 1725 1472 1780 haereticos
1500 1731 1554 1780 et
1575 1724 1840 1780 infideles

191 1817 418 1874 fortiter
459 1816 778 1883 dimicavit,
832 1821 888 1871 et
933 1816 1004 1871 de
1057 1814 1389 1872 commissis
1431 1815 1666 1871 talentis
1699 1816 1746 1870 ei
1786 1815 1843 1868 in

192 1905 469 1964 omnibus
519 1904 764 1960 fideliter
817 1905 1190 1972 ministravit,
1250 1905 1556 1977 ipsamque
1598 1908 1844 1958 mortem

193 1995 337 2069 pati,
386 1995 434 2051 si
483 1998 637 2050 esset
685 1993 786 2066 qui
835 1993 1094 2061 inferret,
1146 2011 1259 2049 non
1305 1993 1630 2065 trepidavit.
1685 1992 1846 2048 Unde

195 2089 390 2141 mente
421 2083 559 2156 quia
603 2083 880 2155 martyrio
927 2100 1041 2138 non
1087 2083 1288 2152 defuit,
1321 2100 1536 2138 corona
1585 2080 1846 2154 martyrii

197 2189 312 2229 non
344 2172 583 2228 carebit.
616 2171 841 2227 Virtute
870 2171 1128 2226 lenitatis
1159 2172 1544 2242 prseradiavit,
1581 2170 1676 2242 qui
1711 2187 1848 2225 con-

195 2261 490 2328 tumelias,
524 2261 770 2332 injurias
801 2265 859 2316 et
890 2261 1342 2333 persecutiones,
1377 2278 1492 2315 non
1525 2259 1716 2316 solum
1748 2277 1848 2332 pa-

197 2351 426 2418 tienter,
460 2352 560 2407 sed
583 2355 640 2406 et
660 2351 978 2423 gaudenter
999 2349 1300 2416 sustinuit,
1325 2355 1656 2421 peccatores
1678 2366 1850 2422 repu-

197 2446 333 2497 tans
358 2457 496 2497 suos
515 2441 835 2510 adjutores,
857 2439 1112 2496 inimicis
1130 2438 1254 2494 suis
1271 2439 1660 2507 benefaciens,
1681 2442 1736 2493 et
1749 2454 1850 2510 pro

199 2529 674 2602 persecutoribus
718 2527 842 2584 suis
889 2545 1083 2584 orans.
1135 2530 1316 2594 Quem
1367 2545 1472 2583 nos
1531 2528 1848 2597 imitantes,

199 2619 409 2675 fratres
468 2617 602 2686 mei,
656 2617 957 2673 discamus
1013 2616 1258 2672 Domino
1312 2617 1556 2672 ﬁrmiter
1599 2616 1850 2683 credere,

200 2707 427 2764 fortiter
469 2723 572 2778 pro
623 2723 688 2762 eo
738 2707 981 2762 adversa
1029 2705 1303 2773 tolerare,
1343 2709 1399 2760 et
1450 2710 1649 2761 nostra
1704 2703 1855 2760 leni-

201 2795 405 2852 tudine
423 2795 796 2868 injuriatores
818 2800 873 2851 et
891 2800 1288 2868 persecutores
1304 2799 1534 2851 nostros
1557 2810 1852 2866 superare,

203 2889 260 2942 et
288 2903 387 2942 eos
417 2885 717 2941 beneﬁciis
748 2889 803 2940 et
829 2883 1188 2941 orationibus
1223 2885 1337 2940 Deo
1373 2884 1730 2940 lucrifacere.

276 2966 654 3030 Undecimam
681 2973 930 3047 gratiam
951 2973 1132 3046 ponit,
1167 2991 1300 3039 cum
1332 2974 1569 3029 subdit:
1604 2977 1668 3029 Et
1697 2975 1858 3043 elegit

1944 391 2055 464 gis.
2104 391 2402 456 Quomodo
2433 393 2488 445 et
2534 388 2690 444 hunc
2738 386 3060 460 gloriosum
3110 379 3501 441 confessorem
3532 386 3592 443 in

1945 483 2160 538 nubem
2208 479 2455 546 induxit,
2491 477 2764 550 quoniam
2811 476 3026 548 recepit
3057 492 3190 532 eum
3222 475 3280 529 in
3315 492 3592 531 arcanum

1946 591 2062 630 sua:
2112 569 2548 635 familiaritatis,
2599 568 2867 640 patefecit
2897 568 2946 623 ei
2993 565 3408 622 obscuritatem
3449 564 3596 637 legis

1947 680 2085 730 suac,
2140 659 2379 732 replevit
2431 676 2566 713 eum
2597 657 2852 712 nubibus
2895 657 3169 712 doctrinae
3203 672 3341 710 suae.
3377 655 3484 710 Sed
3521 654 3593 709 ad

1946 752 2066 807 haec
2109 768 2214 806 nos
2248 749 2472 821 indigni
2522 752 2784 819 pastores
2816 745 2955 818 quid
2987 743 3198 799 dicturi
3233 759 3458 808 sumus,
3493 742 3594 815 qui

1947 841 2164 897 nostris
2195 839 2448 911 peccatis
2479 837 2865 910 exigentibus,
2911 836 2980 890 ab
3015 832 3241 888 arcanis
3271 832 3370 888 Dei
3403 831 3595 887 exclu-

1947 931 2189 986 dimur?
2215 931 2278 983 In
2327 927 2682 984 obscuritate
2730 925 2874 997 legis
2907 923 3186 996 palpones
3218 938 3446 986 sumus,
3479 925 3532 976 et
3564 939 3598 977 a

1949 1019 2144 1093 pluvia
2172 1017 2444 1074 dOClPiDZB
2476 1016 2725 1072 caelestis
2755 1014 3119 1070 arescimus?
3151 1014 3426 1078 Quartam
3450 1010 3599 1066 deci-

1948 1127 2106 1165 mam
2140 1108 2388 1181 gratiam
2423 1106 2602 1179 ponit,
2637 1123 2772 1160 cum
2803 1104 3040 1159 subdit:
3074 1105 3139 1158 Et
3163 1101 3310 1157 dedit
3338 1101 3391 1156 ei
3409 1116 3501 1156 cor
3529 1099 3600 1155 ad

1943 1207 2239 1272 prmcepta.
2288 1197 2528 1268 Utrique
2578 1194 2812 1267 pariter,
2847 1193 3030 1266 Moysi
3062 1191 3285 1247 scilicet
3311 1195 3369 1246 et
3400 1193 3597 1245 nostro

1949 1288 2286 1354 confessori,
2320 1287 2479 1342 dedit
2508 1286 2660 1340 Deus
2699 1301 2796 1339 cor
2825 1283 2897 1338 ad
2930 1285 3217 1354 praecepta
3246 1297 3354 1336 sua
3383 1278 3600 1336 intelli-

1948 1380 2156 1452 genda,
2191 1377 2494 1450 dirigenda
2515 1379 2570 1430 et
2598 1373 2986 1444 exsequenda,
3021 1387 3147 1441 qua:
3170 1370 3217 1426 si
3242 1386 3357 1424 non
3391 1366 3601 1424 intelli-

1948 1473 2180 1540 gantur,
2215 1484 2330 1522 non
2353 1465 2697 1537 diliguntur,
2719 1465 2774 1517 et
2797 1461 2908 1516 nisi
2933 1459 3274 1532 diligantur,
3307 1475 3423 1513 non
3447 1473 3604 1512 exse-

1949 1561 2227 1630 quuntur,
2262 1555 2374 1610 Deo
2402 1554 2462 1609 in
2485 1551 2759 1609 omnibus
2790 1553 3086 1623 operante,
3120 1548 3217 1620 qui
3251 1548 3352 1602 dat
3379 1545 3524 1602 velle
3547 1549 3606 1629 et

1947 1646 2224 1718 perlicere
2254 1645 2422 1713 (Phil.
2458 1642 2542 1714 ιι.)
2576 1643 2778 1707 Quem,
2815 1640 3020 1695 fratres
3068 1636 3203 1704 mei,
3249 1636 3386 1692 totis
3417 1634 3604 1690 anim1

1957 1737 2086 1792 med
2096 1733 2228 1790 ullis
2241 1734 2604 1789 incessanter
2615 1730 2966 1803 flagitemus,
2983 1732 3272 1800 quatenus
3285 1725 3455 1781 nobis
3467 1741 3609 1796 quo-

1953 1843 2065 1899 que
2096 1827 2194 1880 det
2224 1841 2322 1879 cor
2352 1823 2423 1878 ad
2449 1825 2734 1894 praecepta
2756 1836 2863 1874 sua
2885 1817 3169 1882 facienda,
3203 1819 3267 1870 ut
3297 1814 3518 1871 scilicet
3537 1831 3607 1870 ea

1952 1915 2372 1986 intelligamus,
2403 1911 2700 1966 intellecta
2730 1908 3067 1981 diligamus,
3101 1904 3312 1962 dilecta
3343 1902 3606 1977 perﬁcia-

1956 2023 2108 2062 mus.
2143 2004 2414 2069 Quintam
2441 1999 2727 2055 decimam
2747 1998 2993 2071 gratiam
3013 1995 3193 2068 ponit,
3220 2010 3352 2050 cum
3374 1991 3602 2049 subdit:

1954 2099 2019 2151 Et
2051 2096 2220 2162 legem
2248 2094 2377 2148 vitae
2397 2099 2447 2146 et
2465 2089 2796 2161 disciplinae,
2833 2085 3104 2152 subaudi,
3131 2085 3309 2140 dedit.
3332 2084 3402 2138 Et
3423 2081 3606 2156 Moysi

1957 2185 2192 2259 quidem
2226 2183 2379 2237 Deus
2399 2180 2588 2250 legem
2621 2178 2748 2232 vitae
2771 2181 2829 2232 et
2854 2174 3197 2246 disciplinae,
3233 2173 3290 2228 id
3313 2176 3401 2228 est
3419 2171 3607 2244 legem

1958 2291 2086 2346 qua:
2115 2270 2275 2327 ducit
2306 2269 2376 2324 ad
2406 2267 2580 2323 vitam
2603 2283 2704 2338 per
2725 2265 3117 2336 disciplinam,
3147 2262 3195 2318 si
3227 2259 3611 2334 spiritualiter

1957 2361 2336 2434 intelligatur.
2372 2358 2470 2413 Isti
2490 2372 2723 2429 quoque
2745 2353 2996 2427 glorioso
3019 2349 3334 2408 confessori
3365 2348 3611 2422 inspira-

1959 2452 2041 2507 vit
2073 2452 2242 2507 Deus.
2279 2450 2336 2503 in
2387 2464 2485 2503 cor
2515 2447 2645 2516 ejus
2692 2444 2880 2517 legem
2912 2443 3042 2497 vitae
3074 2445 3130 2496 et
3173 2439 3518 2512 disciplinas,
3549 2438 3609 2493 id

1961 2545 2049 2597 est
2076 2541 2263 2612 legem
2311 2554 2429 2610 qua
2472 2537 2597 2608 ipse
2627 2531 3010 2606 spiritualiter
3037 2529 3177 2587 vixit
3204 2533 3262 2586 et
3292 2527 3612 2600 discipulos

1963 2647 2102 2686 suos
2131 2627 2348 2693 docuit,
2381 2627 2602 2681 ducens
2632 2640 2730 2678 eos
2775 2638 2976 2678 secum
3007 2620 3079 2676 ad
3113 2617 3358 2692 gloriam
3391 2617 3613 2688 sempi-

1961 2724 2210 2775 ternam.
2245 2716 2422 2786 Cujus
2453 2711 2678 2769 meritis
2707 2710 2975 2785 gloriosis
3007 2712 3064 2764 et
3092 2705 3614 2764 intercessionibus

1964 2808 2135 2864 nobis
2179 2822 2410 2878 quoque
2457 2803 2676 2858 tribuat
2705 2799 2989 2856 Dominus
3019 2797 3206 2870 legem
3239 2813 3409 2852 suam
3442 2794 3612 2868 spiri-

1965 2897 2203 2953 tualiter
2250 2893 2572 2965 intelligere
2619 2891 2766 2945 etin
2793 2906 2862 2945 ea
2909 2885 3293 2960 spiritualiter
3318 2884 3527 2950 vivere,
3559 2886 3617 2940 et

1968 2986 2137 3041 nobis
2167 2982 2512 3039 commissos
2534 2977 2816 3050 exemplis
2846 2980 2902 3032 et
2924 2975 3116 3031 verbis
3147 2972 3460 3030 efficaciter
3488 2988 3616 3028 eru-

205 3081 332 3121 eum
359 3081 429 3120 θίο
457 3065 607 3120 omni
634 3045 816 3119 mirm-
843 3064 910 3118 Εἴ
940 3045 1175 3136 Moysen
1209 3063 1444 3136 (Ιυίάθῐη
1469 3063 1643 3135 Elegit
1663 3062 1855 3118 Domi‘
1888 3045 1928 3109 C
1969 3076 2114 3142 dire,
2133 3077 2421 3146 quatenus
2437 3069 2614 3126 simul
2637 3045 2771 3124 cu-m
2793 3065 2909 3122 illis
2931 3065 3003 3120 ad
3027 3061 3473 3120 beatitudimem
3496 3059 3619 3116 illo-

207 3170 322 3209 nus
350 3169 419 3209 ex
448 3151 723 3209 omnibus
765 3151 1106 3208 hominibus
1128 3151 1390 3224 judicem
1421 3150 1620 3223 populi
1657 3151 1764 3220 sui,
1803 3156 1860 3206 et

209 3243 266 3297 in
290 3242 629 3298 ministrum
653 3241 955 3315 signorum
981 3240 1498 3313 prodigiorumque
1517 3241 1860 3311 suorumﬁet

210 3330 271 3386 in
301 3329 713 3404 legislatorem.
747 3330 932 3386 Istum
963 3346 1194 3402 quoque
1224 3329 1542 3402 gloriosum
1574 3329 1861 3385 confesso-

214 3437 335 3477 rem
365 3418 538 3492 elegit
585 3419 894 3486 Dominus,
927 3423 991 3474 ut
1033 3417 1296 3491 exemplo
1326 3424 1384 3474 et
1415 3419 1680 3474 doctrina
1709 3422 1862 3474 esset

213 3508 330 3564 dux
356 3507 548 3580 populi
580 3507 692 3576 sui,
727 3508 1108 3580 ministerquc
1133 3507 1489 3563 mirabilium
1513 3525 1775 3580 operum,
1805 3511 1861 3562 et

213 3597 544 3654 divinorum
575 3597 917 3670 praedicator
938 3598 1367 3653 mandatorum.
1395 3597 1626 3652 Utinam
1651 3600 1706 3652 et
1733 3613 1858 3664 nos,

213 3686 424 3742 fratres
453 3687 590 3755 mei,
624 3686 862 3758 elegerit
903 3686 1187 3742 Dominus
1218 3685 1275 3741 in
1309 3687 1484 3742 duces
1515 3685 1712 3758 populi
1745 3684 1859 3751 sui,

213 3779 271 3831 et
301 3775 358 3830 in
394 3775 692 3831 ministros
723 3779 1221 3832 sacramentorum
1245 3792 1506 3842 suorum,
1533 3774 1863 3847 praedicato-

214 3881 422 3936 resque
452 3881 694 3920 suorum
726 3864 1161 3930 mandatorum,
1191 3880 1328 3933 non,
1354 3869 1419 3919 ut
1448 3863 1646 3931 timeo,
1679 3863 1736 3918 in
1766 3881 1863 3918 no-

214 3957 398 4010 stram
430 3953 768 4026 perniciem,
792 3953 892 4009 sed
924 3953 1118 4026 potius
1149 3954 1221 4008 ad
1245 3957 1576 4008 nostrarum
1596 3953 1862 4008 subdito-

217 4059 466 4115 rumque
515 4043 845 4099 animarum
894 4041 1240 4098 utilitatem!
1286 4041 1700 4098 Duodecimam
1730 4058 1860 4114 gra-

213 4131 357 4188 tiam
387 4131 572 4205 ponit,
606 4149 740 4188 cum
772 4131 998 4188 subdit:
1033 4131 1253 4188 Audiuit
1275 4134 1424 4198 enim
1453 4148 1577 4187 eum
1605 4140 1655 4187 et
1686 4148 1863 4187 vocem

215 4222 350 4293 ejus.
383 4221 450 4276 Et
481 4221 708 4294 Moyses
740 4221 977 4293 quidem
1011 4221 1234 4276 audivit
1262 4221 1577 4276 Dominum
1615 4237 1730 4276 non
1762 4237 1864 4293 per

217 4309 670 4381 internuntium,
721 4311 821 4367 sed
854 4326 951 4366 ore
981 4311 1050 4366 ad
1093 4327 1157 4366 os
1190 4310 1298 4366 sibi
1333 4309 1687 4382 loquentem,
1722 4327 1864 4382 quo-

1969 3181 2100 3220 rum
2123 3179 2373 3236 quorum
2399 3158 2742 3216 memoriam
2769 3157 3020 3229 agimus,
3045 3152 3372 3226 pertingere
3394 3167 3614 3207 merea-

1969 3271 2120 3310 mur.
2154 3254 2359 3308 Amen.

2109 3447 2250 3485 IDEM
2285 3447 2353 3484 DE
2382 3445 2590 3484 EODEM.
2625 3442 2812 3481 δειδιΜο
2845 3441 2914 3479 DE
2946 3439 3111 3478 LIBRO
3144 3437 3471 3477 SAPIENTIE.

2038 3524 2258 3577 Justum
2287 3517 2512 3573 deduxit
2543 3517 2808 3573 Dominus
2834 3529 2932 3586 per
2961 3513 3082 3567 vias
3128 3518 3318 3576 rectas,
3351 3517 3403 3564 et
3442 3515 3616 3564 osten-

1967 3610 2050 3665 dit
2093 3610 2182 3664 illi
2229 3624 2421 3676 regum
2466 3607 2564 3662 Dei
2609 3606 2758 3676 (Sap.
2791 3604 2871 3670 x,)
2920 3606 3028 3658 etc.
3083 3601 3198 3656 [lac
3237 3599 3296 3653 in
3351 3597 3618 3662 lectione,

1969 3700 2180 3754 fratres
2212 3697 2344 3763 mei,
2387 3697 2809 3750 enumerantur
2836 3689 3125 3748 sexdecim
3157 3687 3456 3754 beneficia,
3492 3702 3620 3758 qua:

1971 3788 2167 3843 divina
2217 3783 2501 3858 sapientia
2549 3781 2820 3856 praestitit
2865 3779 3044 3836 Jacob
3089 3775 3450 3851 patriarcha.
3484 3776 3620 3842 Quae

1972 3876 2250 3948 quoniam
2280 3880 2334 3930 et
2358 3873 2412 3928 in
2436 3873 2549 3928 isto
2573 3875 2773 3927 sancto
2795 3870 3148 3938 confessore,
3171 3866 3261 3922 cui
3286 3864 3456 3922 hodie
3479 3862 3622 3920 sole-

1971 3963 2318 4028 mnizamus,
2353 3961 2722 4032 reperiuntur
2743 3958 2973 4024 merito,
2995 3961 3052 4011 et
3072 3956 3200 4027 ipsa
3220 3952 3390 4009 lectio
3413 3951 3472 4006 in
3493 3951 3620 4022 ejus

1972 4050 2521 4109 commemoratione
2571 4048 2745 4104 hodie
2790 4045 3084 4102 recitatur.
3140 4043 3403 4098 Primum
3444 4039 3623 4114 igitur

1973 4140 2318 4198 beneficium
2351 4143 2458 4208 est,
2483 4137 2638 4209 quod
2663 4135 2857 4191 divina
2888 4133 3176 4206 sapientia
3195 4131 3424 4188 deduxit
3441 4128 3622 4185 Jacob

1965 4233 2180 4304 justum
2211 4246 2312 4302 per
2341 4230 2457 4283 vias
2484 4235 2677 4296 rectas,
2697 4226 2838 4280 dum
2862 4222 3085 4279 scilicet
3106 4224 3237 4294 post
3266 4216 3622 4276 benedictio-

1975 4321 2066 4376 nis
2116 4315 2670 4390 supplantationem,
2721 4312 2965 4368 consilio
2996 4310 3202 4366 matris
3245 4327 3362 4367 sum
3394 4307 3624 4380 fugiens

218 4400 397 4467 niam,
431 4404 497 4454 ut
525 4399 824 4471 Scriptura
857 4403 1124 4468 testatur,
1159 4399 1242 4454 sic
1273 4399 1638 4454 familiariter
1667 4399 1864 4471 loque-
1897 4420 1942 4483 D
1974 4410 2209 4465 fratrem
2243 4423 2417 4462 suum
2447 4406 2620 4470 Esau,
2657 4401 2906 4474 perrexit
2935 4400 3006 4455 ad
3027 4399 3222 4455 Laban
3250 4413 3424 4453 suum
3450 4412 3626 4451 avun-

216 4489 392 4545 batur
428 4489 502 4559 ei,
535 4493 600 4544 ut
629 4489 856 4544 amicus
887 4489 959 4544 ad
993 4489 1248 4544 amicum
1280 4489 1468 4560 (Exod.
1503 4492 1723 4557 XXXIII.)
1756 4489 1866 4544 Istc

217 4593 452 4650 quoque
494 4577 698 4634 beatus
749 4579 1046 4634 confessor
1093 4577 1314 4632 audivit
1361 4578 1696 4643 Dominum,
1750 4594 1864 4632 non

217 4671 448 4722 tantum
468 4683 569 4739 per
586 4666 960 4740 interpretem
976 4671 1032 4722 et
1047 4683 1149 4739 per
1168 4667 1553 4739 Scripturam,
1574 4667 1674 4721 sed
1687 4667 1864 4722 etiam

219 4755 602 4828 spiritualiter
626 4755 785 4812 intus
813 4755 923 4812 sibi
955 4755 1310 4828 loquentem,
1346 4773 1379 4810 a
1410 4772 1524 4828 quo
1556 4757 1757 4811 datum
1781 4759 1870 4812 est

219 4843 272 4901 ei
305 4844 457 4901 sicut
486 4846 706 4912 audire,
741 4846 823 4901 ita
851 4849 908 4900 et
951 4844 1201 4901 obedire.
1238 4845 1469 4900 Utinam
1504 4848 1560 4900 et
1589 4863 1715 4913 nos,
1749 4847 1868 4900 fra-

217 4937 338 4990 tres
396 4933 529 5002 mei,
600 4934 773 4990 faciat
841 4934 1123 4990 Dominus
1195 4933 1441 4990 interius
1512 4934 1714 4990 audire
1771 4951 1868 4990 vo-

219 5039 347 5078 cem
398 5040 567 5079 suam
617 5023 807 5080 dando
857 5023 1026 5080 nobis
1072 5023 1322 5096 gratiam
1374 5041 1542 5079 suam
1594 5024 1868 5080 audiendi

222 5111 440 5186 pariter
512 5117 570 5168 et
644 5113 969 5170 obediendi.
1045 5112 1301 5168 Tertiam
1375 5112 1662 5168 decimam
1741 5129 1870 5186 gra-

221 5199 367 5256 tiam
416 5201 598 5274 ponit,
648 5219 782 5258 cum
827 5201 1057 5258 subdit:
1107 5203 1171 5256 Et
1219 5201 1440 5256 induxit
1485 5218 1610 5256 eum
1661 5204 1719 5256 in
1767 5219 1870 5256 nu-

225 5291 362 5346 bem.
399 5290 464 5346 Et
512 5291 746 5364 Moysen
780 5291 1015 5364 quidem
1063 5289 1294 5346 induxit
1341 5290 1622 5345 Dominus
1671 5291 1730 5346 in
1764 5308 1874 5346 nu-

223 5380 360 5436 bem
391 5380 745 5453 operientem
778 5384 1034 5437 montem
1065 5380 1224 5436 Sinai
1254 5379 1440 5450 (Exod.
1475 5381 1616 5452 x1x,)
1649 5381 1748 5436 ubi
1779 5383 1875 5437 de-

225 5467 315 5526 dit
342 5468 392 5526 ei
432 5467 643 5544 legem,
689 5471 1096 5528 demonstrans
1145 5467 1205 5524 in
1235 5468 1345 5527 hoc
1377 5469 1531 5541 quod
1565 5470 1878 5526 inducebat

1977 4497 2174 4554 culum
2208 4495 2264 4550 in
2298 4491 2801 4566 Mesopotamiam.
2833 4489 3018 4544 Istum
3041 4503 3274 4559 quoque
3303 4482 3623 4556 gloriosum

1977 4586 2366 4643 confessorem
2422 4580 2662 4638 deduxit
2707 4579 2910 4635 eadem
2951 4572 3254 4648 sapientia,
3291 4572 3385 4627 Dei
3421 4571 3622 4639 Filius,

1977 4693 2080 4748 per
2103 4675 2226 4730 vias
2255 4676 2441 4728 rectas
2473 4669 2882 4725 mandatorum
2906 4665 3022 4735 Dei,
3046 4667 3110 4719 ut
3129 4660 3398 4717 videlicet
3417 4677 3532 4715 non
3553 4659 3624 4714 ad

1978 4764 2278 4819 sinistram
2332 4776 2518 4832 neque
2567 4759 2639 4814 ad
2680 4759 2974 4813 dexteram
3023 4751 3332 4808 declinare.
3387 4749 3454 4804 Et
3482 4764 3629 4820 quo-

1981 4853 2151 4908 modo
2186 4851 2462 4906 deduxit?
2495 4845 2804 4903 Promissis
2825 4862 2960 4902 eum
2992 4841 3313 4906 invitando,
3346 4837 3497 4893 viam
3521 4854 3628 4893 suo

1979 4939 2242 5012 exemplo
2291 4938 2342 4992 ei
2395 4936 2872 5000 demonstrando,
2928 4949 3106 4988 manu
3139 4931 3232 4987 sui
3265 4926 3464 4984 auxilii
3495 4942 3630 4981 eum

1981 5035 2112 5101 post
2147 5045 2207 5084 se
2240 5025 2541 5082 trahendo.
2576 5025 2649 5080 Ut
2677 5029 2876 5079 autem
2907 5027 2964 5078 et
2995 5038 3102 5076 nos
3138 5018 3418 5074 Dominus
3447 5015 3630 5070 dedu-

1983 5122 2074 5173 cat
2105 5133 2207 5188 per
2233 5115 2356 5172 vias
2387 5117 2593 5181 rectas,
2627 5113 2949 5168 clamamus
2987 5110 3057 5166 ad
3093 5125 3227 5165 eum
3259 5110 3378 5162 toto
3407 5103 3634 5159 deside-

1983 5206 2088 5270 rio,
2120 5206 2324 5258 fratres
2373 5201 2505 5258 mei.
2567 5201 2899 5257 Clumemus
2931 5198 3049 5254 sic:
3087 5217 3114 5245 «
3146 5194 3335 5251 Trahe
3366 5209 3471 5248 nos
3502 5194 3638 5264 post

1985 5300 2062 5360 te,
2122 5309 2426 5348 curremus
2501 5290 2561 5345 in
2629 5290 2805 5346 odore
2885 5289 3321 5361 unguentorum
3397 5286 3636 5336 tuorum

1986 5385 2165 5454 (Cant.
2201 5385 2264 5448 1.)
2297 5403 2324 5430 »
2357 5380 2690 5437 Secundum
2734 5377 3086 5434 beneficium
3117 5378 3224 5441 est,
3257 5371 3413 5443 quod
3445 5367 3639 5424 Domi-

1988 5490 2100 5530 nus
2145 5471 2371 5528 ostendit
2428 5470 2607 5527 Jacob
2658 5483 2888 5539 regnum
2943 5465 3067 5535 Dei,
3121 5461 3357 5536 quando
3419 5454 3646 5515 scilicet
