3984 6082
416 227 588 299 ἰδοῦ

1700 240 2101 308 RADULPHI
2143 241 2559 308 ARDENTIS.

3685 235 3844 304 1600

414 366 694 429 ostendit
717 371 774 427 et
800 366 859 427 in
891 368 1115 430 somnis
1163 366 1380 431 scalam
1414 390 1447 431 a
1476 373 1644 432 terris
1675 374 2076 449 attingentem,
2108 377 2163 445 Α
2192 375 2628 433 damnationem
2661 378 3023 450 aggerentes.
3059 371 3295 432 Utinam
3322 376 3386 431 et'
3407 369 3536 447 ejus
3568 373 3850 448 precibus

431 465 489 517 et
509 461 754 534 angelos
787 463 1169 520 ascendentes
1196 468 1252 519 et
1281 465 1697 521 descendentes
1726 481 1829 538 per
1847 483 1998 533 eam,
2027 469 2084 520 et

419 551 744 608 Dominum
777 552 1041 608 innixum
1069 553 1235 610 scala:
1259 557 1370 610 sibi
1393 554 1679 610 dicentem
1707 573 1720 611 :
1757 578 1782 604 ‹‹
1809 556 1926 629 Ego
1949 572 2080 610 sum

431 639 584 696 Deus
615 641 909 697 Abraham
932 646 988 698 et
1013 643 1170 698 Isaac
1201 643 1350 712 (Gen.
1383 647 1606 712 xxvm.)
1626 667 1653 693 ››
1689 645 1828 699 iluic
1851 661 2083 716 quoque

413 728 597 785 beato
647 731 963 786 confessori
1018 732 1272 787 ostendit
1337 733 1613 788 Dominus
1653 734 1830 789 etiam
1862 734 1921 788 in
1973 733 2082 788 hac

427 818 547 874 vita
576 835 818 892 regnum
854 837 1028 876 suum
1063 837 1164 892 per
1195 838 1368 877 sacrae
1411 822 1720 894 Scripturae
1753 823 2080 896 intelligen-

428 903 594 972 tiam,
628 925 732 979 per
762 908 1125 981 spiritualem
1149 909 1721 983 contemplationem,
1752 929 1854 984 per
1873 928 2080 984 quam-

429 997 563 1052 dam
595 998 802 1052 futurae
827 998 1204 1054 beatitudinis
1227 1000 1705 1071 praelibationem.
1732 1003 1895 1056 Nunc
1923 1017 2077 1067 vero,

427 1101 599 1141 carne
616 1086 884 1159 spoliato,
913 1089 1168 1143 ostendit
1193 1089 1331 1143 illud
1353 1106 1454 1162 per
1469 1089 1836 1162 praesentiam
1862 1089 2082 1144 fruitio-

425 1175 520 1230 nis
551 1174 711 1248 regni
742 1177 890 1246 ejus.
928 1176 1160 1233 Utinam
1184 1183 1242 1233 et
1271 1179 1462 1244 nobis,
1497 1179 1703 1233 fratres
1725 1179 1859 1248 mei,
1884 1182 2078 1234 osten-

427 1265 526 1319 dat
558 1264 828 1321 similiter
857 1283 1102 1338 regnum
1135 1283 1330 1333 suum,
1357 1273 1646 1340 quatenus
1669 1269 1796 1338 ejus
1827 1268 2000 1324 odore
2023 1273 2080 1323 et

417 1341 712 1410 desiderio
725 1355 1050 1420 trahamur,
1071 1355 1329 1412 dicentes
1347 1373 1478 1412 cum
1494 1356 1831 1413 Psalmista:
1850 1358 2077 1422 «Quam

425 1459 640 1515 magna
683 1443 994 1501 multitudo
1043 1444 1370 1501 dulcedinis
1416 1450 1550 1514 tuaz,
1602 1447 1864 1516 Domine,
1899 1464 2076 1518 quam

422 1532 730 1588 ostendisti
761 1533 1107 1590 timentibus
1129 1535 1210 1590 tel
1243 1535 1412 1607 (Psal.
1436 1539 1594 1603 xxx.)
1615 1536 1876 1591 Tertium
1902 1536 2076 1592 bene-

423 1620 622 1677 ficium
653 1626 742 1678 est
771 1623 924 1695 quod
953 1624 1232 1679 Dominus
1251 1624 1398 1680 dedit
1423 1624 1604 1680 Jacob
1633 1627 1920 1681 scientiam
1947 1643 2074 1680 san-

422 1719 630 1816 qtorurn
654 1727 667 1766 :
699 1728 875 1816 quam
903 1712 1113 1768 habuit
1142 1718 1263 1769 tam
1287 1714 1348 1769 in
1369 1713 1790 1787 temporalibus
1813 1731 1992 1786 quam
2016 1715 2076 1769 in
2106 1751 2153 1816 B

375 1823 390 1828 -~
421 1798 634 1856 divinis
684 1801 877 1857 rebus.
930 1802 1144 1858 Rerum
1177 1803 1336 1858 enim
1371 1807 1612 1859 naturas
1643 1803 2072 1871 animadvertit,

421 1904 515 1944 res
545 1889 897 1963 temporales
929 1892 1247 1964 prudenter
1295 1893 1669 1960 ministravit,
1702 1893 1955 1949 visiones
1984 1893 2080 1948 in-

418 1978 658 2046 tellexit,
693 1979 965 2052 spiritum
987 1981 1380 2053 prophetiaein
1412 1983 1525 2038 fine
1550 1983 1774 2038 habuit.
1801 1983 1915 2038 Iste
1935 1999 2076 2055 quo-

420 2083 534 2140 que
579 2073 820 2124 sanctus
863 2069 1159 2126 confessor
1207 2070 1511 2127 scientiam
1561 2074 1680 2126 tam
1709 2076 2072 2138 terrenorum

420 2174 599 2229 quam
617 2157 940 2213 caelestium
959 2157 1184 2230 habuit,
1203 2158 1304 2231 qui
1321 2163 1602 2232 tanquam
1623 2160 1880 2232 prudens
1903 2177 2074 2233 nego-

420 2246 615 2312 tiator,
636 2264 726 2303 res
749 2263 864 2304 non
883 2264 951 2304 ex
967 2249 1242 2321 opinione
1261 2250 1585 2304 secundum
1609 2265 1778 2305 suam
1801 2253 2072 2305 naturam

421 2325 694 2408 pensans,
730 2337 964 2392 inventa
993 2355 1110 2393 una
1147 2337 1400 2410 pretiosa
1429 2339 1763 2410 margarita,
1811 2338 2074 2394 vendidit

419 2412 618 2480 omnia
646 2443 774 2497 qua
804 2425 1010 2481 habuit
1040 2431 1096 2482 et
1125 2427 1266 2482 emit
1307 2443 1436 2482 eam
1472 2428 1674 2498 (Matth.
1707 2433 1854 2495 xm.)
1885 2428 2069 2491 Quam

417 2511 722 2570 scientiam
749 2519 804 2570 et
834 2509 1023 2583 nobis,
1049 2516 1256 2572 fratres
1289 2516 1423 2581 mei,
1456 2515 1737 2572 Dominus
1769 2515 2069 2589 largiatur,

420 2592 712 2676 quatenus
727 2603 927 2660 omnia
945 2609 1194 2671 terrena,
1221 2609 1506 2678 tanquam
1530 2609 1803 2672 stercora,
1829 2606 1890 2661 in
1913 2623 2069 2661 com-

409 2681 720 2765 paratione
751 2693 1071 2750 coelestium
1101 2699 1461 2767 reputantes,
1497 2694 1617 2751 haec
1651 2713 1755 2768 pro
1786 2694 1904 2751 illis
1933 2696 2072 2751 dare

419 2785 478 2838 et
505 2774 1256 2839 commutarefestinemus.
1287 2787 1568 2850 Quartum
1591 2785 1938 2841 beneficium
1961 2788 2068 2852 est,

420 2873 575 2944 quod
621 2873 904 2929 Dominus
951 2875 1252 2931 honestavit
1293 2873 1474 2931 Jacob
1507 2877 1565 2930 in
1616 2875 1890 2930 laboribus
1923 2874 2066 2943 suis,

418 2960 640 3018 scilicet
685 2961 915 3020 labores
945 2963 1073 3035 ejus
1120 2963 1445 3037 dirigenda,
1493 2970 1549 3020 et
1578 2965 1636 3020 in
1671 2965 1886 3020 bonum
1937 2981 2068 3036 pro-

417 3051 612 3108 venire
646 3051 908 3108 faciendo
940 3057 997 3108 et
1027 3069 1129 3125 per
1171 3053 1472 3109 servitium
1505 3055 1634 3124 ejus
1663 3055 1838 3110 etiam
1872 3053 2068 3109 Laban

2191 465 2462 540 gloriosis
2491 466 2661 522 nobis
2678 466 2963 522 Dominus
2983 465 3043 520 in
3063 464 3486 521 tentationibus
3509 465 3689 532 adsit,
3711 481 3854 537 ape-

2192 555 2303 610 riat
2335 556 2505 611 nobis
2544 555 2792 611 insidias
2823 555 3048 610 Satanae
3079 559 3136 610 et
3167 554 3342 610 faciat
3373 553 3543 610 nobis
3575 554 3636 608 in
3667 554 3857 609 victo-

2191 644 2336 701 riam
2371 645 2707 718 provenire!
2765 645 3092 717 Septimum
3143 643 3494 699 beneficium
3540 647 3654 708 est,
3701 644 3856 715 quod

2192 735 2476 790 Dominus
2525 736 2809 790 honestum
2843 736 2975 806 fecit
3000 734 3202 799 Jacob,
3237 737 3438 805 utpote
3471 748 3654 804 quem
3688 733 3858 788 bonis

2191 823 2456 878 moribus
2478 823 2832 890 exornando,
2855 822 3170 878 virtutibus
3186 819 3562 888 illustrando,
3577 821 3856 892 operibus

2191 912 2541 979 decorando,
2576 929 2681 967 suo
2708 911 2963 983 alloquio
2985 910 3280 983 dignando
3314 908 3591 964 omnibus
3627 910 3853 964 seculis

2188 1002 2585 1056 venerandum
2621 999 2753 1055 fecit.
2774 1004 2948 1072 atque
2978 998 3361 1054 laudandum.
3395 999 3582 1054 Istum
3619 1015 3851 1070 quoque

2188 1091 2510 1163 gloriosum
2564 1091 2958 1146 confessorem
3010 1089 3325 1144 honestum
3375 1088 3530 1156 fecit,
3581 1088 3848 1144 videlicet

2188 1181 2490 1236 honestate
2536 1185 2747 1236 sancta:
2799 1179 3280 1248 conversationis,
3329 1177 3640 1233 honestate
3691 1177 3846 1232 bona:

2189 1269 2503 1341 opinionis,
2558 1269 2863 1324 honestate
2909 1267 3213 1335 virtutum,
3259 1267 3568 1322 honestate
3591 1267 3847 1322 miracu-

2186 1358 2400 1415 lorum.
2438 1359 2694 1425 Utinam,
2729 1359 2939 1414 fratres
2971 1357 3107 1424 mei,
3137 1361 3194 1412 et
3222 1373 3329 1412 nos
3361 1355 3650 1412 Dominus
3681 1355 3850 1411 faciat

2187 1447 2484 1512 honestos,
2515 1452 2581 1502 ut
2611 1463 2844 1504 omnem
2877 1447 3304 1502 inhonestatem
3340 1445 3658 1517 fugientes,
3685 1443 3738 1499 ei
3761 1443 3852 1500 bo-

2189 1542 2350 1593 neste
2383 1553 2714 1593 mereamur
2742 1535 3112 1592 ministrare!

2258 1627 2536 1682 Octavum
2583 1625 2931 1682 beneﬁcium
2977 1629 3086 1691 est,
3128 1624 3284 1696 quod
3336 1623 3626 1679 Dominus
3673 1631 3848 1679 custo-

2185 1717 2325 1772 divit
2365 1716 2545 1772 Jacob
2589 1717 2658 1771 ab
2705 1717 2972 1781 inimicis,
3003 1713 3274 1769 videlicet
3303 1730 3337 1768 a
3387 1713 3564 1768 fratre
3593 1727 3714 1767 suo
3743 1716 3799 1768 et
3821 1729 3850 1767 a

2183 1805 2548 1873 Chananazis,
2602 1805 2840 1860 fratrem
2888 1821 3063 1860 suum
3113 1802 3164 1858 ei
3211 1801 3555 1874 paciﬁcans,
3607 1805 3848 1857 caeteros

2185 1911 2256 1950 ne
2303 1893 2352 1949 ei
2412 1910 2621 1950 nocere
2679 1897 2918 1965 possent
2975 1892 3294 1948 refrenans.
3360 1891 3546 1946 Istum
3610 1907 3848 1962 quoque

2183 1983 2421 2039 beatum
2472 1983 2865 2038 confessorem
2915 1980 3232 2036 custodivit
3280 1979 3564 2035 Dominus
3613 1980 3692 2035 ab
3738 1980 3841 2034 ini-

2184 2072 2353 2128 micis
2381 2072 2526 2139 suis,
2559 2088 2676 2126 non
2700 2071 2856 2143 quod
2881 2068 3128 2141 injurias
3162 2086 3275 2125 non
3306 2068 3612 2136 inferrent,
3645 2069 3751 2124 sed
3777 2085 3842 2124 ne

2182 2161 2234 2218 ei
2266 2162 2615 2233 injuriantes
2647 2164 2941 2228 nocerent,
2967 2159 3084 2214 imo
3118 2157 3314 2231 potius
3348 2158 3724 2232 prodessent.
3756 2157 3841 2213 Sic

2182 2267 2391 2324 nempe
2423 2250 2704 2306 Dominus
2726 2248 2936 2305 melius
2966 2247 3260 2321 apostolos
3291 2253 3349 2304 et
3380 2252 3679 2320 martyres
3710 2264 3840 2304 suos

2181 2340 2482 2396 consuevit
2530 2339 2797 2395 liberare.
2853 2337 3035 2403 Unde,
3090 2338 3300 2393 fratres
3328 2335 3463 2404 mei,
3498 2341 3762 2402 orantes,
3792 2336 3837 2390 ei

2181 2429 2370 2485 dicere
2388 2429 2698 2485 debemus:
2733 2451 2761 2478 «
2781 2433 2859 2482 Da
2886 2427 3054 2483 nobis
3073 2425 3354 2482 auxilium
3377 2425 3837 2482 detribulatione

2181 2519 2349 2591 (Psal.
2385 2521 2520 2586 LIX.)
2545 2537 2571 2568 υ
2610 2534 2726 2572 non
2757 2533 2792 2572 a
2811 2515 3211 2582 tribulatione,
3238 2514 3407 2587 quasi
3433 2513 3624 2570 dicat:
3651 2515 3837 2586 Ipsam

2178 2607 2618 2663 tribulationem
2669 2607 2760 2662 fac
2807 2604 2977 2662 nobis
3025 2604 3085 2660 in
3134 2604 3458 2676 profectum
3517 2603 3838 2676 provenire.

2179 2697 2410 2752 Nonum
2433 2695 2780 2752 beneficium
2805 2699 2916 2764 est,
2949 2695 3104 2766 quod
3131 2692 3418 2749 Dominus
3439 2695 3647 2749 tutavit
3663 2693 3839 2748 Jacob

2177 2786 2564 2851 seductoribus,
2598 2783 2868 2840 videlicet
2897 2801 2931 2838 a
2960 2783 3204 2839 crimine
3235 2783 3440 2838 Simon
3468 2787 3527 2838 et
3560 2782 3728 2846 Levi,
3752 2781 3845 2854 qui

2180 2875 2238 2930 in
2271 2875 2400 2931 dolo
2449 2875 2789 2930 occiderunt
2833 2889 3027 2946 regem
3071 2876 3128 2928 et
3159 2870 3442 2944 populum
3498 2872 3574 2926 de
3603 2871 3842 2937 Sichen,

2180 2964 2395 3036 quibus
2443 2967 2644 3036 postea
2689 2961 3128 3034 improperavit.
3162 2961 3400 3017 dicens:
3439 2983 3466 3010 «
3503 2960 3567 3016 In
3600 2960 3846 3016 consilio

2179 3071 2380 3110 eorum
2413 3069 2528 3108 non
2556 3051 2751 3108 veniat
2779 3051 2978 3107 anima
3008 3067 3140 3106 mea
3187 3051 3340 3123 (Gen.
3372 3049 3550 3122 χιιι.)
3582 3072 3612 3100 ››
3661 3049 3843 3105 Istum

417 3140 881 3214 multiplicando.
902 3117 1082 3198 Istum
1099 3159 1331 3215 quoque
1343 3117 1662 3215 gloriosum
1676 3143 2068 3199 confessorem
2100 3117 2143 3184 Ο
2182 3159 2415 3216 quoque
2444 3142 2680 3197 beatum
2712 3141 3103 3196 confessorem
3130 3117 3345 3195 tu‘tavit
3371 3117 3664 3194 Dominus
3695 3157 3732 3195 a
3761 3156 3842 3195 se-

415 3228 746 3287 honestavit
776 3231 834 3286 in
885 3231 1186 3288 laboribus
1234 3231 1378 3299 suis,
1414 3231 1553 3304 quia
1583 3232 1632 3288 ei
1668 3232 1722 3286 in
1772 3231 2071 3288 laboribus

417 3319 542 3376 suis
572 3323 629 3376 et
657 3319 870 3376 studiis
919 3319 1182 3376 honestis
1231 3319 1593 3391 exercitium,
1625 3325 1681 3376 et
1710 3321 1767 3375 in
1799 3320 2070 3376 exercitio

417 3407 683 3476 honesto,
717 3408 1021 3464 honestam
1045 3408 1473 3464 exsecutionem
1505 3409 1685 3465 dedit.
1721 3410 1885 3465 Sicut
1913 3409 2069 3465 enim

413 3497 717 3569 turpitudo
751 3496 1017 3552 laborum
1051 3497 1412 3553 laborantem
1443 3499 1736 3570 deturpat,
1770 3499 1852 3552 ita
1883 3503 1937 3553 et
1969 3499 2069 3556 ho-

415 3588 612 3641 nestas
641 3584 910 3641 laborum
942 3585 1304 3641 laborantem
1335 3586 1621 3643 honestat.
1657 3587 1820 3652 Hinc,
1864 3588 2070 3644 fratres

345 3679 390 3711 -’
413 3674 552 3741 mei,
583 3673 894 3730 inhonesta
919 3675 1152 3746 negotia
1177 3675 1394 3748 fugere,
1417 3675 1781 3748 honesteque
1802 3676 2071 3749 frequen-

383 3766 541 3819 tare
588 3763 953 3818 studeamus.
1009 3763 1288 3828 Quintum
1343 3764 1690 3820 beneficium
1749 3771 1858 3831 est,
1911 3767 2064 3838 quod

413 3855 568 3907 Deus
597 3853 885 3924 complevit
929 3853 1138 3909 labores
1187 3855 1380 3926 ipsius,
1417 3855 1557 3926 quia
1586 3855 1764 3910 Jacob
1797 3872 2066 3923 uxorum,

385 3945 388 3950 '
415 3939 690 4008 filiorum,
709 3941 962 4007 familiae,
987 3957 1274 3998 annorum
1290 3943 1874 4015 rerumqueomnium
1897 3943 2070 4016 plena

415 4028 688 4109 felicitate
714 4031 1162 4086 consummavit.
1185 4031 1360 4088 Istius
1377 4048 1611 4104 quoque
1633 4031 1816 4088 sancti
1843 4032 2068 4088 confes-

392 4119 565 4175 soris
595 4118 823 4175 labores
840 4119 1166 4192 complevit,
1196 4121 1496 4192 quoniam,
1516 4121 1839 4176 secundum
1859 4137 2067 4194 propo-

415 4208 596 4264 situm
620 4225 738 4263 suae
755 4208 1095 4275 vocationis,
1123 4209 1322 4265 omnia
1339 4226 1655 4282 cooperans
1681 4211 1732 4267 ei
1747 4211 1805 4265 in
1823 4211 2065 4277 bonum,

387 4295 717 4364 virtutum,
751 4315 980 4353 morum
1035 4298 1496 4371 meritorumque
1541 4299 1902 4371 plenitudine
1931 4316 2066 4356 eum

416 4385 755 4441 cumulavit.
814 4385 995 4456 Cujus
1051 4386 1320 4459 gloriosis
1379 4389 1670 4460 precibus,
1723 4395 1778 4444 et
1836 4393 2066 4444 nostros

2179 3232 2520 3289 ductoribus
2550 3229 2891 3302 caaterisque
2935 3228 3362 3302 peccatoribus.
3395 3245 3469 3284 ne
3515 3244 3732 3284 eorum
3761 3227 3842 3284 vel

2179 3320 2493 3393 palpando,
2526 3319 2615 3375 vel
2655 3319 3094 3387 consentiendo,
3127 3317 3214 3373 vel
3245 3317 3511 3383 tacendo,
3549 3318 3841 3389 particeps

2181 3411 2358 3466 ﬁeret.
2389 3411 2450 3464 In
2471 3427 2585 3482 quo
2603 3409 2866 3482 plerique
2887 3412 3156 3464 nostrum
3179 3409 3438 3479 peccant,
3461 3406 3563 3478 qui
3590 3405 3838 3463 aliorum

2179 3504 2417 3572 peccata
2435 3498 2678 3554 tacendo
2702 3498 2915 3563 fovent,
2948 3496 3101 3552 unde
3124 3513 3158 3552 a
3174 3494 3419 3551 Domino
3445 3517 3472 3544 ‹‹
3493 3511 3680 3550 canes
3701 3494 3839 3550 muti

2180 3605 2295 3644 non
2323 3587 2582 3644 valentes
2603 3586 2818 3642 latrare
2841 3587 2972 3658 (Isa.
3005 3589 3118 3654 va)
3145 3607 3164 3634 ιι
3196 3588 3497 3640 vocantur.
3535 3583 3837 3640 Decimum

2180 3677 2527 3734 beneﬁcium
2560 3680 2668 3744 est,
2703 3677 2858 3748 quod
2887 3673 3171 3730 Dominus
3198 3673 3344 3729 dedit
3366 3673 3550 3729 Jacob
3571 3680 3841 3728 certamen

2176 3770 2332 3839 forte,
2367 3775 2428 3822 ut
2455 3768 2736 3832 vinceret,,
2771 3764 3006 3836 quando
3039 3761 3261 3820 scilicet
3294 3761 3558 3817 luctatus
3589 3765 3684 3817 est
3715 3777 3839 3817 cum

2179 3855 2404 3928 angelo,
2440 3855 2498 3910 id
2530 3857 2618 3910 est
2660 3870 2794 3909 cum
2836 3852 3225 3908 Domino~sub
3257 3849 3448 3923 specie
3480 3849 3708 3923 angeli,
3745 3865 3840 3906 nec

2179 3944 2448 4016 quamvis
2481 3943 2675 4008 laesus,
2709 3959 2846 3998 eum
2891 3940 3138 4008 dimisit,
3173 3941 3357 3996 donec
3387 3939 3437 3995 ei
3469 3939 3842 3995 benediceret

2177 4035 2330 4103 (Gen.
2362 4033 2566 4103 xxxn.)
2621 4030 2724 4087 Isti
2756 4047 2988 4102 quoque
3036 4029 3289 4102 glorioso
3321 4027 3652 4084 confessori
3686 4029 3840 4084 dedit

2177 4121 2459 4177 Dominus
2489 4119 2893 4176 fortitudinem
2925 4118 3181 4174 certandi
3214 4121 3270 4173 et
3308 4117 3750 4190 perseverandi,
3782 4120 3840 4172 ut

2177 4211 2398 4268 scilicet
2430 4209 2701 4282 quamvis
2731 4208 3024 4274 infirmus,
3055 4211 3268 4279 petere,
3289 4205 3528 4279 pulsare
3547 4223 3672 4262 non
3697 4206 3840 4262 desi-

2176 4305 2369 4367 steret,
2405 4300 2588 4355 donec
2621 4296 2791 4370 quasi
2823 4296 3052 4352 Domini
3085 4296 3450 4352 severitatem
3502 4301 3833 4368 superaret,

2175 4394 2231 4445 et
2259 4407 2392 4445 eum
2424 4388 2496 4444 ad
2528 4387 2580 4443 ei
2601 4385 3064 4443 benedicendum
3087 4384 3410 4440 inclinaret.
3435 4384 3622 4455 cuius
3647 4401 3835 4440 exemv

416 4475 643 4531 utinam
692 4475 920 4531 labores
964 4475 1238 4549 dignetur
1275 4477 1557 4532 Dominus
1589 4478 1648 4532 in
1680 4478 1899 4533 bonum
1930 4495 2064 4533 con-
2097 4491 2144 4556 D
2175 4478 2290 4550 plo,
2313 4479 2518 4533 fratres
2541 4474 2985 4546 mei,instructi,
3008 4474 3068 4530 in
3089 4473 3347 4529 oratione
3363 4488 3830 4544 perseveremus,

416 4564 594 4636 plere,
651 4568 708 4620 et
737 4581 976 4621 cursum
1007 4565 1135 4620 vitae
1190 4570 1399 4621 nostris
1429 4566 1501 4620 de
1544 4567 1696 4622 bono
1747 4565 1806 4622 in
1855 4566 2067 4623 melius

417 4669 828 4710 consummare
845 4652 858 4709 Ι
874 4655 1110 4710 Sextum
1125 4653 1472 4710 beneﬁcium
1490 4659 1596 4723 est,
1616 4657 1770 4727 quod
1787 4655 2067 4712 Dominus

417 4743 596 4815 adfuit
642 4743 822 4800 Jacob
867 4731 1066 4816 fraude
1113 4745 1677 4800 circum-venientium.
1729 4745 1873 4800 Cum
1913 4745 2068 4800 enim

419 4831 616 4888 Laban
649 4832 933 4906 cogitaret
959 4832 1139 4888 Jacob
1171 4831 1610 4897 circumvenire,
1644 4836 1700 4888 et
1743 4834 2068 4889 mercedem

419 4921 548 4992 ejus
568 4923 849 4976 mutando
875 4920 1160 4989 minuere,
1181 4921 1464 4978 Dominus
1485 4921 1799 4978 consilium
1821 4923 1872 4978 ei
1890 4923 2068 4991 dedit,

420 5026 492 5064 ne
523 5009 682 5064 fraus
714 5009 764 5064 ei
795 5011 1045 5079 obesset,
1083 5011 1183 5066 sed
1215 5009 1410 5082 potius
1439 5011 1635 5066 Laban
1669 5011 1926 5083 seipsum
1960 5013 2072 5068 cir-

422 5096 800 5152 cumveniret.
836 5099 981 5154 Huic
1012 5115 1245 5172 quoque
1265 5098 1515 5171 glorioso
1538 5101 1854 5157 confessori
1884 5102 2074 5157 adfuit

423 5184 706 5240 Dominus
757 5185 816 5240 in
867 5185 1067 5243 fraude
1115 5187 1717 5255 circumvenientium,
1769 5190 2070 5261 quoniam,

423 5289 560 5330 cum
591 5272 862 5329 diabolus
894 5274 1286 5348 diabolicique
1316 5277 1582 5332 homines
1611 5295 1745 5332 eum
1798 5279 2067 5335 tentatio-

389 5365 392 5368 ’
425 5362 602 5418 nibus
636 5362 920 5433 parabant
949 5363 1390 5434 circumvenire,
1427 5364 1672 5422 Domino
1703 5374 2072 5440 procurante,

425 5449 749 5507 econtrario
780 5451 891 5507 sibi
909 5453 1054 5526 ipsis
1071 5456 1375 5524 nocebant,
1400 5461 1458 5511 et
1477 5456 1644 5512 illum
1658 5459 1963 5529 juvabant,
1989 5458 2074 5514 illi

426 5540 792 5600 occasionem
845 5541 1095 5602 victoria
1147 5543 1375 5612 dantes,
1407 5549 1464 5601 et
1512 5545 1748 5604 sibimet
1790 5549 2073 5620 majorem

2177 4585 2282 4624 nec
2311 4567 2668 4622 desistamus
2697 4566 2880 4621 donec
2910 4564 2982 4620 ab
3014 4579 3080 4619 eo
3110 4558 3548 4618 benedicamur.
3584 4561 3832 4618 Undeci-

2177 4673 2340 4712 mum
2372 4652 2718 4710 beneficium
2751 4657 2858 4721 est,
2885 4653 3039 4724 quod
3063 4651 3162 4707 Dei
3195 4650 3481 4722 sapientia
3501 4667 3614 4705 non
3634 4651 3832 4706 dereli-

2178 4747 2314 4816 quit,
2345 4742 2560 4815 Joseph
2600 4742 2815 4814 justum
2857 4741 3155 4807 venditum,
3203 4738 3296 4794 sed
3346 4737 3606 4794 liberavit
3645 4754 3777 4793 eum
3805 4753 3836 4792 a

2181 4833 2482 4905 Putiphar,
2512 4831 2612 4903 qui
2643 4847 2778 4886 eum
2809 4829 2952 4886 emit
2981 4835 3048 4884 ut
3076 4829 3330 4884 traderet
3361 4827 3418 4882 in
3453 4843 3604 4883 usus
3635 4831 3836 4900 turpes

2181 4928 2237 4978 et
2265 4922 2440 4979 etiam
2459 4921 2531 4976 ab
2548 4935 2724 4976 uxore
2741 4919 2868 4990 ejus
2899 4916 3368 4990 concupiscente.
3392 4916 3581 4972 Istum
3600 4931 3834 4989 quoque

2181 5015 2450 5068 sanctum
2509 5009 2922 5075 confessorem,
2981 5007 3382 5064 venundatum
3436 5005 3548 5061 sud
3599 5011 3832 5077 peccato

2179 5100 2354 5172 primi
2387 5097 2664 5171 parentis,
2687 5097 2776 5154 vel
2798 5101 2950 5154 certe
2967 5095 3269 5152 venditum
3291 5099 3350 5151 et
3372 5093 3732 5150 distractum
3751 5093 3834 5148 de-

2180 5187 2564 5244 tractionibus
2615 5186 2894 5242 falsorum
2945 5186 3190 5240 fratrum
3223 5184 3344 5249 Dei,
3376 5182 3676 5254 sapientia
3703 5197 3831 5238 eum

2181 5295 2299 5334 non
2329 5276 2665 5349 dereliquit,
2691 5277 2790 5332 sed
2819 5271 3085 5330 liberavit
3104 5290 3238 5329 eum
3257 5271 3740 5344 apeccatoribns,
3767 5285 3832 5324 ne

2181 5367 2232 5423 ei
2267 5365 2353 5421 vel
2385 5383 2492 5420 sua
2517 5364 2937 5436 persecutione,
2960 5361 3049 5418 vel
3069 5361 3342 5418 vitiorum
3359 5376 3608 5416 suorum
3630 5365 3832 5416 conta-

2183 5457 2372 5529 gione,
2406 5458 2699 5510 nocerent.
2726 5451 2958 5509 Utinam
2989 5456 3047 5509 et
3075 5468 3202 5520 nos,
3227 5451 3436 5507 fratres
3461 5449 3602 5516 mei,
3633 5463 3828 5522 pecca-

2181 5545 2258 5603 tis
2289 5543 2574 5615 venditos,
2607 5542 2813 5600 liberet
2857 5542 3164 5609 Dominus,
3196 5557 3269 5598 ne
3299 5543 3636 5613 peccatores
3669 5534 3825 5594 nobis
