3984 6082
115 291 261 354 1601

1256 286 1632 352 HOMILI/E.
1661 325 1739 334 —
1769 289 1814 350 Ι.
1865 289 1968 352 DE
2011 289 2358 354 SANC’I‘IS.

3357 295 3511 358 1602

115 421 477 490 noceant,vel
508 421 702 496 palam
735 423 1258 498 persequendo,ch
1291 423 1538 478 latenter
1563 428 1754 479 conta-
1784 426 1832 489 Α
1869 441 2036 496 neque
2081 426 2180 480 sub
2226 426 2405 480 modio
2446 425 2540 481 sed
2585 442 2748 497 super
2775 425 3184 493 candelabrum,
3217 437 3278 484 ut
3307 433 3404 501 qui
3433 434 3515 486 in-

113 514 208 587 gia
237 530 344 570 sua
375 513 544 570 nobis
577 511 882 568 illiniendo
909 512 920 566 ι
955 511 1377 568 Duodecimum
1409 511 1757 568 beneﬁcium

114 609 220 671 est,
255 602 408 674 quod
444 601 539 658 Dei
573 600 864 673 sapientia
893 601 1024 667 fuit,
1045 618 1170 656 cum
1189 601 1404 673 Joseph
1439 603 1498 656 in
1526 604 1758 672 foveam,

113 691 173 748 id
203 696 291 749 est
331 692 392 747 in
443 707 732 748 carcerem
785 689 1122 758 Pharaonis,
1157 691 1256 746 sed
1312 707 1422 746 non
1470 691 1764 764 dereliquit

111 797 236 836 eum
267 783 326 836 in
355 781 613 836 vinculis.
648 779 832 836 Istum
857 795 1088 852 quoque
1119 779 1439 852 gloriosum
1471 781 1761 836 confesso-

111 869 331 938 rem,in
364 885 593 926 carcere
619 868 1026 932 tribulationis,
1045 867 1438 942 positum,Dei
1471 869 1760 942 sapientia

111 977 229 1016 non
271 959 542 1027 deservit,
576 959 678 1016 sed
723 975 757 1014 a
797 957 1048 1014 vinculis
1085 957 1455 1025 insidiarum,
1487 958 1574 1014 vel
1607 963 1760 1015 certe

111 1053 502 1122 peccatorum,
524 1049 740 1120 quibus
770 1047 944 1104 etiam
972 1047 1159 1104 sancti
1192 1046 1508 1120 aliquando
1540 1048 1757 1103 detenti

111 1138 365 1203 fuerunt,
399 1155 534 1194 eum
582 1137 866 1193 liberavit.
900 1135 1157 1204 Utinam,
1190 1137 1397 1192 fratres
1446 1137 1583 1203 mei,
1631 1137 1758 1208 ejus

110 1226 332 1285 sanctis
347 1225 868 1282 intercessionibus
885 1226 1160 1299 dignetur
1177 1225 1460 1288 Dominus
1476 1243 1583 1282 nos
1596 1243 1626 1281 a
1641 1243 1761 1282 can

111 1332 240 1372 cere
287 1314 453 1370 mala:
510 1313 955 1370 consuetudinis
985 1319 1042 1370 et
1070 1332 1104 1370 a
1141 1313 1390 1372 vinculis
1423 1319 1756 1370 nostrarum

112 1403 492 1478 iniquitatum
539 1408 804 1476 potenter
851 1403 1131 1460 liberare!
1167 1403 1431 1460 Tertium
1463 1405 1758 1460 decimum

113 1493 462 1550 beneﬁcium
492 1497 600 1561 est,
621 1493 776 1566 quod
807 1493 1004 1549 divina
1034 1493 1322 1566 sapientia
1353 1493 1512 1548 dedit
1541 1492 1757 1566 Joseph

109 1590 378 1654 sceptrum
405 1584 584 1652 regni,
619 1582 852 1654 quando
884 1582 1052 1654 quasi
1084 1582 1378 1638 secundus
1417 1599 1516 1638 rex
1547 1600 1580 1637 a
1611 1582 1758 1638 Pha-

113 1689 288 1729 raone
317 1672 376 1728 in
421 1673 660 1744 [Egypto
694 1677 784 1727 est
814 1671 1188 1728 sublimatus.
1223 1673 1322 1727 Isti
1357 1689 1592 1744 quoque
1622 1689 1756 1728 san-

112 1767 205 1818 cto
243 1760 583 1827 confessori,
616 1760 904 1834 sapientia
957 1761 1053 1817 Dei
1111 1760 1269 1817 dedit
1325 1761 1544 1834 regiam
1602 1765 1836 1864 pote-B

111 1855 347 1919 statem,
377 1867 494 1922 qua
543 1849 809 1906 videlicet
853 1867 914 1906 se
954 1867 1210 1921 suosque
1260 1850 1507 1906 ﬁdeliter
1535 1855 1592 1906 et
1621 1867 1758 1922 pru-

111 1941 318 1995 denter
374 1939 541 2007 rexit,
591 1939 756 2011 virga
802 1939 1068 2011 justitisa,
1115 1939 1435 2011 nequitiam
1482 1939 1758 1994 vitiorum

111 2027 459 2093 cohibendo,
529 2028 970 2100 bonitatemque
1050 2045 1281 2084 morum
1353 2033 1410 2084 et
1479 2029 1758 2084 virtutum

111 2117 417 2174 imitando.
466 2119 652 2183 Quam
711 2117 929 2190 regiam
985 2121 1329 2190 potestatem
1389 2118 1613 2172 utinam
1667 2134 1763 2172 no-

113 2205 207 2263 bis
263 2206 542 2262 concedat
598 2206 904 2272 Dominus,
959 2211 1251 2278 quatenus
1308 2223 1415 2261 nos
1473 2213 1531 2261 et
1592 2207 1762 2262 nobis

114 2295 383 2352 subditos
421 2312 617 2368 regere
668 2295 966 2352 valeamus
997 2299 1053 2351 et
1082 2295 1446 2368 gubernare!
1481 2298 1760 2361 Quartum

115 2383 412 2440 decimum
445 2383 793 2440 beneﬁcium
824 2388 934 2450 est,
969 2385 1122 2456 quod
1151 2383 1251 2440 Dei
1284 2384 1570 2456 sapientia
1602 2384 1764 2440 dedit

115 2473 336 2544 Joseph
403 2480 714 2544 potestatem
785 2474 1041 2530 adversus
1109 2489 1194 2529 eos
1259 2475 1357 2546 qui
1407 2489 1534 2529 eum
1586 2473 1765 2545 depri-

116 2564 358 2628 mebant,
399 2560 676 2634 quoniam
723 2560 1044 2633 nequitiam
1087 2562 1332 2617 fratrum
1377 2578 1617 2618 suorum
1663 2561 1762 2634 qui

119 2667 256 2707 eum
285 2651 682 2719 vendiderant,
715 2655 772 2705 et
802 2649 1122 2722 nequitiam
1169 2650 1450 2724 Putipbar
1479 2656 1536 2706 et
1566 2651 1764 2706 uxoris

119 2757 262 2806 suae,
293 2739 392 2812 qui
439 2756 572 2794 eum
621 2744 881 2795 emerant
911 2744 968 2794 et
1008 2739 1390 2795 dehonestare
1437 2740 1760 2804 voluerant,

118 2829 230 2886 sub
260 2845 326 2885 eo
358 2828 707 2884 bumiliavit.
742 2827 884 2883 Huic
928 2844 1160 2900 quoque
1204 2829 1371 2885 beato
1423 2829 1762 2899 confessori,

117 2918 192 2974 ob
213 2918 487 2974 meritum
521 2916 871 2972 humilitatis
902 2923 959 2973 et
987 2917 1627 2989 patientiae,deditDeus
1657 2936 1763 2990 po-

117 3013 388 3064 testatem
422 3024 598 3080 super
625 3008 941 3074 daemones,
961 3013 1017 3062 et
1045 3024 1224 3079 super
1251 3007 1637 3064 daemoniacos
1668 3008 1765 3063 ho-

116 3097 308 3153 mines
338 3096 438 3169 qui
468 3114 602 3152 eum
647 3095 811 3168 prius
855 3096 1338 3169 inquietaverant,
1373 3102 1663 3170 quatenus
1693 3098 1762 3152 de

114 3168 387 3259 superbis
433 3185 688 3242 humiles
719 3190 775 3241 et
804 3168 1090 3258 patientes
1122 3187 1353 3250 faceret,
1384 3168 1441 3242 et
1469 3187 1761 3244 daemones
1792 3168 1833 3233 (ἶ

115 3277 189 3332 de
219 3275 477 3332 obsessis
506 3275 847 3332 hominibus
877 3275 1184 3347 expelleret
1215 3279 1272 3331 et
1301 3280 1547 3332 vexaret.
1581 3277 1760 3348 Cujus

115 3364 389 3438 gloriosis
420 3364 644 3422 meritis
684 3364 910 3421 utinam
941 3364 1111 3420 nobis
1142 3365 1425 3422 Dominus
1455 3365 1758 3439 largiatur,

115 3458 408 3526 quatenus
438 3454 772 3509 daemonum
803 3457 860 3509 et
888 3452 1225 3524 iniquorum
1249 3453 1554 3509 hominum
1575 3459 1760 3510 tenta-

111 3543 376 3600 tionibus
405 3543 675 3599 resistere
707 3542 1330 3608 valeamuleuintum
1354 3543 1646 3599 decimum
1669 3544 1762 3600 be-

113 3633 394 3689 neﬁcium
425 3637 534 3699 est,
567 3632 722 3704 quod
755 3632 1038 3688 Dominus
1079 3632 1310 3688 ostendit
1354 3649 1452 3688 eos
1481 3633 1762 3689 mendaces

114 3723 216 3795 qui
241 3722 653 3778 maculaverunt
680 3720 896 3794 Joseph
928 3720 1072 3776 falso
1105 3720 1367 3788 crimine,
1389 3726 1454 3776 ut
1485 3722 1765 3794 Putipbar

110 3815 172 3867 et
197 3827 435 3867 uxorem
466 3810 1037 3881 ejus,demonstrans
1058 3826 1190 3864 cum
1214 3827 1341 3866 esse
1371 3809 1759 3867 innocentem.

113 3901 352 3956 Invidos
401 3916 633 3972 quoque
681 3904 738 3955 et
781 3900 1156 3965 detractores,
1189 3899 1288 3970 qui
1323 3899 1392 3954 de
1424 3899 1531 3955 hoc
1561 3904 1762 3957 sancto

111 3989 448 4046 confessore
480 3989 719 4044 sinistra
749 3989 965 4062 ﬁngere
993 3987 1121 4044 ausi
1152 3992 1313 4053 sunt,
1340 3988 1493 4044 Deus
1522 3990 1761 4045 menda-

111 4096 214 4134 ces
243 4095 372 4134 esse
403 4077 846 4143 demonstravit,
879 4078 1021 4133 dum
1081 4077 1209 4148 ejus
1265 4077 1658 4133 innocentiam
1708 4083 1765 4135 et

111 4167 568 4224 sanctimoniam
603 4166 767 4223 miris
798 4167 1073 4238 operibus
1098 4171 1157 4223 et
1176 4166 1491 4222 virtutibus
1513 4167 1764 4223 declara-

107 4256 214 4311 vit.
247 4256 430 4327 Cujus
473 4255 734 4328 exemplo
783 4256 1082 4311 discamus
1129 4261 1185 4310 et
1227 4272 1354 4322 nos,
1388 4256 1594 4311 fratres
1627 4256 1760 4327 mei,

109 4344 344 4400 invidos
375 4350 432 4400 et
461 4345 815 4400 detractores
860 4349 1093 4400 nostros
1137 4344 1422 4416 patienter
1451 4344 1760 4413 sustinere,

118 4433 401 4507 quoniam
434 4433 588 4490 Deus
618 4450 819 4489 eorum
851 4433 1163 4489 falsitatem
1195 4438 1251 4489 et
1280 4439 1538 4489 nostram
1569 4435 1767 4490 verita-

1865 513 2190 584 grediuntur
2221 515 2404 570 lumen
2429 514 2650 569 videani
2678 516 2826 581 (Luc.
2846 516 2944 584 χι),
2977 521 3087 572 etc.
3124 517 3513 590 Metaphorice

1868 602 1960 656 hic
1993 602 2277 658 Dominus
2306 601 2585 674 loquitur,
2621 603 2826 659 fratres
2856 604 3208 663 charissimi.
3229 611 3364 674 Quae
3397 627 3514 665 me-

1867 691 2114 762 taphora
2180 692 2463 747 trifariam
2537 696 2726 763 potest
2801 693 3188 766 interpretari.
3253 698 3515 755 Lucerna

1869 781 2085 852 quippe
2118 780 2484 846 universalis,
2501 779 2614 836 alia
2636 781 2781 852 parti
2794 781 3022 850 cularis,
3039 782 3154 838 alia
3174 785 3507 858 singularis.

1867 872 2044 924 Porro
2075 868 2313 925 lucerna
2359 868 2704 926 universalis
2733 875 2821 926 est
2847 869 2932 926 sol
2955 872 3198 941 justitiae
3230 875 3513 932 Dominus

1869 961 2067 1013 noster
2094 958 2268 1013 Jesus
2299 957 2586 1025 Christus,
2607 958 2726 1030 qui,
2748 963 2813 1013 ut
2842 959 2923 1014 ait
2947 960 3204 1018 Joannes
3235 986 3263 1013 ‹‹
3297 969 3385 1021 est
3415 965 3514 1022 lux

1866 1063 2002 1102 vera
2030 1063 2157 1117 qua:
2185 1045 2480 1102 illuminat
2509 1063 2742 1103 omnem
2774 1047 3070 1105 hominem
3101 1051 3427 1110 venientem
3451 1056 3513 1112 in

1868 1136 2022 1192 hunc
2056 1137 2342 1190 mundum
2376 1137 2810 1208 (Joan.1).»Hic,
2840 1138 3189 1210 inquantum
3223 1147 3311 1198 est
3337 1143 3510 1212 Deus,

1867 1230 1924 1280 et
1955 1242 2071 1282 una
2103 1224 2198 1280 lux
2230 1229 2445 1280 mterna
2473 1243 2605 1281 cum
2657 1225 2842 1282 Patre.
2879 1227 3232 1301 lnquantum
3262 1249 3393 1289 vero
3426 1238 3516 1290 est

1868 1315 2062 1382 homo,
2097 1319 2185 1370 est
2242 1315 2480 1370 lucerna
2537 1332 2800 1382 accensa,
2833 1316 3070 1373 flamma
3099 1319 3419 1377 divinitatis
3453 1322 3512 1378 in

1866 1407 2018 1458 testa
2049 1403 2454 1459 humanitatis.
2497 1405 2673 1458 Porro
2705 1404 2942 1461 lucerna
2973 1407 3086 1462 tria
3114 1408 3268 1464 facit.
3302 1410 3514 1468 Oculos

1868 1491 2055 1566 pulsis
2085 1491 2341 1548 tenebris
2363 1491 2677 1563 illuminat,
2692 1493 2844 1548 viam
2867 1494 3246 1566 demonstrat,
3263 1499 3406 1554 nulli
3427 1516 3511 1566 se,

1868 1581 1981 1636 nisi
2014 1581 2399 1650 subtrahenti,
2434 1587 2629 1654 negat,
2665 1606 2691 1632 ‹‹
2723 1599 2900 1655 prope
2931 1589 3020 1640 est
3048 1587 3205 1642 enim
3236 1589 3514 1646 omnibus

1867 1671 2274 1728 invocantibus
2323 1689 2456 1726 eum
2488 1671 2547 1726 in
2580 1672 2816 1728 veritate
2847 1675 3016 1744 (Psal.
3050 1680 3256 1743 CXLIV).
3285 1700 3312 1728 »
3347 1678 3512 1734 Chri-

1867 1765 1994 1817 stus
2025 1777 2257 1833 quoque
2279 1758 2480 1816 oculos
2499 1760 2740 1817 rationis
2761 1761 2946 1834 pulsis
2967 1771 3336 1836 peccatorum
3358 1770 3514 1824 tene-

1871 1849 1990 1906 bris
2021 1849 2334 1917 illuminat,
2365 1849 2518 1905 viam
2561 1849 2689 1906 vitae
2737 1851 3001 1924 exemplo
3035 1858 3090 1909 et
3121 1855 3384 1911 doctrina
3413 1857 3514 1913 de-

1869 1943 2177 2006 monstrat,
2195 1938 2336 1994 nulli
2371 1939 2618 2010 gratiam
2653 1957 2842 2008 suam,
2871 1941 2984 1998 nisi
3015 1943 3514 2012 subtrahenti,ne-

1869 2032 1986 2099 gat,
2029 2052 2048 2076 ιι
2076 2044 2253 2100 prope
2274 2032 2363 2084 est
2383 2027 2536 2082 enim
2560 2027 2834 2084 omnibus
2856 2029 3262 2089 invocantibus
3287 2050 3420 2090 eum
3453 2035 3512 2090 in

1867 2117 2160 2172 veritate.»
2192 2116 2353 2171 Unde
2375 2121 2433 2172 et
2461 2116 2671 2172 Paulus
2704 2133 2810 2172 nos
2841 2125 3040 2175 monet
3063 2137 3177 2177 «ne
3208 2123 3340 2194 quis
3364 2123 3516 2180 desit

1871 2206 2068 2278 gratiae
2114 2205 2214 2260 Dei
2260 2206 2449 2276 (Hebr.
2482 2213 2601 2273 xu).
2636 2229 2665 2255 ››
2715 2207 2890 2272 Quasi
2931 2209 3084 2265 dicat
3115 2227 3129 2266 :
3165 2211 3362 2268 Gratia
3389 2213 3512 2282 Dei,

1871 2300 2158 2367 quantum
2190 2295 2248 2349 in
2282 2295 2409 2367 ipsa
2440 2299 2547 2362 est,
2583 2285 2728 2351 nulli
2775 2297 2960 2369 deest,
3012 2299 3126 2355 nisi
3173 2304 3402 2357 tantum
3461 2303 3514 2358 ei

1871 2383 1970 2455 qui
2004 2383 2086 2438 illi
2119 2401 2180 2439 se
2213 2383 2611 2440 subtrahendo
2669 2385 2848 2442 deest.
2883 2387 3036 2444 Deus
3092 2388 3273 2462 igitur
3328 2391 3516 2449 lucer-

1872 2489 2006 2528 nam
2041 2473 2098 2526 in
2132 2473 2370 2528 homine
2415 2477 2554 2529 Jesu
2604 2490 2718 2529 non
2767 2474 2897 2531 ideo
2937 2479 3202 2534 accendit
3230 2483 3296 2535 ut
3323 2479 3382 2536 in
3415 2481 3516 2537 ab-

1872 2562 2155 2629 scondito,
2188 2562 2245 2616 id
2294 2566 2384 2618 est
2429 2563 2539 2618 sub
2591 2563 2802 2618 umbra
2857 2562 3022 2638 legis,
3065 2567 3166 2622 sed
3219 2569 3413 2640 potius
3456 2569 3516 2626 in

1872 2655 2071 2722 aperto
2103 2655 2158 2705 et
2189 2651 2477 2705 evidentia
2505 2651 2646 2707 Novi
2694 2653 3054 2709 Testamenti
3089 2662 3348 2727 poneret.
3385 2658 3516 2715 Ideo

1872 2739 2087 2812 quippe
2109 2739 2269 2795 misit
2283 2739 2434 2795 Deus
2459 2739 2670 2796 Filium
2695 2758 2869 2796 suum
2905 2759 3006 2814 per
3033 2743 3515 2816 incarnationem,

1872 2832 1937 2884 ut
1955 2829 2249 2896 divinitas,
2275 2846 2400 2901 qua:
2433 2829 2699 2885 homines
2724 2828 2960 2899 latebat,
2983 2832 3039 2886 in
3058 2831 3295 2889 lucerna
3315 2835 3520 2891 huma-

1871 2919 2072 2974 nitatis
2095 2921 2419 2990 appareret.
2452 2918 2566 2974 Nec
2598 2918 2727 2973 ideo
2758 2920 3022 2974 accendit
3053 2925 3372 2994 utponeret
3387 2940 3516 2981 eam

1873 3008 1983 3062 sub
2016 3005 2230 3074 modio,
2265 3006 2322 3060 id
2354 3011 2442 3062 est
2472 3007 2582 3062 sub
2615 3023 2890 3062 mensura
2910 3006 3192 3081 legis,sed
3213 3012 3406 3083 potius
3425 3030 3518 3068 su-

1873 3113 1974 3168 per
1994 3095 2430 3161 candelabrum,
2446 3096 2502 3150 id
2534 3100 2622 3152 est
2649 3096 3026 3152 eminentiam
3049 3098 3396 3156 universalis
3417 3101 3518 3158 Ec-

1874 3185 2082 3240 clesiae.
2115 3186 2184 3239 Et
2215 3185 2283 3239 arl
2325 3185 2466 3256 quid
2488 3184 2516 3240 ?
2545 3188 2609 3239 ut
2654 3175 2754 3257 qui
2802 3185 3232 3258 ingrediuntur,
3265 3189 3516 3246 subaudi

1871 3276 2140 3330 tenebras
2161 3274 2339 3346 hujus
2361 3273 2588 3341 mundi,
2603 3273 2802 3329 lumen
2823 3275 3076 3343 videant,
3093 3277 3246 3348 quod
3271 3295 3516 3352 sequen-

1869 3369 1956 3421 tes
1986 3364 2215 3420 valeant
2244 3367 2462 3419 reotam
2491 3363 2645 3418 viam
2677 3367 2894 3432 tenere,
2917 3369 2974 3420 et
3003 3365 3075 3420 ad
3107 3365 3400 3424 caelestem
3423 3385 3520 3440 pa-

1869 3454 2042 3510 triam
2076 3453 2534 3526 pervenire.Non
2567 3451 2757 3508 solum
2789 3457 2986 3509 autem
3010 3453 3277 3512 Christus
3301 3462 3391 3511 est
3421 3456 3518 3513 lu-

1871 3561 2064 3611 cerna,
2101 3543 2199 3598 sed
2233 3543 2386 3614 quod
2418 3540 2554 3614 plus
2583 3546 2674 3598 est
2710 3540 2916 3599 oculus
2947 3542 3235 3600 Ecclesiae.
3271 3544 3432 3602 Unde
3462 3551 3520 3603 et

1871 3633 2073 3688 subdit
2105 3649 2116 3686 :
2151 3633 2392 3687 Lucerna
2419 3633 2661 3703 corporis
2686 3634 2770 3687 tui
2795 3639 2875 3688 est
2900 3631 3088 3688 oculus
3119 3641 3267 3689 tuus.
3301 3634 3518 3692 Oculus

1873 3722 2087 3795 quippe
2118 3737 2232 3776 non
2282 3719 2474 3775 solun
2523 3723 2614 3775 est
2655 3718 2853 3775 lumen
2897 3720 3174 3793 corporis,
3210 3723 3310 3779 sed
3341 3723 3517 3780 etiam

1872 3804 2204 3882 speculator
2232 3812 2288 3864 et
2317 3813 2534 3876 custos,
2569 3813 2626 3862 et
2653 3808 2724 3864 de
2754 3807 3085 3880 integritate
3115 3810 3302 3883 ipsius
3323 3828 3522 3885 corpo-

1873 3899 1953 3954 ris
1982 3903 2089 3954 est.
2118 3897 2211 3954 Sic
2241 3901 2297 3952 et
2327 3895 2591 3952 Christus
2632 3896 2830 3952 lumen
2875 3897 3139 3954 Ecclesia
3171 3903 3227 3954 et
3251 3901 3518 3972 specula-

1872 3993 1964 4044 tor
1993 3987 2182 4060 ipsius
2225 3985 2492 4042 Ecclesiaa
2525 3989 2632 4050 est,
2659 3986 2829 4056 juxta
2876 3984 3020 4040 illud
3058 4003 3069 4042 :
3117 4010 3144 4036 «
3179 3987 3520 4060 Speculator

1872 4079 2027 4130 astat
2059 4074 2309 4144 desuper
2339 4073 2445 4142 (IV
2472 4072 2596 4140 Reg.
2633 4074 2729 4142 1x),
2767 4094 2795 4121 ››
2823 4072 2922 4143 qui
2957 4091 3064 4129 nos
3095 4074 3372 4132 omnibus
3400 4077 3519 4132 die-

1872 4163 1982 4218 bus
2003 4166 2286 4232 actusque
2307 4163 2535 4216 nostros
2557 4160 2856 4232 prospicit.
2872 4161 3079 4217 Custos
3096 4164 3310 4236 quippe
3331 4164 3518 4238 ipsius

1873 4251 2137 4308 Ecclesiae
2158 4255 2264 4316 est,
2290 4249 2566 4322 quoniam
2592 4273 2618 4297 ‹‹
2646 4266 2759 4303 non
2792 4249 3132 4307 dormitahit
3161 4269 3349 4324 neque
3384 4255 3517 4311 dor-

1871 4341 2013 4396 miet
2044 4339 2143 4412 qui
2175 4338 2429 4394 custodit
2461 4335 2636 4393 Israel
2667 4337 2837 4405 (Psal.
2861 4339 3050 4408 cxx).»
3084 4338 3164 4396 De
3187 4339 3518 4412 integritate

1871 4430 2046 4486 etiam
2080 4427 2268 4500 ipsius
2301 4425 2564 4481 Ecclesia:
2595 4429 2702 4482 est.
2737 4427 2902 4482 Unde
2932 4431 2989 4481 et
3011 4425 3069 4481 in
3101 4428 3371 4483 custodia
3398 4445 3520 4484 cor—

111 4529 237 4580 tem
270 4522 607 4580 declarabit.
646 4545 674 4574 «
703 4521 860 4578 Nihil
916 4523 1073 4578 enim
1132 4528 1398 4594 opertum
1447 4525 1600 4594 quod
1647 4541 1762 4579 non
1796 4540 1840 4604 D
1872 4519 2029 4591 poris
2051 4516 2326 4588 sui,quod
2357 4519 2447 4572 est
2476 4514 2750 4585 Ecclesia,
2783 4515 3128 4588 perpensius
3156 4515 3294 4588 vigil
3326 4520 3383 4573 et
3411 4515 3522 4573 sol-

109 4611 404 4668 rcveletur
434 4612 638 4684 (Matth.
661 4617 738 4681 x).
762 4635 789 4662 ››
819 4613 1055 4668 Sextum
1088 4612 1382 4667 decimum
1415 4612 1762 4669 beneﬁcium

111 4705 226 4766 est,
259 4701 414 4772 quod
445 4699 747 4772 Dominus,
779 4704 898 4756 tam
926 4699 1142 4772 Joseph
1175 4718 1352 4772 quam
1403 4701 1514 4756 isto
1563 4707 1764 4758 sancto

108 4789 456 4855 confessori,
489 4794 760 4847 aeternam
794 4790 956 4846 dedit
996 4788 1321 4846 claritatem
1355 4789 1512 4845 mira:
1545 4791 1762 4847 sancti-

103 4878 273 4947 tatis,
299 4877 616 4935 claritatem
653 4879 810 4934 miraa
843 4877 1154 4951 opinionis,
1183 4877 1506 4934 claritatem
1538 4884 1763 4936 aeternae

105 4965 523 5031 beatitudinis,
555 4965 876 5022 claritatem
909 4965 970 5019 in
997 4964 1211 5032 animo,
1231 4965 1556 5022 claritatem
1589 4967 1648 5022 in
1668 4987 1764 5042 po-

100 5055 276 5130 pulo,
309 5054 632 5110 claritatem
666 5054 723 5109 in
756 5053 919 5123 cmlo,
954 5053 1053 5109 ubi
1103 5053 1290 5110 sancti
1340 5054 1566 5127 fulgent
1611 5058 1764 5113 sicut

99 5144 198 5203 sol
233 5144 440 5217 (Matth.
484 5147 624 5212 xm).
665 5146 848 5211 Quam
883 5143 1207 5198 claritatem
1238 5143 1463 5199 meritis
1493 5149 1549 5200 et
1580 5145 1761 5202 inter-

96 5233 481 5291 cessionibus
504 5233 683 5305 hujus
704 5232 889 5288 sancti
907 5231 1257 5288 confessoris
1284 5230 1568 5304 largiatur
1594 5235 1762 5290 nobis

96 5321 489 5394 omnipotens
519 5325 576 5378 et
606 5319 938 5377 misericors
969 5319 1267 5376 Dominus.
1301 5322 1504 5374 Amen.

852 5426 1034 5483 XXIX.

420 5517 555 5559 ΙΤΕΜ
595 5517 664 5557 DB
702 5515 912 5556 EODEM.
955 5514 1144 5556 δεξιΜο
1184 5515 1255 5553 DE
1294 5515 1455 5556 LUCA.

201 5595 374 5652 Nemo
402 5589 646 5652 accendit
672 5589 970 5661 lucernam,
1002 5595 1054 5648 et
1084 5589 1146 5646 in
1175 5586 1480 5646 abscondito
1502 5589 1678 5665 ponit,

1873 4607 2068 4663 licitus
2097 4612 2205 4662 est.
2238 4605 2318 4670 Si,
2352 4604 2564 4676 inquit,
2593 4605 2779 4660 oculus
2810 4612 2935 4660 tuus
2960 4607 3131 4676 fuerit
3158 4606 3412 4677 simplex,
3447 4614 3521 4662 to-

1872 4706 1988 4753 tum
2017 4713 2208 4767 corpus
2238 4703 2392 4750 tuum
2423 4693 2665 4748 lucidum
2692 4696 2815 4750 erit.
2845 4695 2910 4748 Si
2938 4702 3119 4750 autem
3145 4710 3381 4766 nequam
3391 4698 3520 4767 fue-

1871 4789 1967 4852 rit,
1999 4787 2165 4841 etiam
2192 4800 2404 4856 corpus,
2435 4788 2595 4836 (suum
2625 4783 2966 4838 tenebrosum
2996 4785 3118 4838 erit.
3134 4781 3285 4838 Sane
3315 4783 3521 4840 oculus

1873 4873 2121 4946 simplex
2149 4877 2236 4929 est
2265 4871 2552 4927 Christus.
2587 4869 2846 4943 Simplex
2876 4871 3117 4943 quidam
3163 4876 3254 4928 est
3292 4870 3518 4941 oculus,

1874 4964 1973 5036 qui
2006 4963 2157 5017 clare
2188 4965 2244 5017 et
2277 4960 2494 5017 utiliter
2521 4960 2695 5016 videt.
2713 4961 2779 5015 Et
2800 4959 3066 5016 Christus
3098 4959 3334 5032 quidem
3368 4959 3522 5018 clare

1871 5054 2046 5124 videt,
2079 5057 2278 5125 utpote
2311 5052 2367 5106 in
2399 5051 2569 5122 cujus
2600 5053 2914 5122 conspectu
2946 5048 3107 5105 nulla
3133 5054 3399 5106 creatura
3427 5050 3522 5106 in-

1871 5141 2118 5198 visibilis
2149 5146 2256 5197 est.
2293 5140 2521 5196 Utiliter
2552 5156 2784 5211 quoque
2833 5138 3000 5194 nobis
3033 5138 3206 5208 videt,
3243 5139 3522 5210 quoniam

1875 5251 1990 5289 non
2022 5231 2136 5286 nisi
2169 5229 2356 5297 utilia,
2391 5229 2438 5284 si
2489 5226 2783 5296 volumus,
2814 5227 2984 5283 nobis
3032 5226 3313 5300 providet.
3350 5227 3525 5284 Recte

1875 5339 2107 5395 quoque
2140 5319 2309 5375 nobis
2338 5318 2512 5385 videt,
2549 5318 2830 5388 quoniam
2877 5322 3036 5374 recta
3067 5322 3124 5372 et
3152 5317 3307 5373 bona
3336 5316 3525 5372 inten-

1871 5411 2028 5467 tione
2051 5406 2219 5464 nobis
2243 5405 2581 5478 proﬁciendi
2605 5404 2773 5462 nobis
2795 5405 3082 5478 providet.
3108 5405 3164 5459 Si
3196 5419 3330 5476 ergo
3361 5403 3526 5460 Chri-

1874 5503 2054 5566 stum,
2083 5495 2182 5570 qui
2214 5491 2465 5567 simplex
2495 5498 2583 5550 est
2609 5493 2836 5562 oculus,
2863 5493 3174 5552 custodem
3203 5494 3262 5546 et
3279 5491 3532 5562 proviso-

1875 5604 2000 5647 rem
2021 5583 2280 5648 Ecclesia
2300 5583 2387 5642 vel
2409 5582 2624 5663 aliquis
2645 5581 2838 5644 ﬁdelis
2861 5584 3168 5663 sequatur,
3191 5582 3380 5638 totum
3409 5592 3534 5637 cora
