3988 6074
415 360 589 424 1603

1689 352 2089 422 RADULPHI
2134 354 2548 422 ARDENTIS.

3662 352 3829 420 1604

412 515 544 570 pus,
576 493 635 550 id
666 498 755 550 est
781 496 905 549 tota
935 492 1304 566 congregatio
1336 491 1615 560 fidelium,
1642 490 1760 547 sive
1794 495 1914 547 tota
1942 492 2059 547 vita
2088 494 2142 559 Α
2172 492 2250 546 idi
2258 508 2431 565 psum
2464 490 2835 558 testificante,
2869 487 3146 562 quoniam
3186 493 3423 563 propter
3450 495 3691 563 peccata
3721 507 3829 563 po-

413 583 591 639 talem
623 581 856 639 oculum
888 598 1161 654 sequens,
1215 581 1413 637 lucida
1469 581 1598 636 erit.
1632 580 1896 653 Nequam
1926 598 2060 636 vero

413 671 618 729 oculus
647 670 916 728 diabolus
944 675 1053 727 est.
1087 694 1114 720 «
1149 670 1385 739 Oculus,
1420 670 1559 742 quia
1590 687 1650 726 se
1680 670 2063 743 transﬁgurat

410 760 472 816 in
504 759 775 835 angelum
809 759 957 815 lucis
988 760 1061 831 (II
1088 758 1204 815 Cor.
1246 762 1382 829 11).»
1418 760 1704 832 Nequam,
1740 760 1877 831 quia
1908 764 2062 815 tene-

411 850 581 907 brose
608 853 665 906 et
695 848 928 921 oblique
966 847 1124 904 videt
1172 853 1347 921 atque
1398 847 1699 904 inutiliter.
1734 848 2062 904 Tenebrose

410 939 585 1005 videt,
621 937 760 1011 quia
808 936 1041 993 malitiae
1101 954 1218 993 suae
1266 937 1587 1010 pertinacia
1614 937 1693 993 ita
1723 953 1855 993 eum
1888 953 2061 992 excae-

410 1026 561 1084 cavit
589 1027 742 1100 quod
775 1026 888 1083 nisi
914 1027 1223 1083 tenebrosa
1251 1026 1444 1100 diligit
1472 1032 1531 1083 et
1562 1026 1788 1099 quaerit.
1813 1025 2061 1098 Oblique

406 1115 584 1185 videt,
620 1115 901 1190 quoniam
932 1116 988 1172 in
1023 1116 1299 1172 omnibus
1346 1115 1651 1189 promissis
1701 1116 1826 1172 suis
1870 1116 2059 1171 inten-

408 1205 628 1263 tionem
690 1205 929 1261 fallendi
985 1205 1180 1261 habet.
1215 1205 1507 1261 Inutiliter
1550 1206 1723 1273 videt,
1757 1204 2056 1276 quoniam,

407 1294 519 1351 etsi
549 1294 729 1350 vivaci
768 1293 989 1350 ratione
1034 1293 1232 1367 aliqua
1265 1294 1457 1350 videat
1516 1294 1946 1366 perspicaciter,
1978 1298 2060 1348 ta-

408 1401 543 1440 men
577 1384 687 1439 sibi
720 1388 779 1439 et
808 1382 939 1439 aliis
970 1399 1038 1439 ea
1065 1384 1222 1438 videt
1254 1382 1554 1439 inutiliter.
1590 1382 1716 1451 Qui,
1743 1383 1848 1438 etsi
1883 1400 2061 1454 quan-

408 1474 599 1544 doque
631 1477 838 1545 prteter
872 1488 1037 1543 spem
1087 1471 1260 1526 alicui
1290 1471 1624 1527 insidiando
1654 1471 1937 1543 proﬁciat,
1970 1475 2057 1526 ta-

410 1579 543 1617 men
573 1561 682 1617 hoc
711 1560 869 1616 illius
916 1559 1160 1616 intentio
1212 1577 1326 1616 non
1366 1560 1640 1617 habebat.
1677 1561 1736 1617 Si
1769 1578 1904 1635 ergo
1935 1561 2058 1616 dia-

407 1650 748 1723 bolum,qui
778 1651 982 1722 utique
1010 1667 1263 1723 nequam
1288 1650 1493 1707 oculus
1523 1655 1630 1718 est,
1665 1650 2057 1707 consultorem

407 1744 465 1796 et
493 1740 852 1811 provisorem
908 1738 1125 1812 aliquis
1172 1743 1469 1811 sequatur,
1503 1744 1690 1795 totum
1720 1738 1964 1812 Corpus,
2000 1741 2057 1795 id

407 1832 497 1884 est
541 1845 689 1901 opus
717 1827 803 1885 vel
836 1828 954 1884 vita
982 1830 1110 1901 ejus
1140 1828 1316 1885 talem
1350 1829 1703 1901 provisorem
1738 1830 2055 1901 sequendo,

406 1918 716 1974 tenebrosa
743 1916 872 1974 erit.
908 1917 1053 1985 Vide,
1086 1917 1295 1990 inquit,
1327 1934 1394 1972 ne
1424 1919 1607 1973 lumen
1632 1918 1771 1990 quod
1801 1919 1860 1973 in
1889 1925 1937 1973 te
1957 1926 2052 1984 est,

407 2008 648 2065 tenebra?
674 2010 805 2076 sint,
829 2007 884 2063 id
912 2012 1021 2074 est,
1053 2023 1189 2063 cave
1219 2023 1291 2062 ne
1320 2006 1416 2063 ille
1447 2024 1621 2078 quem
1651 2011 1930 2078 tanquam
1964 2007 2050 2063 lu-

406 2097 779 2163 cem,ducem
802 2099 859 2152 et
879 2094 1235 2168 provisorem
1270 2097 1552 2167 sequeris,
1576 2095 1920 2150 tenebrosus
1952 2096 2045 2151 sit.

406 2186 569 2254 Quod
591 2189 789 2258 aperte
810 2188 1011 2240 contra
1040 2183 1173 2239 illos
1201 2186 1291 2239 est
1316 2182 1415 2256 qui
1447 2183 1744 2239 diabolum
1767 2184 1838 2239 de
1854 2183 2049 2240 dubiis

405 2279 462 2329 et
479 2273 690 2329 futuris
713 2289 816 2346 per
836 2276 989 2329 artes
1011 2273 1267 2345 magicas
1288 2271 1590 2328 consulere
1620 2290 1735 2328 non
1755 2277 2045 2330 verentur.

405 2361 681 2419 Diabolus
711 2361 867 2417 enim
901 2361 1095 2416 futura
1114 2366 1171 2416 et
1191 2360 1418 2417 occulta
1437 2362 1703 2417 cordium
1727 2364 2049 2435 conjectare

403 2454 614 2524 potest,
634 2449 781 2505 scire
812 2465 925 2505 non
957 2453 1168 2521 potest,
1201 2448 1315 2504 nisi
1346 2451 1492 2506 forte
1523 2450 1858 2524 angelorum
1897 2468 2047 2508 reve—

402 2538 636 2596 latione.
670 2538 783 2595 Sed
815 2538 933 2595 sive
962 2538 1128 2610 sciat,
1161 2540 1281 2596 siVe
1309 2539 1550 2609 nesciat,
1587 2558 1712 2613 quae
1736 2543 1923 2613 major
1951 2542 2046 2597 in-

402 2628 569 2685 sania
589 2632 678 2685 est
698 2645 877 2701 quam
899 2645 1072 2684 suum
1100 2628 1405 2685 inimicum
1437 2629 1759 2697 consulere,
1785 2630 1882 2703 qui
1902 2648 2047 2687 nun-

404 2735 581 2790 quam
629 2717 789 2773 novit
843 2716 1016 2773 alicui
1075 2717 1398 2784 consulere,
1430 2720 1526 2775 sed
1562 2718 1778 2775 fallere.
1806 2723 1872 2776 Si
1895 2737 2042 2790 ergo,

402 2806 597 2880 inquit
642 2815 813 2863 totum
853 2823 1045 2879 corpus
1094 2816 1267 2874 tuum,
1302 2808 1359 2863 id
1392 2812 1480 2864 est
1510 2812 1628 2865 tota
1650 2808 1922 2878 Ecclesia,
1956 2810 2043 2866 vel

400 2900 521 2953 tota
539 2894 789 2968 alicujus
810 2895 946 2964 vita,
961 2894 1048 2952 vel
1066 2913 1214 2969 opus
1232 2898 1550 2969 sequendo,
1575 2898 1899 2971 simplicem
1915 2916 2046 2954 ocu-

400 2985 545 3053 lum,
579 2985 799 3042 scilicet
826 2984 1140 3041 Dominum
1172 2992 1459 3058 nostrum,
1492 2988 1735 3043 lucidum
1760 2989 2044 3060 fuerit,ita

401 3075 556 3149 quod
598 3092 714 3131 non
759 3074 969 3131 habeat
1012 3075 1071 3130 in
1129 3091 1192 3131 se
1249 3077 1495 3149 aliquam
1539 3086 1751 3149 partem
1788 3078 2041 3134 tenebra-

399 3182 543 3233 rum,
574 3167 681 3222 erit
708 3169 848 3220 tunc
874 3164 1117 3220 lucidum
1146 3174 1337 3233 totum,
1368 3172 1421 3221 ef
1448 3169 1588 3223 sicut
1616 3168 1838 3223 lucerna
1866 3168 2042 3239 fulgo-

2170 580 2315 653 puli,
2345 579 2630 653 permittit
2675 579 2958 635 Dominus
3005 578 3367 652 hypocritam
3418 594 3662 652 regnare
3698 580 3828 651 (Job

2168 674 2380 739 xxxw).
2415 669 2524 725 Sed
2568 673 2625 724 et
2671 685 2863 724 mores
2903 667 3223 724 multorum
3268 667 3611 740 hujusmodi
3657 672 3822 734 sunt,

2172 758 2447 831 quoniam
2502 757 2691 830 magis
2749 756 3061 830 proﬁciunt
3100 757 3273 830 positi
3304 758 3363 816 in
3395 756 3515 813 imo
3543 774 3732 829 quam
3767 757 3825 812 in

2171 848 2309 917 alto,
2343 848 2403 903 in
2435 847 2661 904 occulta
2689 847 2808 903 vita
2847 864 3024 919 quam
3054 845 3116 902 in
3148 845 3282 916 alta,
3316 845 3376 902 in
3402 846 3525 902 vita
3552 851 3825 902 contem-

2170 937 2385 1010 plativa
2417 953 2593 1009 quam
2625 937 2683 992 in
2718 937 2924 993 activa.
2965 941 3211 993 Lucerna
3241 938 3438 1010 quippe
3466 938 3714 1010 corporis
3743 939 3827 992 tui

2170 1034 2247 1082 est
2273 1028 2458 1083 oculus
2490 1036 2636 1083 tuus.
2672 1028 2882 1083 Doctor
2937 1026 3152 1098 quippe
3211 1025 3647 1082 ecclesiasticus
3707 1043 3821 1081 non

2171 1114 2359 1171 solum
2394 1114 2651 1186 lucerna,
2687 1116 2788 1172 sed
2821 1119 2878 1171 et
2908 1114 3134 1183 oculus,
3170 1115 3226 1169 id
3270 1119 3360 1170 est
3404 1113 3742 1187 speculator
3767 1119 3821 1170 et

2170 1208 2369 1275 custos
2386 1209 2443 1261 et
2460 1205 2816 1278 praecipuum
2839 1203 3105 1261 Ecclesiae
3123 1204 3454 1259 membrum
3476 1220 3609 1260 esse
3628 1203 3817 1259 debet.

2170 1293 2532 1367 Speculator,
2549 1300 2838 1367 quatenus
2855 1295 2916 1349 in
2930 1293 3046 1350 alto
3064 1290 3814 1366 constitutus,singulorum

2172 1400 2364 1440 mores
2386 1384 2840 1456 circumspiciat.
2862 1382 3025 1439 Unde
3047 1381 3351 1438 Dominus:
3371 1380 3519 1437 «Fili
3541 1380 3817 1447 hominis,

2171 1473 2381 1545 inquit,
2417 1473 2841 1546 speculatorem
2887 1472 3019 1527 dedi
3064 1477 3119 1527 te
3158 1470 3359 1526 domui
3393 1470 3566 1526 Israel
3592 1471 3815 1539 (Emit.

2170 1562 2312 1635 111).»
2348 1560 3138 1633 Custos,quatenus-vigilias
3164 1559 3353 1616 noctis
3382 1576 3561 1633 super
3579 1576 3819 1633 gregem

2171 1668 2345 1707 suum
2370 1651 2589 1724 vigilet,
2610 1667 2682 1706 ne
2704 1649 2958 1723 aliquem
2991 1650 3061 1705 de
3092 1648 3217 1705 suis
3246 1647 3335 1704 leo
3366 1649 3663 1704 circuiens
3692 1648 3821 1703 diri-

2168 1740 2308 1813 piat.
2343 1740 2692 1810 Membrum,
2727 1745 3018 1813 quatenus
3049 1739 3271 1795 czeteris
3290 1738 3504 1795 Christi
3535 1739 3819 1795 membris

2168 1830 2362 1886 nervis
2428 1829 2684 1886 charitas
2758 1827 3203 1902 compaginatus
3258 1827 3342 1884 eis
3399 1826 3814 1899 compatiatur.

2166 1919 2340 1975 Porro
2372 1918 2421 1974 si
2451 1918 2546 1974 hic
2596 1917 2800 1974 oculus
2856 1918 3033 1973 fuerit
3082 1915 3349 1989 simplex,
3382 1916 3558 1984 clare,
3588 1915 3822 1971 utiliter

2162 2013 2432 2081 recteque
2454 2008 2722 2076 videndo,
2746 2010 2932 2063 totum
2956 2023 3168 2078 corpus
3196 2004 3463 2062 Ecclesia:
3494 2006 3657 2078 quod
3682 2022 3817 2061 eum

2160 2097 2446 2169 sequitur,
2469 2097 2733 2153 lucidum
2765 2096 2969 2153 erit.Si
2991 2099 3187 2152 autem
3210 2111 3464 2167 nequam
3494 2095 3698 2161 fuerit,
3730 2098 3816 2151 te-

2161 2187 2405 2242 nebrose
2437 2185 2724 2242 inutiliter
2750 2190 2807 2241 et
2827 2184 3063 2258 oblique
3090 2184 3563 2252 videndo,totum
3595 2200 3813 2257 corpus

2158 2275 2423 2331 Ecclesiae
2439 2276 2592 2348 quod
2613 2292 2747 2331 cum
2761 2275 2965 2330 ducem
2991 2274 3260 2346 sequitur
3278 2273 3658 2329 tenebrosum
3683 2273 3811 2329 erit.

2158 2365 2321 2421 Sicut
2351 2365 2506 2420 enim
2532 2364 2723 2420 clarus
2751 2365 2912 2420 visus
2941 2362 3243 2419 oculorum
3272 2365 3454 2419 totam
3482 2361 3698 2417 faciem
3718 2362 3815 2417 Ec-

2156 2451 2343 2508 clesia:
2376 2452 2657 2509 clarificat
2686 2458 2743 2509 et
2770 2453 3060 2519 honestat,
3090 2456 3147 2508 et
3176 2450 3327 2507 sicut
3353 2451 3708 2507 tenebrosus
3722 2448 3809 2506 vel

2154 2547 2472 2598 excaecatus
2493 2541 2699 2598 oculus
2721 2547 2902 2597 totam
2936 2541 3193 2597 hominis
3225 2540 3428 2596 faciem
3461 2540 3811 2597 obtenebrat

2155 2635 2211 2686 et
2244 2631 2536 2704 deturpat,
2568 2632 2649 2687 ita
2678 2631 3022 2687 tenebrosus
3070 2634 3270 2702 pastor
3317 2633 3500 2684 totam
3534 2628 3809 2685 Ecclesia:

2156 2720 2361 2776 faciem
2392 2724 2639 2777 excaecat
2666 2724 2723 2775 et
2754 2721 2949 2775 fcedat.
2971 2720 3114 2786 Vide,
3132 2718 3423 2791 inquit,ne
3453 2719 3642 2774 lumen
3668 2718 3809 2790 quod

2154 2811 2214 2865 in
2246 2818 2296 2866 te
2323 2818 2403 2866 est
2430 2810 2667 2867 tenebrze
2693 2811 2825 2865 sint.
2856 2811 2935 2864 Ac
2966 2807 3014 2863 si
3046 2808 3203 2864 dicat
3235 2824 3249 2862 :
3282 2807 3454 2863 Omni
3496 2807 3808 2881 vigilantia

2154 2916 2288 2956 cave
2310 2915 2381 2955 ne
2407 2899 2607 2955 doctor
2622 2902 2763 2954 tuus
2785 2897 2885 2970 qui
2910 2901 2966 2953 te
2986 2898 3156 2953 debet
3174 2895 3508 2952 illuminare
3537 2897 3810 2954 tenebro~

2153 3007 2254 3045 sus
2286 2989 2380 3045 sit.
2413 2989 2582 3054 Nam,
2617 2987 2768 3043 sicut
2799 2986 2937 3042 alibi
2970 2986 3143 3042 dicit:
3184 3008 3205 3034 ι
3241 2986 3300 3041 Si
3324 2984 3525 3041 lumen
3559 2985 3726 3057 quod
3750 2986 3804 3041 in

2150 3083 2208 3134 te
2238 3083 2326 3134 est
2357 3077 2604 3133 tenebrae
2637 3080 2792 3143 sunt,
2826 3074 2964 3148 ipsae
3014 3075 3263 3130 tenebrze
3319 3078 3551 3146 quanta
3583 3073 3806 3129 erunt?

2152 3166 2361 3236 (Matth.
2406 3166 2508 3238 v1.)
2546 3189 2572 3214 »
2605 3164 2857 3220 Caveant
2894 3162 3074 3237 igitur
3104 3161 3206 3217 ﬁlii
3238 3161 3505 3217 Ecclesiae
3538 3178 3615 3217 ne
3642 3166 3805 3217 tene-

400 3257 478 3311 ris
509 3256 849 3311 illuminabit
878 3257 953 3322 te,
982 3254 1469 3321 subaudi,lumen
1502 3255 1653 3311 oculi
1684 3260 1741 3311 et
1769 3255 2039 3312 lucernae.
2074 3242 2116 3308 C
2154 3256 2395 3312 brosum
2426 3254 2660 3310 oculum
2693 3253 2750 3307 in
2782 3253 2993 3308 ducem
3025 3249 3134 3307 sibi
3167 3250 3403 3323 eligant,
3419 3254 3479 3305 et
3509 3266 3584 3306 ne
3603 3250 3803 3316 etiam,

401 3345 512 3400 Sed
546 3349 603 3399 et
629 3344 883 3416 perfecta
908 3342 1178 3399 Ecclesiae
1219 3344 1511 3401 munditia
1539 3345 1647 3400 erit
1671 3345 1729 3400 in
1761 3345 1877 3401 alia
1903 3346 2041 3410 vita‘,

402 3433 501 3489 ubi
532 3432 641 3488 erit
670 3432 795 3487 sine
825 3431 1057 3488 macula
1086 3437 1143 3488 et
1172 3450 1335 3504 ruga.
1358 3434 1506 3489 Dum
1530 3434 1686 3489 enim
1715 3434 1773 3489 in
1799 3433 1907 3490 hac
1928 3435 2045 3492 vita

400 3521 660 3576 defectus
692 3520 932 3592 patitur,
964 3536 1195 3592 semper
1240 3520 1473 3576 macula
1512 3522 1621 3578 erit
1649 3523 1705 3577 in
1740 3522 1898 3579 luna.
1933 3524 2043 3579 Sed

400 3613 459 3666 et
484 3608 601 3664 vita
630 3607 877 3679 alicujus
908 3608 1096 3663 sancti
1130 3610 1214 3665 sic
1244 3626 1371 3666 esse
1401 3615 1591 3682 potest
1621 3611 1813 3668 lucida
1844 3612 1903 3666 in
1936 3612 2045 3667 bac

398 3698 535 3765 vita,
569 3696 710 3769 quin
741 3695 1057 3768 aliquando
1087 3697 1308 3769 aliquid
1340 3699 1549 3755 habeat
1578 3701 2047 3770 tenebrosum,et

401 3786 452 3844 si
481 3802 597 3842 non
628 3785 687 3841 in
732 3784 1161 3853 criminalibus,
1196 3786 1401 3843 saltem
1434 3788 1493 3842 in
1523 3788 1869 3846 venialibus.
1905 3795 2043 3846 Pro-

401 3879 616 3949 pterea,
651 3875 859 3932 fratres
891 3875 1352 3949 mei,sequentcs
1383 3876 1775 3949 lucernam,id
1808 3884 1897 3935 est
1915 3896 2046 3936 ocu-

399 3964 525 4021 lum
558 3968 824 4021 nostrum
854 3965 1056 4021 Jesum
1089 3966 1496 4034 Christum,ad
1526 3966 1688 4023 illam
1722 3969 1951 4026 beatam
1967 3970 2046 4026 vi-

296 4084 303 4091 η
398 4058 520 4111 tam
550 4056 670 4109 toto
702 4052 989 4110 desiderio
1021 4054 1385 4122 festinemus,
1406 4056 1503 4111 ubi
1535 4057 1847 4128 perfectam
1880 4077 2046 4115 mun-

400 4141 605 4198 ditiam
635 4156 1068 4213 consequamur
1085 4146 1143 4198 et
1162 4142 1468 4215 fulgorem.
1486 4144 1747 4199 Lucerna
1764 4160 1897 4200 vero
1922 4162 2046 4217 par-

399 4229 664 4286 ticularis
685 4233 775 4285 est
797 4229 1043 4302 quilibet
1074 4231 1353 4304 magister
1371 4233 1683 4304 praeclarus
1699 4238 1756 4289 ct
1775 4234 2046 4306 spiritua-

400 4318 496 4387 lis,
539 4318 882 4390 hujusmodi
932 4319 1216 4376 Dominus
1276 4320 1459 4377 dicit:
1523 4345 1550 4372 «
1585 4326 1700 4378 Vos
1751 4323 1892 4379 estis
1946 4323 2045 4379 lux

400 4407 607 4465 mundi
647 4406 850 4480 (Matth.
883 4407 1004 4481 v).»
1036 4410 1141 4465 Hic
1159 4411 1231 4465 ad
1253 4410 1439 4466 instar
1459 4410 1599 4467 solis
1620 4410 1737 4468 sive
1773 4411 2043 4484 lucernae,

399 4497 598 4555 oculos
653 4495 895 4554 rationis
941 4496 1002 4553 in
1059 4499 1354 4568 omnibus,
1387 4504 1445 4555 et
1493 4501 1541 4555 si
1582 4517 1696 4556 non
1727 4504 1793 4556 ut
1820 4506 2042 4570 auctor,

2153 3346 2203 3401 si
2235 3344 2313 3401 sit
2340 3344 2618 3400 violenter
2646 3343 2757 3399 sibi
2790 3338 3236 3410 instructus,vel
3265 3339 3338 3395 de
3369 3337 3573 3411 priori,
3606 3342 3677 3394 ut
3705 3355 3805 3411 pu-

2152 3435 2406 3501 tabatur,
2440 3434 2592 3489 bono
2623 3434 2824 3505 postea
2853 3431 3222 3504 depravatus,
3241 3428 3371 3500 ejus
3399 3428 3685 3483 ducatum
3715 3443 3802 3483 se-

2154 3526 2389 3595 quatur,
2414 3539 2485 3578 ne
2516 3522 2661 3577 forte
2690 3521 3042 3588 caeci,caecos
3074 3519 3351 3574 ducentes
3381 3521 3437 3573 et
3462 3520 3799 3589 sequentes,

2154 3610 2372 3684 pariter
2402 3628 2532 3666 cum
2556 3626 2622 3665 eo
2645 3609 2704 3664 in
2727 3609 2952 3664 foveam
2979 3610 3205 3662 aeternas
3235 3603 3637 3662 damnationis
3657 3622 3806 3677 pra:-

2154 3700 2443 3773 cipientur
2487 3699 2697 3770 (Matth.
2729 3701 2846 3765 xv),
2881 3697 2982 3753 sed
3032 3695 3229 3768 potius
3275 3710 3451 3767 quam
3493 3693 3673 3750 citius
3705 3710 3803 3767 po-

2152 3794 2371 3857 terunt,
2407 3804 2659 3860 nequam
2693 3785 2926 3843 oculum
2958 3789 3183 3851 eruant,
3196 3786 3366 3857 juxta
3386 3782 3622 3838 Domini
3643 3799 3807 3838 man-

2155 3876 2369 3935 datum
2391 3877 2664 3933 dicentis:
2687 3874 2791 3932 «Si
2820 3874 3027 3931 oculus
3051 3878 3190 3929 tuus
3220 3872 3419 3928 dexter
3446 3871 3808 3928 scandalizat

2154 3971 2232 4035 te,
2279 3983 2416 4023 erue
2470 3984 2605 4022 eum
2663 3970 2721 4022 et
2778 3965 2994 4037 projice
3044 3980 3078 4019 a
3119 3967 3176 4018 te
3206 3961 3412 4031 (Matth.
3444 3960 3521 4033 v).
3554 3982 3585 4011 »
3640 3960 3805 4027 Quod

2153 4060 2351 4131 aperte
2396 4057 2746 4112 condemnat
2791 4053 2923 4109 illos
2967 4052 3090 4125 qui,
3123 4050 3401 4124 neglectis
3428 4049 3570 4105 viris
3599 4049 3721 4106 vita
3752 4053 3810 4105 et

2153 4146 2421 4203 doctrina
2450 4143 2763 4217 praeclaris,
2798 4140 3122 4198 sublimant
3164 4156 3341 4213 super
3382 4137 3804 4195 candelabrum

2151 4235 2439 4302 Ecclesize,
2461 4234 2742 4290 carbones
2764 4230 2957 4304 potius
2978 4230 3273 4286 fumantes
3295 4245 3475 4301 quam
3497 4228 3807 4283 ﬂamman-

2151 4328 2342 4394 tes,ut
2373 4324 2473 4396 qui
2504 4322 2914 4396 ingrediuntur
2944 4319 3142 4375 lumen
3176 4334 3289 4373 non
3317 4317 3571 4373 videant.
3598 4317 3810 4373 Lucan

2153 4430 2229 4469 na
2261 4412 2576 4487 singularis
2602 4415 2691 4467 est
2721 4410 2779 4464 in
2812 4426 2928 4466 una
2960 4424 3193 4481 quoque
3222 4405 3459 4462 homine
3479 4404 3629 4462 ratio
3645 4422 3809 4462 men-

2152 4502 2249 4569 tis,
2269 4518 2395 4574 quaa
2416 4501 2490 4557 ad
2512 4499 2698 4555 instar
2725 4498 2969 4554 luminis
2998 4496 3293 4553 hominem
3324 4494 3804 4567 illuminat,quid

398 4588 608 4646 saltem
642 4595 706 4645 ut
733 4588 1004 4647 minister
1033 4587 1517 4655 illuminat,viam
1548 4588 1674 4644 vitae
1706 4589 1968 4662 exemplo
1988 4595 2044 4646 et
2071 4610 2118 4676 D
2154 4590 2496 4664 fugiendum
2557 4592 2660 4645 aut
2710 4587 3074 4659 sequendum
3113 4585 3193 4641 sit
3222 4585 3608 4653 demonstrat,
3641 4588 3699 4641 et
3729 4583 3799 4639 ad

397 4678 661 4737 doctrina
692 4682 1074 4746 demonstrat,
1106 4676 1251 4733 nulli
1281 4676 1473 4734 lucem
1505 4696 1623 4733 sua:
1649 4679 1921 4734 doctrina:
1944 4697 2040 4737 ne-

397 4773 534 4841 gat;
563 4788 740 4843 quam
793 4771 892 4844 qui
933 4772 1106 4841 negat
1134 4768 1206 4824 ab
1238 4767 1431 4824 ofﬁcio
1460 4767 1708 4824 lucernae
1738 4784 1799 4824 se
1832 4769 2037 4840 privat.

397 4859 749 4930 Hujusmodi
779 4860 1079 4915 lucernam
1115 4858 1395 4913 Dominus
1426 4857 1484 4912 in
1510 4857 1727 4914 sanctis
1758 4858 2038 4927 accendit,

397 4963 512 5002 nou
557 4955 619 5003 ut
650 4954 899 5021 ponatur
928 4948 984 5002 in
1020 4946 1359 5003 abscondito
1391 4946 1517 5002 vita:
1550 4946 1817 5002 solitaria:
1843 4951 1899 5002 et
1940 4948 2040 5002 ab-

397 5036 695 5103 sconditae,
720 5054 907 5109 neque
941 5038 1049 5091 sub
1083 5037 1273 5091 medio
1303 5035 1429 5091 vita:
1463 5034 1835 5101 reclusee,sed
1867 5053 2042 5107 super

334 5113 339 5118 ’
396 5123 776 5180 eminentiam
825 5124 1112 5189 Ecclesiae,
1145 5130 1210 5180 ut
1259 5126 1358 5196 qui
1404 5124 1814 5197 ingrediuntur
1842 5123 2040 5181 Eccle-

396 5212 567 5280 siam,
603 5212 801 5269 lumen
831 5213 1066 5269 videant
1094 5215 1227 5269 boni
1262 5214 1509 5286 exempli
1540 5218 1598 5269 et
1628 5213 1922 5269 doctrinae.
1958 5215 2042 5269 Ita

394 5302 677 5357 Dominus
735 5318 963 5375 semper
1022 5302 1250 5372 faceret,
1295 5302 1405 5359 nisi
1463 5303 1673 5359 merita
1730 5319 2039 5375 moresque

394 5389 700 5446 hominum
731 5390 1103 5462 impedirent.
1139 5391 1343 5448 Merita
1392 5392 1605 5464 quippe
1649 5391 1789 5447 mali
1839 5391 2038 5464 p0puli

394 5478 636 5552 exigunt
666 5483 955 5553 quatenus
986 5496 1161 5552 super
1185 5496 1284 5536 eos
1306 5479 1653 5536 sublimetur
1681 5498 1798 5537 non
1823 5480 2037 5553 aliquis

390 5568 480 5625 vir
506 5568 625 5625 vita
649 5574 706 5626 et
734 5569 1000 5628 doctrina
1029 5569 1378 5638 luminosus,
1394 5569 1497 5625 sed
1530 5568 1744 5641 aliquis
1767 5571 2036 5627 tenebro-

392 5670 519 5732 sus,
534 5657 594 5718 in
612 5660 805 5740 majus
834 5658 927 5719 sui
955 5658 1145 5737 ipsius
1174 5657 1590 5719 detrimentum
1613 5660 1668 5715 et
1689 5658 2035 5735 populi,Job

2151 4680 2390 4735 modum
2424 4679 2674 4734 flamma;
2707 4675 3067 4749 superfertur
3082 4672 3428 4729 naturaliter
3444 4672 3515 4728 ad
3540 4673 3804 4746 superio-

2151 4788 2234 4826 ra.
2267 4770 2396 4825 stc
2427 4772 2621 4825 autem
2655 4768 2894 4823 flamma
2936 4763 3143 4820 divinas
3172 4762 3371 4836 gratia:
3401 4778 3651 4818 accensa
3682 4778 3803 4817 non

2153 4860 2323 4916 debet
2344 4858 2399 4913 in
2423 4856 2764 4913 abscondito
2795 4853 2952 4928 poni,
2972 4853 3029 4909 id
3047 4856 3137 4910 est
3164 4851 3512 4909 bestialibus
3532 4851 3801 4907 moribus

2154 4953 2210 5004 et
2239 4946 2496 5019 corporis
2526 4944 2944 5017 voluptatibus,
2980 4960 3095 4999 non
3127 4943 3299 5000 debet
3330 4941 3537 5016 premi,
3567 4938 3660 4997 vel
3693 4942 3803 4996 ab—

2153 5036 2373 5103 scondi,
2407 5052 2597 5107 neque
2619 5035 2728 5090 sub
2761 5034 2954 5089 modio
2987 5033 3157 5088 debet
3187 5032 3342 5103 poni,
3376 5032 3487 5087 sub
3520 5048 3805 5087 mensura

2153 5124 2537 5197 corporalium
2566 5141 2848 5180 sensuum
2880 5140 2995 5179 non
3030 5122 3200 5177 debet
3228 5119 3583 5187 includi,sed
3602 5120 3803 5191 potius

2152 5232 2327 5288 super
2357 5212 2867 5279 candelabrum,id
2892 5216 2981 5267 est
3008 5227 3185 5281 super
3214 5208 3591 5265 eminentiam
3617 5208 3804 5264 totius

2151 5303 2408 5360 hominis
2452 5303 2624 5359 debet
2665 5300 2895 5366 elevari,
2930 5303 3219 5371 quatenus
3276 5297 3475 5353 omnia
3530 5297 3804 5353 membra

2151 5408 2479 5464 sensusque
2517 5387 2775 5446 hominis
2805 5387 2858 5443 ei
2890 5387 3257 5453 subdantur;
3288 5384 3418 5457 ipsa
3443 5401 3578 5441 vero
3608 5390 3797 5458 regat,

2150 5481 2450 5554 provideat
2476 5482 2533 5535 et
2561 5477 2914 5533 dominetur.
2949 5474 3078 5531 Ηωο
3114 5477 3309 5530 autem
3339 5488 3456 5529 non
3486 5470 3683 5528 solum
3709 5476 3799 5527 est

2147 5568 2408 5637 lucerna,
2441 5566 2543 5625 sed
2577 5565 2753 5622 etiam
2795 5562 3021 5633 oculus,
3055 5564 3114 5620 id
3144 5566 3234 5619 est
3262 5559 3636 5635 speculatrix,
3670 5576 3798 5617 ser-

2145 5660 2351 5735 vatrix,
2384 5660 2441 5719 et
2468 5657 2734 5737 superior
2759 5669 2896 5736 pars
2927 5652 3205 5717 hominis.
3238 5651 3456 5738 Oculus
3487 5653 3688 5736 autem
3711 5665 3802 5711 ra-
