3984 6082
113 263 142 323 1
153 259 267 322 605

1245 254 1623 320 HOMILIIE.
1655 288 1734 304 —
1763 257 1838 318 Π.
1884 255 1986 319 DB
2030 255 2384 320 SANC'I‘IS.

3361 217 3518 323 deos

114 393 287 450 tionis
318 397 461 448 tunc
491 389 580 448 est
608 388 872 464 simplex,
908 390 1142 463 qnando
1167 390 1319 447 clare
1351 391 1571 446 utiliter
1595 396 1649 446 et
1672 409 1759 447 re-
1791 397 1840 462 Α
1874 409 2046 446 suum
2081 396 2136 444 et
2167 407 2402 445 causam
2427 389 2624 463 gaudii
2659 389 2748 446 sui
2770 385 2885 447 Deo
2904 389 3252 460 attribuunt,
3278 395 3376 450 sed
3401 413 3515 452 non

113 488 202 540 cte
230 481 406 538 videt.
437 481 685 547 Quidam
719 479 873 536 enim
905 479 1091 536 oculis
1122 479 1274 536 clare
1305 481 1478 548 videt,
1509 483 1609 537 sed
1644 499 1757 536 non

118 569 357 628 utiliter.
393 570 637 636 Quidam
671 585 805 625 vero
837 567 1022 626 oculis
1052 569 1208 624 videt
1237 569 1390 625 clare
1422 574 1477 624 et
1517 569 1757 637 utiliter,

115 661 213 716 sed
246 677 362 715 non
395 662 568 713 recte.
605 658 780 713 Porro
813 657 966 713 clare
995 657 1176 726 videt,
1208 659 1308 714 sed
1333 657 1634 725 inutiliter,
1662 658 1760 731 qui

112 750 333 805 bonum
365 765 400 802 a
432 747 584 803 malo
615 745 1026 819 perspicaciter
1055 747 1356 816 discernit,
1382 748 1483 803 sed
1517 747 1762 804 discreto

114 856 230 895 non
262 836 444 910 eligit.
478 835 641 892 Clare
670 853 804 891 vero
822 840 878 892 et
893 834 1136 904 utiliter,
1154 837 1253 892 sed
1276 853 1391 892 non
1411 840 1564 892 recte
1584 836 1760 905 videt,

114 925 214 999 qui
247 927 568 999 prudenter
598 924 877 980 discernit
906 927 962 980 et
991 924 1312 982 discretum
1337 925 1554 981 utiliter
1579 926 1760 999 eligit,

114 1015 215 1072 sed
248 1013 496 1070 electum
529 1014 601 1069 ad
635 1013 899 1069 debitum
931 1013 1109 1070 ﬁnem
1143 1031 1259 1069 non
1292 1014 1510 1088 dirigit.
1545 1013 1762 1070 Oculus

43 1141 45 1144 ι
115 1103 298 1177 igitur
344 1101 594 1176 simplex
639 1106 746 1170 est,
794 1101 896 1174 qui
928 1107 986 1158 et
1033 1103 1351 1174 prudenter
1399 1103 1681 1159 discernit
1709 1107 1766 1159 et

115 1194 439 1249 discretum
472 1191 694 1247 utiliter
721 1190 904 1264 eligit,
940 1195 996 1246 et
1025 1190 1272 1248 electum
1307 1209 1409 1264 per
1438 1193 1653 1248 bonam
1675 1192 1764 1246 in-

114 1281 437 1338 tentionem
471 1281 542 1337 ad
573 1281 758 1337 Deum
791 1280 1008 1355 dirigit.
1045 1281 1104 1336 Si
1136 1281 1315 1354 igitur
1345 1281 1551 1338 oculus
1582 1281 1762 1338 ratio-

115 1372 212 1428 nis
241 1371 349 1427 hoc
375 1371 548 1427 modo
581 1369 828 1443 simplex
859 1370 1052 1438 fuerit,
1077 1374 1264 1426 totum
1289 1387 1502 1443 corpus
1528 1370 1654 1426 vitae
1679 1370 1764 1425 vel

115 1460 332 1533 operis,
367 1477 492 1532 quae
525 1457 627 1515 tali
659 1459 826 1514 oculo
857 1459 1237 1532 gubernatur,
1262 1458 1525 1515 lucidum
1550 1458 1676 1514 erit.
1704 1459 1765 1514 Si

116 1554 314 1606 autem
346 1548 552 1605 oculus
584 1548 826 1604 rationis
849 1547 1024 1604 fuerit
1050 1565 1326 1620 nequam,
1350 1548 1439 1604 vel
1463 1549 1766 1604 tenebrose

116 1638 525 1704 discernendo,
558 1636 644 1692 vel
664 1636 813 1692 male
833 1635 1118 1709 eligendo,
1141 1635 1228 1692 vel
1253 1636 1489 1708 oblique
1509 1637 1565 1691 in
1589 1637 1767 1692 ﬁnem

121 1727 349 1784 malum
383 1725 902 1799 dirigendo,totum
921 1742 1133 1798 corpus
1149 1725 1275 1780 vita:
1292 1725 1381 1782 vel
1398 1725 1613 1797 operis,
1637 1741 1764 1796 quae
1801 1767 1847 1832 Β

121 1816 229 1872 tali
261 1814 428 1872 oculo
459 1815 838 1888 gubernatur,
875 1815 1251 1870 tenebrosum
1283 1815 1412 1870 erit.
1438 1815 1562 1870 Vide
1579 1816 1768 1886 igitur,

123 1905 340 1978 inquit,
371 1923 439 1962 ne
459 1906 645 1960 lumen
673 1905 817 1976 quod
849 1905 907 1959 in
938 1912 988 1959 te
1015 1911 1108 1964 est,
1156 1905 1387 1959 tenebrae
1413 1905 1546 1970 sint,
1594 1903 1651 1958 id
1684 1907 1774 1959 est

123 1994 260 2050 vide
291 2009 363 2049 ne
393 1993 542 2048 ratio
572 1995 692 2060 tua,
711 2010 836 2064 qua:
868 1997 924 2048 te
941 1991 1112 2047 debet
1135 1991 1491 2059 illuminare,
1511 1991 1599 2047 vel
1623 1997 1774 2048 tene-

125 2083 302 2138 brose
331 2080 418 2138 vel
451 2081 734 2137 inutiliter
763 2080 850 2136 vel
882 2081 1116 2152 oblique
1151 2080 1422 2146 videndo,
1467 2083 1774 2137 tenebrosa

129 2171 228 2227 sit.
263 2172 326 2227 Si
353 2179 550 2236 autem,
583 2169 794 2243 inquit,
829 2177 996 2226 totum
1024 2186 1218 2241 corpus
1249 2177 1403 2225 tuum
1424 2169 1481 2224 id
1514 2176 1603 2225 est
1645 2171 1773 2226 vitze

125 2260 220 2316 vel
252 2259 463 2333 operis,
499 2259 747 2315 lucidum
778 2261 902 2327 erit,
952 2258 1175 2315 scilicet
1203 2276 1318 2314 non
1368 2259 1612 2323 habens,
1669 2277 1774 2314 nec

125 2365 236 2422 per
265 2349 654 2422 ignorantiam
689 2365 792 2404 nec
841 2365 944 2421 per
997 2347 1213 2404 malum
1255 2346 1617 2416 electionem,
1671 2366 1775 2404 nec

124 2455 234 2511 per
249 2437 545 2512 obliquam
566 2437 976 2506 intentionem,
1000 2435 1222 2509 aliquid
1246 2427 1641 2505 tenebrarum,
1667 2439 1776 2493 erit

123 2527 394 2584 lucidum
425 2532 634 2595 totum,
677 2527 734 2582 id
767 2532 857 2584 est
886 2529 1045 2582 totus
1093 2526 1288 2582 homo.
1323 2526 1381 2582 Si
1415 2527 1572 2581 enim
1626 2528 1774 2582 ratio

122 2621 231 2672 tua
261 2622 351 2672 est
379 2620 502 2672 tota
531 2615 726 2672 lucida
756 2620 812 2671 et
841 2615 959 2670 vita
986 2619 1089 2671 tua
1109 2620 1231 2670 tota
1251 2614 1466 2682 lucida,
1491 2620 1630 2670 tunc
1653 2633 1777 2687 per-

122 2707 275 2762 fecte
304 2709 460 2761 totus
491 2705 605 2762 eris
625 2704 878 2772 lucidus,
899 2709 955 2760 et
972 2704 1176 2760 oculus
1193 2708 1332 2760 tuus
1347 2703 1607 2760 omnimo
1632 2705 1774 2759 sim-

123 2794 281 2868 plex.
315 2795 500 2865 Tunc,
531 2797 673 2850 sicut
703 2795 926 2850 lucerna
946 2795 1180 2865 fulgoris
1213 2793 1554 2848 illuminabit
1602 2797 1677 2860 to,
1711 2798 1776 2849 ut

123 2883 398 2938 videlicet
429 2883 510 2939 sis
542 2882 772 2938 lucidus
813 2898 990 2954 penes
1035 2881 1310 2954 teipsum,
1363 2899 1540 2953 penes
1589 2899 1775 2954 p0pu-

124 2971 275 3039 lum,
309 2974 366 3026 et
397 2987 576 3043 penes
605 2971 811 3027 Deum.
845 2971 1068 3041 Itaque,
1105 2970 1311 3025 fratres
1351 2969 1485 3036 mei,
1539 2969 1772 3025 oculum

126 3059 346 3115 mentis
376 3075 628 3132 purgare
663 3060 1028 3127 studeamus,
1075 3076 1190 3114 non
1222 3058 1413 3114 solum
1462 3059 1774 3115 tenebrosa

1869 479 1950 534 illi
1985 480 2210 535 debitas
2241 478 2458 551 gratias
2489 483 2690 552 agunt,
2723 484 2780 536 et
2803 481 3014 553 ingrati
3039 486 3200 548 sunt,
3223 488 3289 538 ut
3311 500 3517 538 novem

1869 567 2083 639 leprosi
2116 567 2216 639 qui
2248 569 2320 623 ad
2353 568 2716 623 reddendum
2739 569 2790 624 ei
2809 569 3048 642 gratias,
3077 587 3250 642 quem
3271 572 3518 627 curatio-

1870 657 1962 712 nis
1994 675 2112 712 suaa
2145 661 2440 712 auctorem
2472 662 2770 726 noverant,
2805 676 2922 714 non
2945 659 3263 717 redierunt.
3287 662 3357 716 Et
3381 666 3522 717 sunt

1872 746 2135 818 quidam,
2173 746 2274 818 qui
2308 749 2364 802 et
2412 746 2693 819 gaudium
2744 764 2917 803 suum
2951 752 3006 803 et
3038 766 3276 804 causam
3317 750 3516 823 gaudii

1873 834 1962 890 sui
1998 834 2113 889 Deo
2145 834 2494 902 attribuunt,
2529 840 2585 890 et
2614 835 2665 890 ei
2694 836 2912 908 gratias
2951 842 3152 908 agunt,
3188 838 3287 893 sed
3339 839 3516 894 ﬁnem

1873 922 2072 995 gaudii
2093 922 2184 978 sui
2199 923 2268 977 ad
2288 921 2546 995 aliquam
2561 941 2768 979 vanam
2783 924 3166 980 intentionem
3182 927 3516 993 deﬂectunt,

1872 1014 1928 1066 et
1957 1010 2088 1066 vani
2121 1014 2282 1079 sunt,
2315 1017 2377 1066 ut
2408 1011 2716 1084 hypocrita:
2750 1017 2807 1069 et
2836 1030 3039 1069 omnes
3059 1013 3334 1071 vanitatis
3357 1033 3520 1072 ama-

1873 1105 2050 1155 tores.
2087 1099 2194 1165 Qui
2227 1117 2362 1172 ergo
2389 1105 2445 1156 et
2463 1101 2614 1172 quod
2634 1101 2867 1174 gaudet,
2893 1107 2949 1158 et
2966 1103 3120 1158 unde
3159 1105 3376 1176 gaudet
3410 1110 3519 1161 Deo

1875 1189 2162 1252 attribuit,
2194 1193 2250 1243 et
2281 1188 2416 1244 inde
2447 1188 2497 1244 ei
2527 1189 2745 1260 gratias
2779 1190 2919 1262 agit,
2955 1195 3010 1246 et
3039 1193 3309 1249 eumdem
3343 1193 3519 1250 finem

1873 1293 2006 1332 eum
2042 1277 2363 1344 constituit,
2398 1279 2458 1332 in
2490 1278 2604 1334 Deo
2650 1279 2907 1350 profecto
2953 1279 3256 1352 gloriatur,
3291 1286 3349 1338 et
3378 1283 3523 1338 bene

1874 1365 2178 1439 gloriatur,
2215 1366 2264 1422 si
2298 1367 2366 1422 de
2399 1367 2548 1422 bono
2579 1365 2879 1440 glorietur.
2915 1369 3065 1423 Sunt
3095 1369 3249 1425 enim
3283 1371 3520 1444 quidam

1876 1455 1974 1526 qui
2009 1456 2078 1510 de
2110 1454 2262 1512 malo
2309 1456 2459 1511 bono
2508 1455 2854 1528 gloriantur,
2890 1461 2954 1512 ut
2997 1457 3214 1515 Paulus
3245 1465 3300 1514 et
3329 1461 3521 1516 caeteri

1876 1542 2020 1616 legis
2052 1543 2267 1610 aemuli,
2303 1545 2405 1616 qui
2438 1544 2841 1618 gloriabantur
2871 1546 2930 1602 in
2963 1547 3360 1618 persecutione
3389 1567 3522 1622 apo-

1876 1632 2182 1700 stolorum,
2217 1633 2568 1689 arbitrantes
2599 1657 2626 1684 ‹‹
2657 1651 2718 1690 se
2739 1635 3084 1708 obsequium
3111 1641 3387 1709 praestare
3408 1644 3522 1695 Deo

1877 1724 2064 1793 (Joan.
2096 1725 2234 1790 xw),
2267 1744 2295 1772 »
2316 1721 2612 1777 habebant
2628 1722 2866 1793 quidem
2887 1723 3073 1779 zelum
3089 1748 3116 1774 «
3138 1724 3260 1793 Dei,
3282 1727 3382 1783 sed
3407 1745 3523 1783 non

1881 1811 2204 1864 secundum
2252 1810 2552 1864 scientiam
2607 1810 2774 1883 (Rom.
2827 1811 2905 1884 Χ).
2941 1834 2967 1860 ››
3001 1813 3152 1868 Sunt
3198 1817 3256 1869 et
3301 1815 3400 1888 qui
3452 1816 3523 1872 de

1881 1901 2031 1956 bono
2063 1899 2120 1954 in
2151 1899 2302 1954 malo
2352 1898 2696 1971 gloriantur,
2733 1905 2798 1956 ut
2845 1901 3179 1974 hypocriten,
3210 1909 3268 1959 et
3295 1905 3522 1977 pejores

1882 1993 2020 2044 sunt
2049 1989 2359 2061 hypocrita:
2391 1988 2546 2044 enim
2581 1989 2651 2044 de
2676 1989 2848 2058 bono,
2883 1990 2930 2045 si
2957 1991 3113 2062 quod
3137 1992 3358 2048 faciunt
3380 2010 3524 2050 vane

1881 2077 2230 2151 gloriantur.
2261 2077 2409 2132 Sunt
2439 2080 2494 2132 et
2523 2077 2622 2148 qui
2655 2077 2724 2134 de
2755 2077 2906 2134 malo
2925 2079 2984 2134 in
3005 2079 3158 2136 malo
3175 2080 3524 2154 gloriantur,

1883 2171 1940 2222 et
1971 2164 2209 2236 pessimi
2243 2169 2401 2233 sunt,
2437 2170 2502 2220 ut
2531 2165 2613 2220 illi
2649 2191 2675 2216 «
2711 2165 2809 2238 qui
2827 2166 3098 2224 laetantur
3113 2185 3247 2226 cum
3279 2169 3428 2227 male
3452 2171 3526 2228 fe-

1884 2255 2087 2322 cerint,
2121 2260 2177 2310 et
2206 2255 2499 2310 exsultant
2531 2255 2589 2310 in
2623 2256 2796 2311 rebus
2841 2256 3113 2328 pessimis
3157 2261 3339 2328 (Prov.
3375 2261 3458 2332 II).
3495 2283 3524 2309 »

1885 2345 2049 2409 Sunt,
2084 2349 2140 2400 et
2188 2344 2287 2416 qui
2320 2344 2391 2399 de
2433 2344 2581 2399 bono
2631 2344 2689 2398 in
2721 2345 2872 2401 bono
2923 2346 3267 2418 gloriantur,
3302 2354 3358 2404 et
3389 2349 3525 2406 boni

1885 2439 2042 2500 sunt,
2078 2438 2141 2487 ut
2173 2432 2264 2498 illi,
2287 2433 2358 2487 de
2382 2433 2534 2487 bono
2552 2435 2706 2505 quod
2720 2434 2956 2503 habent,
2974 2436 3030 2490 in
3049 2435 3164 2492 Deo
3181 2436 3524 2508 glorientur.

1884 2522 1988 2586 Qui
2019 2539 2153 2595 ergo
2185 2522 2256 2576 de
2289 2521 2438 2577 bono
2470 2522 2528 2576 in
2562 2523 2712 2578 bono
2752 2523 3099 2596 gloriantur,
3143 2526 3289 2581 bene
3325 2528 3527 2600 utique

1883 2614 1939 2664 et
1968 2609 2212 2665 discreto
2245 2610 2484 2665 faciunt.
2519 2612 2706 2678 Quare
2738 2617 2933 2668 autem
2965 2613 3139 2669 homo
3172 2615 3378 2671 debeat
3410 2633 3525 2672 non

1885 2698 1943 2752 in
1977 2715 2059 2765 sc,
2093 2699 2192 2754 sed
2225 2699 2284 2753 in
2337 2703 2446 2754 Deo
2492 2699 2749 2772 gloriari,
2801 2703 3074 2771 ostendit,
3108 2719 3241 2759 cum
3291 2705 3524 2762 subdit:

1884 2788 2166 2842 Noncnim
2196 2790 2294 2858 qui
2323 2790 2564 2858 scipsum
2611 2791 2948 2846 commendat
2979 2792 3075 2846 ille
3117 2795 3378 2864 probatus
3426 2803 3524 2863 est,

1881 2877 1973 2932 sed
2005 2893 2162 2948 quem
2190 2877 2327 2931 Deus
2356 2878 2720 2946 commendat,
2755 2879 2810 2934 id
2845 2883 2932 2935 est
2961 2897 3077 2935 non
3123 2897 3191 2937 ex
3222 2881 3329 2937 hoc
3371 2883 3526 2954 quod

1884 2965 2096 3036 aliquis
2128 2982 2188 3019 se
2219 2965 2424 3036 probat
2455 2970 2543 3022 est
2571 2966 2851 3038 probatus
2882 2972 2938 3024 et
2968 2967 3300 3038 laudabilis,
3327 2971 3428 3026 sed
3459 2989 3528 3028 ex

1884 3053 1991 3109 hoc
2010 3054 2163 3124 quod
2180 3054 2334 3109 Deus
2347 3071 2479 3110 eum
2501 3055 2707 3126 probat
2723 3061 2778 3111 et
2795 3058 3186 3114 commendat.
3209 3059 3358 3115 Sunt
3369 3060 3524 3116 enim

127 3163 326 3221 Opera,
359 3148 460 3204 sed
483 3147 661 3203 etiam
687 3149 1029 3204 tenebrosae
1051 3147 1431 3220 cogitationes
1455 3148 1772 3221 fugiamus,
1804 3133 1845 3199 (ἶ
1882 3141 2122 3214 quidam
2147 3143 2246 3213 qui
2269 3142 2327 3198 in
2352 3149 2664 3216 conspectu
2689 3143 3015 3213 hominum,
3039 3146 3207 3202 vanis
3229 3147 3524 3219 laudibus,

125 3236 284 3292 bona
313 3252 488 3310 opera
517 3252 652 3292 cum
686 3237 838 3292 bona
877 3235 1198 3292 intentione
1235 3236 1552 3305 faciamus;
1592 3241 1774 3293 Deum

127 3325 307 3380 tinem
325 3341 566 3397 operum
586 3329 921 3381 nostrorum
936 3326 1384 3392 constituamus,
1411 3325 1481 3380 ad
1500 3342 1633 3382 eum
1660 3330 1776 3381 toto

125 3411 418 3468 desiderio
451 3412 826 3480 festinemus;
850 3411 1134 3468 vilescant
1164 3412 1332 3468 nobis
1351 3413 1547 3468 omnia
1563 3431 1687 3486 quae
1718 3416 1774 3468 in

125 3499 236 3556 hoc
269 3499 480 3556 saeculo
512 3501 903 3572 possidemus,
941 3502 1140 3557 omnia
1173 3518 1534 3574 quaecunque
1566 3520 1775 3575 possu-

126 3604 284 3656 mus,
321 3588 392 3644 ad
427 3587 684 3644 coelestes
713 3588 1018 3646 thesauros
1049 3605 1151 3662 per
1172 3606 1346 3662 opera
1368 3591 1776 3647 misericordiae

123 3677 574 3744 transferamus,
595 3678 1044 3750 quatenusstola
1061 3683 1284 3734 aeternae
1307 3679 1590 3736 claritatis
1611 3681 1776 3736 indui

124 3783 480 3833 mereamur,
512 3771 824 3840 praestante
872 3773 986 3823 Deo
1018 3772 1073 3824 et
1103 3769 1346 3825 Domino
1396 3776 1594 3825 nostro
1634 3771 1774 3826 Jesu

123 3855 381 3923 Christo,
415 3855 514 3928 qui
566 3873 699 3911 cum
750 3856 916 3912 Patre
945 3861 1001 3912 et
1033 3856 1254 3928 Spiritu
1305 3864 1507 3915 saneto
1553 3859 1692 3914 vivit
1720 3864 1776 3914 et

124 3949 335 4018 regnat
365 3945 422 4000 in
456 3950 759 4001 aeternum.
793 3947 997 4002 Amen.

449 4052 802 4109 COMMUNE
844 4052 1060 4109 UNIUS
1099 4053 1442 4111 VlRGlNlS.

867 4160 1032 4218 XXX.

252 4249 431 4290 UNIUS
469 4249 742 4289 VIRGINIS.
786 4250 855 4288 DE
895 4249 1159 4288 BPIS'I'OLA
1196 4250 1268 4289 AD
1307 4250 1644 4291 CORINTHIOS

841 4321 1049 4360 SERMO.

195 4393 308 4462 Qui
351 4393 643 4463 gloriatur,
695 4395 756 4449 in
803 4395 1034 4450 Domino
1081 4395 1349 4462 glorietur
1396 4395 1468 4467 (11
1521 4397 1640 4451 Cor.
1685 4397 1762 4468 Χ),

1884 3230 1972 3286 vel
2005 3230 2300 3287 simulatis
2331 3232 2604 3304 operibus
2626 3250 2753 3289 sese
2774 3235 3025 3306 probant
3043 3239 3099 3291 et
3121 3237 3527 3311 reprobantur,

1886 3325 1948 3374 ut
1972 3320 2288 3391 jactatores
2319 3323 2374 3376 et
2407 3320 2734 3394 hypocritae.
2769 3323 2919 3378 Sunt
2949 3329 3006 3379 et
3037 3323 3132 3380 alii
3165 3325 3264 3398 qui
3298 3325 3358 3382 in
3391 3343 3528 3383 eon-

1887 3413 2089 3480 spectu
2122 3409 2221 3464 Dei
2253 3409 2323 3464 de
2372 3410 2482 3464 fide
2513 3415 2570 3465 et
2615 3410 2896 3467 charitate
2946 3430 3053 3469 sua
3101 3421 3524 3486 praesumentes

1886 3514 2011 3553 sese
2044 3499 2310 3569 probant.
2345 3499 2414 3553 Et
2459 3497 2594 3554 inde
2627 3517 2740 3555 non
2793 3500 2920 3556 ideo
2966 3502 3371 3574 reprobantur,
3426 3506 3527 3561 sed

1887 3585 2075 3659 magis
2102 3586 2510 3658 improbantur
2539 3591 2594 3644 et
2642 3587 3046 3656 humiliantur,
3080 3593 3144 3646 ut
3175 3609 3343 3648 suam
3377 3610 3530 3650 reco-

1885 3679 2168 3747 gnoscant
2200 3675 2620 3745 infirmitatem,
2657 3681 2720 3732 ut
2754 3677 2959 3735 Petrus
2988 3680 3059 3735 de
3085 3697 3147 3736 se
3167 3698 3530 3753 praesumens

1885 3764 2059 3820 dixit:
2093 3791 2119 3813 ‹‹
2155 3765 2223 3820 Et
2254 3764 2301 3819 si
2334 3765 2653 3837 oportuerit
2685 3784 2776 3823 me
2808 3767 2954 3823 mori
2977 3773 3190 3836 tecum,
3225 3787 3339 3826 non
3361 3774 3416 3827 te
3436 3789 3530 3828 ne-

1885 3853 2033 3926 gabo
2068 3855 2287 3922 (Matth.
2319 3858 2494 3924 XXVI).
2529 3878 2556 3906 »
2591 3855 2918 3913 Permissus
2958 3863 3047 3913 est
3094 3860 3318 3926 cadere,
3364 3865 3429 3916 ut
3457 3862 3530 3917 de

1885 3946 2088 3997 caetero
2120 3959 2288 3998 suam
2322 3943 2720 4000 infirmitatem
2752 3952 3115 4018 agnosceret,
3139 3953 3194 4002 et
3216 3964 3330 4003 non
3363 3948 3420 4003 in
3445 3965 3530 4016 se,

1885 4032 1985 4086 sed
2017 4030 2076 4085 in
2109 4030 2232 4087 solo
2267 4036 2378 4087 Deo
2411 4033 2745 4088 confideret.
2779 4033 2873 4089 Sic
2904 4039 2961 4089 et
2996 4036 3173 4090 David
3205 4053 3339 4092 cum
3361 4038 3530 4110 quasi

1883 4119 1953 4174 de
1986 4136 2046 4174 se
2077 4120 2481 4192 praesumendo
2504 4121 2778 4177 dixisset:
2813 4146 2838 4172 ‹‹
2860 4123 2977 4196 Ego
3005 4123 3123 4178 dixi
3145 4125 3204 4180 in
3228 4126 3530 4182 abundan-

1882 4208 1964 4263 tia
1995 4224 2150 4263 mea:
2203 4208 2328 4264 Non
2378 4210 2655 4265 movebor
2683 4210 2740 4264 in
2793 4215 3074 4268 zeternum
3124 4215 3296 4282 (Psal.
3349 4220 3524 4285 xxxx),

1883 4297 2098 4352 moxde
2115 4297 2222 4352 hac
2236 4299 2690 4370 praesumptione
2707 4316 2768 4355 se
2790 4305 3112 4356 correctum
3135 4319 3264 4360 esse
3286 4304 3528 4360 demon-

1883 4390 2049 4455 strat,
2085 4403 2218 4442 cum
2250 4386 2481 4442 subdit:
2519 4409 2547 4436 «
2579 4389 2851 4444 Avertisti
2876 4390 3257 4446 faciemtuam
3279 4409 3313 4448 a
3340 4397 3530 4460 me,et

123 4485 234 4536 etc.
271 4481 400 4538 Haec
448 4482 618 4539 lectio
667 4483 964 4555 tripartita
993 4486 1104 4550 est,
1157 4484 1364 4539 fratres
1395 4484 1528 4540 mei.
1581 4485 1771 4541 Primo
1803 4503 1849 4566 D
1885 4475 2072 4530 factus
2103 4492 2242 4566 sum,
2269 4476 2652 4566 conturbatus
2676 4477 2859 4550 (ibid)
2879 4501 2906 4526 »
2921 4478 3200 4535 Similiter
3219 4496 3354 4535 eum
3377 4481 3448 4536 de
3465 4497 3528 4537 se

121 4571 287 4626 enim
318 4576 514 4628 monet
541 4571 854 4645 Apostolus
882 4570 1230 4644 gloriantem
1262 4573 1320 4627 in
1354 4573 1598 4629 Domino
1647 4574 1769 4648 glo-

123 4658 288 4714 riari.
321 4661 589 4729 Secundo
621 4665 784 4734 optat
805 4679 974 4717 suam
995 4661 1390 4734 insipientiam
1414 4663 1766 4736 supportari.

123 4748 321 4805 Tertio
352 4749 489 4805 dicit
519 4767 580 4806 se
609 4750 794 4806 zelare
828 4767 933 4806 nos
962 4749 1084 4806 zelo
1114 4751 1231 4806 Dei.
1281 4750 1540 4807 Primum
1591 4752 1773 4825 igitur

121 4843 326 4894 monet
354 4847 415 4894 ut
435 4856 527 4911 qui
548 4841 840 4909 gloriatur,
866 4841 922 4894 in
941 4841 1178 4896 Domino
1193 4840 1462 4908 glorietur
1482 4841 1677 4896 :Porro
1695 4843 1766 4897 ad

124 4927 286 4998 quod
320 4927 534 5000 aliquis
565 4929 622 4982 in
656 4929 903 4984 Domino
933 4927 1232 5001 glorietur,
1259 4930 1371 4984 tria
1393 4937 1764 4986 concurrunt:

119 5007 193 5062 Et
226 5009 380 5078 quod
414 5009 694 5081 gaudium
729 5026 904 5064 suum
937 5012 992 5064 et
1021 5025 1258 5064 causam
1289 5011 1416 5080 ejus
1447 5016 1560 5066 Deo
1602 5011 1768 5066 attri-

116 5095 284 5165 buat,
327 5102 384 5152 et
411 5098 567 5170 quod
603 5098 736 5153 inde
765 5098 814 5153 ei
849 5098 1067 5171 gratias
1096 5102 1250 5170 agat,
1287 5103 1342 5154 et
1373 5102 1526 5171 quod
1569 5102 1769 5174 gaudii

117 5183 213 5238 sui
246 5189 426 5242 Deum
458 5187 632 5242 ﬁnem
667 5185 1002 5242 constituat.
1035 5191 1182 5242 Sunt
1212 5188 1367 5242 enim
1401 5188 1639 5260 quidam
1667 5191 1768 5262 qui

116 5274 407 5344 gaudium
440 5292 615 5332 suum
647 5280 702 5332 et
733 5293 968 5332 causam
1000 5276 1197 5350 gaudii
1222 5277 1333 5343 sui,
1357 5261 1490 5344 sibi,
1515 5295 1627 5333 non
1653 5261 1768 5336 Deo

115 5363 473 5433 attribuunt,
507 5369 564 5422 et
592 5366 827 5438 superbi
861 5369 1002 5422 sunt
1031 5370 1096 5420 ut
1117 5365 1198 5420 illi
1221 5365 1322 5438 qui
1345 5365 1566 5422 dicunt:
1594 5391 1621 5418 ‹‹
1647 5369 1766 5425 Ma-

115 5467 238 5508 nus
270 5458 471 5511 nostra
499 5454 748 5524 excelsa,
781 5459 838 5511 et
869 5472 981 5511 non
1015 5455 1299 5511 Dominus
1330 5455 1464 5511 fecit
1481 5454 1604 5512 haec
1638 5475 1767 5514 om-

115 5541 220 5600 nia
253 5540 433 5619 (Deul.
484 5544 682 5620 xxxii).
722 5568 744 5596 ι
778 5545 847 5602 Et
879 5549 1017 5603 sunt
1063 5545 1306 5621 quidam
1339 5545 1439 5620 qui
1484 5547 1767 5620 gaudium

1881 4565 2286 4635 praesumendo
2313 4564 2581 4621 dixisset:
2615 4589 2642 4615 «
2677 4566 2876 4622 Juravi
2917 4571 2972 4622 et
3011 4568 3188 4623 statui
3235 4569 3528 4627 custodire

1870 4652 2098 4723 judicia
2139 4653 2384 4724 justitiae
2434 4658 2547 4709 tua;
2597 4645 2769 4724 (Paul.
2821 4659 3039 4724 cxvm),
3077 4679 3105 4705 ››
3139 4674 3272 4712 mox
3317 4658 3388 4712 de
3418 4658 3527 4715 hac

1881 4743 2334 4814 praesumptione
2393 4760 2452 4799 se
2502 4749 2824 4800 correctum
2879 4762 3008 4801 esse
3075 4747 3330 4802 ostendit
3391 4763 3526 4802 cum

1879 4831 2104 4886 subdit:
2141 4855 2168 4880 «
2201 4832 2562 4888 Humiliatus
2594 4851 2727 4889 sum
2763 4852 3204 4908 usquequaque.
3262 4836 3521 4905 Domine,

1877 4920 2102 4975 vivitica
2132 4937 2222 4975 me
2255 4922 2582 4977 secundum
2617 4924 2855 4979 verbum
2880 4929 3049 4979 tuum
3083 4925 3286 4998 (ibid.).
3327 4951 3347 4975 υ
3377 4927 3527 4982 Sunt

1878 5015 1933 5064 et
1961 5010 2054 5064 alii
2091 5011 2188 5082 qui
2224 5012 2405 5066 coacti
2441 5011 2743 5068 humiliter
2773 5019 2827 5069 et
2860 5014 2970 5069 {ine
2993 5013 3189 5070 debito
3221 5032 3348 5071 sese
3392 5033 3528 5088 pro-

1880 5099 2039 5165 bant,
2073 5117 2176 5154 nec
2207 5105 2402 5156 tamen
2433 5117 2502 5156 ex
2527 5101 2634 5157 hoc
2671 5104 3074 5174 reprobantur,
3109 5103 3210 5159 sed
3245 5104 3437 5177 potius
3459 5123 3530 5162 ex

1880 5187 1988 5244 hoc
2021 5193 2171 5243 Deus
2200 5205 2298 5244 eos
2319 5191 2526 5261 probat
2555 5195 2612 5245 et
2635 5192 3025 5262 commendat,
3051 5197 3116 5248 ut
3139 5193 3375 5259 Paulus,
3400 5196 3522 5266 qui,

1878 5282 2112 5333 coactus
2145 5295 2177 5332 a
2210 5279 2733 5350 pseudoapostolis,
2767 5296 2893 5335 sese
2922 5283 3296 5338 commendat
3325 5285 3530 5338 Corin-

1877 5367 2019 5423 thiis
2049 5368 2120 5440 (II
2157 5369 2276 5423 Cor.
2310 5371 2414 5439 x1),
2445 5371 2507 5420 ut
2538 5369 2730 5442 magis
2761 5368 3006 5426 audiant
3037 5389 3169 5427 eum
3201 5371 3530 5443 praedican-

1876 5460 1994 5512 tem
2025 5474 2160 5513 vera
2190 5472 2368 5527 quam
2416 5455 2907 5530 pseudoapostolo
2958 5460 3310 5533 praedicante
3360 5459 3530 5516 falsa.

1878 5545 2062 5606 Homo
2093 5544 2274 5624 igitur
2297 5562 2358 5604 se
2390 5543 2597 5608 laudat
2627 5546 2766 5607 solis
2779 5546 3160 5622 verbis,Deus
3176 5550 3373 5607 autem
3410 5546 3538 5605 lau-
