3984 6082
1666 283 2078 356 ΒΑΒῙΠιΡΗῙ-
2106 287 2528 360 ARDENTIS.

3640 291 3824 366 16.0.8.

400 426 492 480 dat
530 423 828 480 hominem
863 423 1049 480 factis.
1091 427 1276 480 Homo
1316 441 1376 480 se
1420 424 1639 494 laudat,
1681 423 2036 480 laudabilem
2070 430 2118 495 Α
2153 425 2481 497 promissis,
2524 425 3045 494 exhortationibus,
3099 425 3297 495 minis,
3349 427 3694 484 verberibus
3726 431 3803 484 ad

397 519 627 568 tantum
659 530 719 568 se
741 529 868 568 esse
890 513 1332 582 dicendo;Deus
1358 513 2034 579 verolaudathominem,

399 621 532 658 eum
571 601 920 658 laudabilem
963 602 1245 671 faciendo,
1295 603 1642 658 conferendo
1690 602 1957 658 videlicet
1986 603 2036 658 ei

397 692 619 764 gratias
650 708 788 748 suas
817 694 874 746 et
905 691 1192 763 przecipue
1222 690 1498 747 virtutem
1526 691 1898 758 humilitatis,
1921 709 2038 764 qua

397 779 724 836 instruatur
753 780 1062 852 semperde
1077 796 1137 835 se
1150 780 1449 836 humiliter
1461 781 1695 848 sentire,
1712 781 1856 836 nihil
1871 783 1941 836 de
1955 799 2036 852 se,

397 869 498 926 sed
514 886 744 940 semper
757 869 826 923 de
841 869 955 924 Deo
969 886 1340 940 praesumere,
1362 871 1559 926 omnia
1572 872 1686 926 Deo
1699 871 2034 937 attribuere,

397 961 456 1013 et
487 957 556 1013 ad
590 957 771 1013 Deum
804 958 1393 1015 omniareferre.H:cc
1410 960 1706 1016 hominem
1728 961 2036 1032 probatum

396 1051 572 1118 atque
596 1045 951 1101 laudabilem
985 1047 1222 1103 faciunt.
1258 1050 1483 1114 Quanto
1515 1049 1669 1104 enim
1695 1049 1826 1121 quis
1849 1048 2038 1121 magis

396 1133 546 1208 fugit
576 1133 842 1208 gloriam,
875 1139 1036 1191 tanto
1067 1135 1255 1209 magis
1277 1153 1412 1192 eum
1446 1136 1630 1210 gloria
1660 1137 1945 1209 sequitur.

399 1224 664 1280 Secundo
697 1228 861 1296 optat
889 1223 1203 1297 Apostolus
1233 1243 1402 1281 suam
1442 1225 1838 1298 insipientiam
1893 1244 2035 1298 sup-

395 1311 634 1386 portari,
667 1328 800 1368 cum
835 1313 1060 1369 subdit:
1116 1317 1334 1372 Utinam
1379 1318 1720 1371 sustinentis
1765 1317 2037 1371 modicum

395 1402 527 1474 quid
571 1403 904 1474 insipientiie
937 1402 1104 1458 meaz!
1132 1404 1223 1459 sed
1251 1413 1303 1460 et
1343 1414 1654 1477 supportate
1697 1423 1783 1461 me
1810 1408 1884 1475 (II
1913 1407 2037 1461 Cor.

393 1491 496 1563 χι).
532 1491 706 1546 Porro
737 1508 906 1547 suam
940 1491 1340 1564 insipientiam
1372 1498 1537 1549 vocat
1568 1493 1904 1566 Apostolus;
1928 1494 2036 1549 hoc

395 1580 550 1652 quod
586 1579 846 1652 seipsum
897 1581 1308 1636 commendare
1351 1586 1440 1637 est
1489 1583 1849 1656 compulsus,
1902 1601 2036 1638 cum

395 1668 679 1741 scriptum
712 1669 815 1724 sit:
850 1692 876 1718 «
913 1669 1133 1724 Laudet
1165 1675 1218 1725 te
1248 1686 1312 1726 os
1343 1670 1620 1750 alienum,
1645 1676 1702 1727 et
1729 1689 1844 1728 non
1868 1676 2036 1728 tuum

394 1759 575 1828 (Prov.
608 1758 805 1830 xxvu).
840 1781 867 1808 »
903 1759 1215 1830 Nunquam
1233 1759 1385 1813 enim
1413 1765 1551 1815 sunt
1571 1760 1822 1832 alicujus
1844 1762 2036 1834 probi-

393 1850 542 1904 tates
572 1846 655 1902 ita
683 1846 1020 1918 splendidae,
1051 1847 1192 1919 quin
1223 1864 1291 1903 ex
1319 1849 1447 1919 ejus
1474 1867 1571 1905 ore
1603 1851 1745 1904 fiant
1767 1851 2032 1906 sordida.

397 1936 561 1992 Esset
588 1935 768 2010 igitur
795 1952 925 1990 vere
955 1935 1291 2007 insipientia
1305 1937 1457 2010 quod
1470 1939 1782 2011 Apostolus
1805 1955 1865 1994 se
1879 1956 2034 1994 com-

395 2026 652 2091 mendat,
687 2023 800 2080 nisi
833 2024 940 2079 hoc
972 2023 1275 2080 humiliter
1295 2031 1351 2081 et
1381 2027 1578 2082 debito
1602 2029 1716 2082 fine
1740 2029 2038 2096 faceret,et

395 2113 508 2171 nisi
541 2115 730 2188 magis
761 2115 816 2168 in
853 2130 914 2169 se
944 2113 1126 2169 Deum
1159 2131 1334 2186 quam
1367 2114 1626 2186 seipsum
1659 2118 2036 2172 commenda-

393 2209 502 2260 ret.
526 2206 667 2260 Tres
697 2203 853 2258 enim
879 2219 1068 2260 causa:
1101 2201 1478 2259 inveniuntur
1507 2205 1565 2259 in
1597 2207 1778 2260 sacris
1805 2205 2034 2274 litteris,

396 2294 612 2366 quibus
643 2292 827 2348 sancti
861 2296 1153 2364 coguntur
1181 2309 1289 2346 sua
1319 2293 1471 2348 bona
1501 2293 1802 2350 humiliter
1830 2299 2040 2351 retrac-

395 2388 538 2448 tare,
570 2381 838 2436 videlicet
850 2385 951 2436 aut
966 2382 1199 2452 quando
1217 2387 1564 2454 premuntur
1585 2383 1912 2439 vehementi
1936 2385 2036 2440 ad-

394 2470 685 2537 versitate,
717 2471 870 2526 bona
900 2486 1008 2525 sua
1033 2471 1102 2524 ad
1116 2469 1571 2528 consolationem
1597 2477 1826 2545 etspem
1851 2473 2040 2529 humi-

396 2561 529 2616 liter
559 2563 892 2627 retractant,
945 2563 1010 2614 ut
1035 2559 1144 2614 Job
1191 2559 1292 2632 qui
1343 2560 1590 2617 dicebat.
1631 2584 1652 2611 ιι
1687 2561 1906 2618 Oculus
1955 2561 2036 2616 fui

395 2667 567 2720 casco,
601 2653 658 2704 et
688 2665 789 2721 pes
820 2648 1026 2704 claudo
1059 2650 1194 2717 (Job.
1236 2649 1409 2720 xxxx).
1449 2672 1475 2699 ››
1505 2653 1578 2706 At
1625 2652 1860 2723 quando
1909 2668 2036 2706 mo-

393 2755 525 2812 vere
552 2738 755 2794 volunt
784 2738 967 2793 Deum
999 2755 1298 2792 summum
1330 2738 1594 2794 Judicem
1620 2740 1690 2794 ad
1715 2739 2039 2795 misericor-

395 2827 574 2894 diam,
607 2831 672 2882 ut
699 2826 994 2895 Ezechias,
1017 2827 1109 2881 cui
1135 2843 1268 2881 cum
1293 2827 1513 2883 dictum
1535 2833 1690 2884 esset
1713 2846 1746 2883 a
1767 2829 2033 2885 Domino:

397 2941 424 2969 «
459 2915 722 2973 Morieris
755 2920 818 2971 tu
849 2919 906 2971 et
936 2933 1052 2971 non
1080 2916 1257 2982 vives,
1291 2916 1396 2971 ait:
1435 2917 1746 2985 Memento,
1769 2918 2033 2988 Domine,

393 3007 684 3080 quomodo
734 3003 1152 3061 ambulaverim
1205 3022 1398 3060 coram
1431 3010 1486 3061 te
1519 3006 1574 3060 in
1616 3007 1857 3062 veritate
1906 3009 2032 3074 (1.5a.

391 3099 646 3165 xxxviii).
687 3120 706 3145 -
741 3098 855 3150 Aut
885 3094 1120 3166 quando
1149 3093 1353 3150 volunt
1375 3097 1724 3166 persuadere
1755 3096 2036 3152 auditori-

2149 515 2474 569 castitatem
2521 519 2578 570 et
2629 515 3018 586 sanctitatem,
3051 533 3379 587 provocare.
3433 515 3538 572 Cui
3597 523 3805 573 autem

2148 608 2345 674 pastor
2365 603 2817 672 ecclesiasticus,
2835 604 3040 660 debeat
3051 603 3236 660 zelare
3255 604 3576 660 Ecclesiam
3599 611 3803 662 osten-

2149 691 2234 745 dit
2255 692 2567 762 Apostolus
2611 709 2744 747 cum
2801 692 3026 748 subdit:
3073 694 3345 765 Despondi
3388 698 3536 749 enim
3577 711 3670 751 vos
3701 698 3806 751 uni

2146 782 2264 837 viro
2294 783 2566 850 virginem
2583 782 3051 837 castamcxhibere
3073 783 3300 838 Christo.
3329 781 3490 837 Multi
3517 783 3681 840 enim
3707 802 3801 857 pa-

2148 869 2477 943 ranymphi,
2513 871 2612 926 sed
2644 889 2798 925 unus
2830 871 2988 927 solus
3020 889 3273 944 sponsus
3303 875 3391 926 est
3420 872 3596 928 Jesus
3632 873 3798 928 Chri-

2147 963 2296 1014 stus.
2333 959 2402 1014 Et
2432 958 2626 1014 multa:
2661 965 2801 1015 sunt
2830 977 3089 1032 personae
3133 960 3361 1016 Christo
3400 961 3794 1033 desponsata,

2147 1047 2247 1102 sed
2280 1065 2398 1102 una
2428 1048 2551 1103 sola
2581 1054 2670 1104 est
2700 1049 2914 1104 Christi
2951 1067 3186 1121 sponsa,
3218 1048 3485 1104 videlicet
3511 1050 3793 1106 Ecclesia.

2147 1135 2302 1200 Qum,
2337 1135 2737 1206 quamvistam
2758 1134 3196 1208 exincorruptis
3210 1152 3385 1207 quam
3408 1153 3476 1190 ex
3497 1139 3794 1210 corruptis

2145 1239 2384 1294 corpore
2415 1228 2658 1293 constet,
2691 1229 2885 1280 tamen
2927 1227 3161 1296 propter
3208 1224 3340 1279 ﬁdei
3391 1224 3792 1298 integritatem

2145 1309 2555 1368 inviolabiliter
2583 1318 3004 1383 conservatam,
3028 1313 3187 1386 virgo
3209 1317 3368 1369 casta
3389 1319 3786 1387 nuncupatur.

2147 1401 2423 1466 Quamvis
2456 1406 2650 1458 autem
2683 1401 2802 1458 haec
2833 1403 3203 1476 desponsatio
3237 1403 3294 1457 in
3327 1407 3488 1459 utero
3521 1403 3792 1476 virginali

2147 1490 2223 1544 sit
2271 1489 2576 1559 celebrata,
2624 1494 2820 1548 tamen
2871 1491 3081 1547 Paulus
3134 1492 3242 1546 ait.
3295 1494 3680 1565 Desponsavi,
3733 1511 3792 1549 eo

2147 1579 2300 1650 quod
2329 1580 2799 1652 desponsationis
2832 1581 3073 1636 nuntius
3106 1586 3161 1636 et
3201 1581 3562 1652 conciliator,
3605 1600 3795 1655 quan-

2145 1671 2270 1722 tum
2304 1668 2376 1723 ad
2425 1668 2780 1734 Corinthios,
2834 1669 2964 1724 fuit.
3016 1674 3194 1725 Porro
3235 1669 3293 1724 in
3342 1671 3798 1743 desponsatione

2147 1760 2396 1828 quatuor
2454 1762 2829 1826 concurrunt,
2887 1758 3156 1814 videlicet
3207 1775 3552 1827 consensus,
3605 1760 3798 1832 pactio

2149 1846 2494 1918 conjugalis,
2522 1865 2592 1902 ex
2622 1852 2782 1919 parte
2810 1847 3054 1920 virginis
3085 1847 3280 1916 arrha,
3309 1855 3364 1903 et
3392 1849 3498 1905 dos
3531 1865 3601 1904 ex
3633 1856 3801 1922 parte

2145 1935 2271 1990 viri.
2306 1941 2436 1992 llaec
2469 1935 2672 1992 eadem
2727 1941 2866 1993 sunt
2897 1938 2955 1992 in
3004 1936 3453 2010 desponsatione
3491 1938 3714 1994 Christi
3745 1943 3803 1995 et

2144 2023 2433 2080 Ecclesiae.
2466 2027 2763 2081 Consentit
2795 2027 2952 2082 enim
2984 2026 3256 2095 Ecclesia,
3291 2026 3409 2082 sive
3439 2026 3720 2100 quaelibet
3739 2028 3802 2083 f1-

2146 2113 2292 2167 dclis
2325 2113 2523 2170 anima
2553 2119 2760 2186 sponte
2791 2121 2854 2170 ut
2885 2114 3110 2171 Christo
3140 2114 3419 2170 inhzereat
3449 2133 3554 2189 per
3593 2117 3796 2172 fidem.

2145 2200 2288 2256 Cum
2323 2203 2478 2257 enim
2511 2208 2716 2258 caztera
2746 2205 2931 2276 possit
2957 2204 3130 2259 homo
3162 2205 3349 2260 facere
3389 2203 3620 2275 nolens,
3675 2221 3800 2261 cre-

2146 2291 2280 2346 dere
2312 2309 2426 2346 non
2460 2295 2650 2364 potest
2671 2293 2782 2347 nisi
2800 2292 3019 2348 volens.
3039 2293 3378 2348 Pasciturse
3407 2293 3468 2348 in
3485 2292 3801 2350 dilectione

2145 2383 2202 2434 et
2250 2380 2619 2436 observantia
2669 2382 3079 2437 mandatorum
3116 2383 3211 2440 Dei
3260 2387 3797 2454 perseveraturum.

2145 2467 2413 2523 Christus
2438 2487 2567 2525 vero
2599 2487 2854 2542 sponsus
2887 2470 3133 2544 largitur
3157 2471 3209 2526 ei
3241 2475 3465 2526 aeternae
3494 2471 3805 2528 haeredita-

2144 2556 2222 2612 tis
2253 2558 2470 2613 dotem.
2508 2560 2732 2630 Itaque,
2768 2559 2975 2615 fratres
2998 2559 3290 2632 mei,quia
3311 2561 3723 2632 spopondistis
3743 2561 3801 2616 in

2144 2644 2436 2719 baptismo
2471 2664 2570 2702 vos
2601 2664 2703 2718 per
2731 2648 2906 2703 fidem
2937 2647 3166 2704 Christo
3209 2665 3427 2722 sponso
3475 2649 3800 2716 adhaerere,

2145 2736 2284 2807 quia
2316 2737 2467 2808 pacti
2517 2737 2624 2792 esti
2678 2755 2778 2792 vos
2808 2736 2868 2792 in
2919 2737 3201 2793 charitate
3251 2739 3379 2809 ejus
3411 2742 3470 2794 et
3501 2739 3803 2794 mandatis

2145 2841 2530 2896 perseverare,
2565 2827 2720 2897 quod
2751 2827 3034 2898 Spiritum
3085 2833 3353 2882 sanctum
3397 2827 3713 2900 accepistis
3742 2829 3800 2883 in

2145 2918 2514 2985 peccatorum
2540 2915 2904 2984 remissione,
2930 2915 3294 2972 considerate
3307 2916 3644 2989 diligenter,
3673 2917 3720 2973 si
3741 2919 3798 2974 in

2144 3002 2237 3058 his
2269 3003 2885 3076 perseveratis,procul
2903 3005 3080 3060 dubio
3111 3005 3263 3060 beati
3278 3005 3639 3077 estis,quam
3669 3024 3803 3079 per-

2145 3093 2366 3163 cepturi
2403 3093 2545 3148 estis
2596 3095 2788 3150 dotem
2837 3099 3060 3149 aeternze
3110 3094 3490 3150 hereditatis.
3546 3095 3717 3161 Quod
3748 3096 3798 3152 si

391 3187 522 3254 bus,
551 3191 615 3240 ut
645 3183 755 3240 sibi
787 3183 974 3256 magis
1005 3184 1377 3255 acquiescant
1407 3202 1583 3255 quam
1609 3186 2034 3257 pseudopraedi-
2063 3171 2105 3236 C
2143 3198 2495 3238 consensum
2526 3187 2581 3237 et
2611 3188 2846 3254 pactum
2879 3183 3349 3256 desponsationis
3379 3188 3586 3239 vestra:
3631 3185 3796 3240 fran-

393 3275 708 3340 catoribus,
741 3278 805 3329 ut
835 3273 927 3328 hic
959 3272 1202 3328 Paulus:
1237 3273 1510 3340 Ministri,
1555 3273 1762 3345 inquit,
1817 3274 2029 3329 Christi

371 3368 550 3432 sunt,
585 3369 641 3419 et
687 3379 814 3436 ego,
867 3363 954 3433 (ut
1001 3361 1196 3416 minus
1239 3361 1474 3433 sapiens
1523 3362 1693 3430 dico),
1744 3363 1874 3434 plus
1905 3380 2030 3436 ego.

391 3453 550 3509 Hanc
580 3468 715 3525 ergo
748 3450 1148 3522 insipientiam
1182 3467 1349 3504 suam
1383 3454 1544 3522 optat
1581 3451 1893 3522 Apostolus
1934 3469 2033 3507 su-

391 3541 613 3609 stineri,
648 3558 714 3595 ac
745 3539 793 3594 si
827 3539 1008 3594 dicat:
1045 3539 1190 3610 Opto
1222 3543 1286 3593 ut
1317 3556 1506 3594 meam
1539 3555 1849 3611 personam
1873 3557 2034 3596 com-

391 3630 766 3686 mendantem
800 3645 915 3682 non
948 3627 1336 3698 redarguatis,
1371 3628 1470 3684 sed
1505 3629 1880 3684 sustineatis:
1909 3630 2031 3697 sed,

392 3718 545 3792 quod
576 3717 709 3789 plus
742 3721 849 3781 est,
883 3719 1218 3788 supportate
1250 3733 1361 3772 me.
1395 3717 1766 3772 Sustinemus
1789 3717 1942 3772 enim
1968 3735 2036 3772 ea

391 3825 518 3879 quae
552 3824 662 3862 non
695 3805 1110 3878 approbamus.
1135 3809 1480 3876 Supportam
1493 3823 1558 3861 us
1577 3822 1645 3860 ea
1667 3807 1881 3877 quibus
1904 3823 2036 3862 con-

391 3896 698 3953 sentimus.
732 3896 835 3950 Est
861 3910 997 3966 ergo
1020 3910 1086 3948 ac
1110 3895 1156 3949 si
1180 3895 1362 3949 dicat:
1387 3895 1443 3948 Si
1466 3894 1836 3952 inﬁrmitates
1859 3901 1916 3951 et
1937 3913 2032 3951 ex-

390 4002 594 4042 cessus
625 3983 809 4057 patris
826 3982 1000 4039 vestri
1022 3983 1347 4055 spiritualis
1369 3983 1660 4040 sustinere
1680 3989 1736 4040 et
1759 4001 2034 4040 excusare

391 4073 632 4141 debetis,
664 4077 720 4128 et
749 4071 1094 4129 maledictus
1113 4076 1220 4138 est,
1255 4071 1352 4143 qui
1377 4071 1728 4128 sicutCham
1763 4073 2036 4144 pudenda

389 4162 575 4235 patris
587 4161 808 4229 irridet,
827 4165 1043 4232 quanto
1062 4161 1250 4234 magis
1265 4177 1368 4216 vos
1383 4177 1570 4216 meam
1587 4165 1819 4233 prepter
1829 4179 1929 4218 vos
1943 4180 2033 4218 su-

391 4255 652 4323 sceptam
672 4249 1070 4322 insipientiam
1087 4254 1431 4322 supportare
1454 4250 1716 4305 debetis?
1735 4253 1920 4316 Quare
1939 4269 2034 4306 au-

388 4343 507 4396 tem
540 4355 675 4396 eum
707 4339 766 4394 in
796 4339 905 4394 hoc
937 4343 1280 4410 supportare
1312 4339 1560 4394 debeant
1591 4340 1865 4407 ostendit,
1899 4357 2031 4395 eum

390 4429 622 4486 subdit:
675 4429 926 4485 Αἰγηαιον
972 4431 1121 4482 enim
1166 4445 1256 4483 vos
1303 4429 1401 4482 Dei
1445 4427 1811 4484 aemulatione.
1857 4430 1934 4483 Ac
1984 4430 2032 4484 si

389 4519 648 4592 apertius
680 4517 860 4574 dicat:
896 4517 1134 4589 Propter
1167 4516 1274 4606 hoc
1303 4515 1531 4572 debetis
1562 4533 1654 4606 me
1689 4522 2034 4589 supportare
2063 4542 2109 4606 D

389 4608 447 4665 in
481 4608 612 4674 hoc,
636 4608 774 4680 quia
791 4604 1403 4680 propterdilectionem
1427 4609 1483 4660 et
1504 4605 1752 4660 salutem
1775 4612 2030 4663 vestram

388 4698 536 4754 facio
570 4700 758 4753 totum
791 4695 918 4751 hoc.
952 4696 1053 4751 Est
1079 4698 1273 4749 autem
1307 4693 1426 4748 haec
1456 4711 1593 4764 pars
1621 4695 1811 4764 tertia,
1838 4695 1896 4752 in
1919 4714 2036 4766 qua

388 4786 698 4859 Apostolus
728 4785 870 4842 dicit
899 4800 960 4840 se
992 4781 1426 4840 noszelarezelo
1455 4782 1570 4839 Dei.
1594 4784 1857 4840 Emulor
1877 4785 2033 4841 enim

389 4893 492 4949 pro
525 4876 644 4933 zelo
678 4875 934 4948 positum
957 4878 1064 4930 est.
1093 4874 1242 4929 Sane
1263 4871 1361 4944 qui
1385 4871 1529 4928 zelat
1541 4890 1818 4946 sponsam
1842 4891 2031 4943 suam,

390 4971 642 5039 quatuor
671 4965 834 5020 facit:
881 4981 1011 5020 eam
1057 4963 1329 5018 ardenter
1376 4967 1555 5029 amat,
1598 4980 1728 5018 eam
1779 4963 2034 5021 cultibus

391 5059 650 5122 exornat,
687 5071 890 5110 omnes
932 5071 1209 5125 personas
1260 5056 1563 5124 suspectas
1594 5053 1666 5107 ab
1709 5068 1777 5108 ea
1826 5069 2036 5125 seque-

391 5147 558 5212 strat,
588 5160 714 5198 eam
749 5141 1190 5209 monitionibus,
1225 5142 1402 5196 minis
1425 5145 1481 5197 et
1501 5141 1839 5196 verberibus
1865 5142 2034 5196 casti-

390 5236 507 5307 gat.
541 5232 635 5288 Sic
674 5230 922 5287 faciebat
970 5231 1207 5286 Paulus.
1241 5231 1330 5287 Sic
1383 5231 1569 5286 facere
1621 5230 1793 5285 debet
1841 5230 2033 5285 omnis

391 5326 594 5395 pastor
637 5319 1089 5377 ecclesiasticus.
1145 5319 1321 5375 Debet
1367 5319 1522 5375 enim
1574 5317 1889 5374 Ecclesiam
1923 5319 2035 5376 sibi

391 5410 768 5466 commissam
800 5409 1072 5464 ardenter
1101 5424 1319 5475 amare,
1353 5409 1524 5464 bonis
1547 5407 1810 5464 moribus
1837 5415 1893 5464 et
1920 5409 2034 5464 vir-

388 5499 617 5555 tutibus
651 5515 780 5555 eam
802 5513 1100 5562 exornare,
1128 5495 1451 5565 haereticos,
1475 5497 1821 5552 criminosos
1843 5501 1898 5554 et
1917 5515 2038 5554 om-

391 5603 495 5648 nes
526 5587 857 5648 animarum
889 5587 1258 5662 corruptores
1287 5585 1359 5642 ab
1392 5601 1460 5644 ea
1488 5589 1872 5662 sequestrare,
1907 5603 2036 5646 eam

2142 3271 2334 3342 gistis,
2364 3272 2634 3328 festinate
2665 3289 2840 3344 quam
2875 3272 3048 3329 citius
3075 3273 3360 3346 poteritis,
3385 3272 3526 3328 illud
3555 3291 3663 3346 per
3685 3292 3801 3347 p03-

2144 3359 2398 3416 nitentiae
2432 3362 2777 3428 remedium,
2811 3361 2954 3417 illud
2988 3363 3288 3429 renodare,
3321 3361 3604 3434 quoniam
3638 3364 3801 3419 beni-

2143 3466 2293 3522 gnus
2324 3454 2380 3506 et
2410 3449 2742 3506 misericors
2773 3455 2864 3506 est
2896 3453 3196 3520 Dominus,
3242 3451 3340 3524 qui
3392 3454 3525 3524 post
3575 3451 3800 3508 multas

2141 3538 2556 3595 fornicationes
2587 3539 2848 3595 animam
2881 3557 2996 3595 non
3017 3539 3208 3596 solum
3222 3541 3797 3613 reciperedignatur,

2141 3626 2259 3682 imo
2273 3631 2338 3682 ut
2350 3627 2421 3682 ad
2437 3628 2696 3701 seipsum
2711 3629 3372 3686 redeathortatur.Unde
3387 3629 3514 3702 ipse
3529 3631 3805 3703 perJere-

2143 3715 2323 3770 miam
2357 3717 2526 3772 dicit:
2563 3741 2590 3766 «
2625 3718 2684 3772 Si
2718 3718 2994 3774 recedens
3026 3736 3059 3773 a
3088 3718 3209 3774 viro
3241 3735 3346 3774 suo
3375 3717 3592 3774 mulier
3622 3720 3804 3775 duxe.

2143 3806 2217 3859 rit
2247 3804 2494 3860 alterum
2512 3807 2720 3874 virum,
2739 3808 3004 3879 nunquid
3025 3812 3343 3863 revertetur
3359 3808 3430 3862 ad
3458 3824 3597 3863 eum
3614 3808 3802 3864 ultra?

2143 3894 2417 3967 Nunquid
2446 3913 2560 3951 non
2593 3895 2816 3968 polluta
2844 3897 2953 3952 erit
2974 3896 3324 3953 mulierilla?
3343 3898 3406 3952 Et
3423 3901 3482 3951 tu
3509 3897 3802 3953 fornicata

2142 3999 2203 4038 es
2236 4000 2369 4038 cum
2401 3986 2764 4041 amatoribus
2796 3986 3018 4054 multis,
3053 3991 3247 4042 tamen
3270 3987 3340 4042 ad
3365 4003 3458 4041 me
3480 3991 3798 4053 revertere,

2143 4076 2200 4128 et
2230 4090 2334 4145 ego
2365 4079 2419 4128 te
2453 4075 2795 4146 suscipiam,
2829 4075 2910 4129 ait
2956 4075 3238 4131 Dominus
3288 4075 3412 4148 (Jer.
3447 4078 3554 4144 III).
3592 4098 3620 4124 ›ι
3656 4077 3800 4143 Quis

2140 4161 2362 4217 viscera
2376 4163 2579 4218 divinae
2597 4163 3004 4219 misericordiae
3027 4179 3275 4236 pensare
3297 4163 3586 4219 sufficiat?
3609 4164 3800 4220 Homo

2144 4255 2410 4322 peccator
2442 4252 2743 4307 mulierem
2777 4257 2907 4324 post
2937 4253 3381 4308 fornicationem
3411 4253 3482 4308 ad
3518 4269 3584 4308 se
3627 4255 3802 4309 rede-

2142 4345 2340 4396 untem
2376 4342 2628 4413 recipere
2660 4342 3030 4414 dedignatur,
3063 4346 3120 4398 et
3152 4343 3325 4411 Deus,
3347 4341 3445 4414 qui
3471 4341 3602 4413 ipsa
3629 4360 3804 4398 mun-

2144 4428 2288 4484 ditia
2317 4434 2424 4498 est,
2460 4431 2716 4486 animam
2751 4435 2882 4504 post
2914 4430 3129 4487 multas
3180 4430 3598 4488 fornicationes
3627 4437 3700 4488 ut
3729 4433 3800 4488 ad

2145 4535 2207 4574 se
2235 4520 2430 4574 redeat
2459 4519 2744 4574 hortatur.
2776 4520 2908 4576 Jam
2941 4521 3110 4576 nobis
3150 4519 3350 4575 nullus
3397 4521 3802 4577 excusationis

2141 4607 2491 4680 relinquitur
2519 4608 2702 4664 locus.
2735 4614 3067 4682 Propterea,
3093 4609 3300 4665 fratres
3328 4609 3465 4676 mei,
3490 4615 3627 4682 post
3653 4610 3802 4666 mul-

2144 4701 2234 4750 tas
2265 4696 2660 4768 turpitudines
2691 4702 2747 4752 et
2775 4697 3279 4769 praevaricationes
3304 4699 3374 4754 ad
3399 4699 3582 4754 Deum
3607 4717 3801 4756 rever-

2143 4789 2359 4852 tamur,
2393 4785 2612 4842 scelera
2644 4791 2843 4842 nostra
2865 4786 3141 4860 lacrymis
3163 4805 3306 4843 verae
3329 4787 3692 4861 poenitentia:
3714 4789 3800 4844 di-

2143 4873 2398 4942 luamus,
2425 4876 2700 4947 operibus
2718 4875 3131 4932 misericordiaa
3147 4878 3530 4942 redimamus,
3547 4877 3801 4948 jejuniis

2143 4969 2200 5020 et
2228 4963 2641 5020 afflictionibus
2671 4982 2914 5038 corpora
2944 4970 3144 5022 nostra
3175 4965 3552 5038 castigemus,
3583 4969 3801 5023 oratio-

2144 5053 2320 5108 nibus
2351 5057 2408 5108 et
2439 5053 2608 5110 bonis
2655 5054 2931 5126 operibus
2980 5056 3220 5127 superni
3282 5054 3481 5128 sponsi
3542 5056 3798 5126 gratiam

2141 5141 2545 5213 imploremus,
2581 5143 2652 5197 ad
2692 5159 2824 5198 eum
2871 5143 3009 5198 totis
3063 5143 3340 5216 suspiriis
3371 5147 3429 5197 et
3476 5143 3801 5215 gemitibus

2145 5229 2490 5298 clamamus,
2524 5235 2814 5303 quatenus
2837 5232 2908 5286 ad
2946 5249 3084 5287 suas
3117 5235 3363 5287 aaternas
3407 5230 3655 5303 nuptias
3697 5249 3802 5287 nos

2146 5319 2513 5376 introducere
2561 5320 2859 5392 dignetur,
2894 5323 2951 5376 et
2981 5321 3173 5376 dotem
3226 5318 3585 5393 promissam
3628 5321 3801 5376 nobis

2145 5407 2426 5462 concedat
2460 5407 2739 5464 Dominus
2766 5413 2968 5465 noster
2995 5409 3168 5466 Jesus
3199 5408 3492 5476 Christus,
3527 5408 3630 5481 qui
3665 5426 3797 5464 cum

2145 5496 2314 5552 Patre
2341 5501 2397 5550 et
2427 5495 2642 5567 Spiritu
2675 5501 2876 5554 sancto
2906 5497 3046 5555 vivit
3073 5503 3131 5555 et
3151 5502 3356 5573 regnat
3378 5503 3532 5554 Deus
3553 5514 3660 5576 per
3680 5513 3798 5556 om-

2148 5583 2247 5644 nia
2277 5585 2507 5643 swcula.
2540 5585 2744 5643 Amen.
