3984 6082
854 433 1043 490 XXXI.

364 558 543 600 UNIUS
584 557 853 599 VIRGINIS.
898 556 1089 598 SERMO
1129 557 1199 596 DE
1240 556 1536 597 ΜΑΤΤΗᾸΞΟ.

191 706 344 762 Dixit
371 707 523 762 Iesus
552 703 839 776 discipulis
866 704 1011 759 suis:
1034 701 1227 758 Simile
1254 708 1331 757 est
1354 717 1586 770 regnum
1613 701 1770 756 caelo-

121 811 245 850 rum
273 794 452 849 decem
476 792 790 862 virginibus
819 792 1292 864 qua,accipientcs
1314 790 1590 861 lampades
1616 806 1767 856 suos,

119 886 375 941 exierunt
400 883 615 938 obviam
641 897 834 953 sponso
854 888 905 936 et
931 894 1145 952 sponsae
1174 879 1562 948 (Matth.,xxv),
1579 882 1688 934 etc.
1706 878 1768 934 In

119 973 230 1028 hac
259 971 445 1027 sancti
476 968 765 1041 Evangelii
795 967 1276 1033 lectione,fratres
1299 966 1768 1037 charissimi,nos

120 1061 404 1119 Dominus
433 1059 701 1115 hortatur
729 1062 794 1115 ut
822 1074 956 1113 cum
987 1056 1147 1112 omni
1178 1054 1573 1111 sollicitudine
1605 1059 1661 1110 et
1684 1055 1768 1111 vi-

118 1150 367 1223 gilantia
396 1166 503 1205 nos
534 1163 948 1220 pmparemus,
981 1163 1074 1217 ne,
1106 1144 1233 1218 ipso
1265 1145 1458 1200 subito
1481 1144 1766 1212 veniente,

118 1239 235 1312 ipsi
266 1238 661 1311 impraaparati
709 1234 1090 1309 reperiemur.
1126 1235 1276 1291 Sunt
1322 1234 1480 1290 enim
1527 1233 1768 1307 quidam

117 1333 394 1386 nostrum
426 1326 526 1399 qui
554 1325 733 1396 (unde
760 1323 1074 1381 dolendum
1101 1327 1212 1392 est)
1242 1322 1302 1378 in
1350 1321 1511 1379 nullo
1552 1339 1769 1394 prepa-

117 1421 347 1476 rantur.
379 1415 491 1473 Alii
522 1418 662 1472 sunt
690 1415 812 1488 qui,
844 1413 952 1470 etsi
984 1412 1041 1469 in
1075 1412 1273 1485 aliquo
1314 1428 1375 1468 se
1423 1413 1764 1483 praeparent,

115 1512 319 1564 tamen
352 1506 414 1561 in
444 1504 642 1578 aliquo
665 1502 1057 1576 impraeparati
1081 1501 1592 1565 manenLQuidam
1609 1499 1767 1557 enim

114 1600 263 1654 sunt
284 1595 383 1669 qui
406 1612 510 1651 nec
531 1594 707 1650 ﬁdem
729 1591 944 1649 Christi
965 1592 1200 1660 habent,
1222 1584 1347 1664 qui,
1364 1594 1429 1647 ut
1458 1589 1539 1647 ait
1568 1588 1769 1645 Domi-

114 1704 256 1751 nus,
270 1687 395 1756 jam
417 1682 667 1756 judicati
697 1686 837 1739 sunt
866 1683 1042 1751 (Joan.
1063 1684 1169 1750 ιιι),
1192 1680 1303 1736 Alii
1333 1696 1467 1737 vero
1499 1682 1637 1735 sunt
1665 1678 1766 1751 qui

112 1782 173 1833 et
207 1776 385 1832 ﬁdem
417 1774 654 1839 habent,
688 1772 791 1875 sed
822 1787 1141 1875 opera‘non
1182 1769 1419 1875 habent.
1633 1769 1765 1875 qui-
1793 1807 1843 1875 Β

112 1867 256 1922 dem
286 1864 605 1934 ﬁdes,testo
634 1864 837 1918 sancto
868 1860 1107 1927 Jacobo,
1134 1862 1367 1915 mortua
1394 1862 1483 1915 est
1511 1858 1646 1927 (Jac.
1678 1858 1762 1931 ιι).

106 1954 230 2011 Alii
259 1969 393 2010 vero
423 1954 580 2020 sunt,
615 1950 717 2023 qui
742 1949 851 2005 etsi
884 1949 1060 2005 Iidem
1089 1952 1145 2004 et
1174 1963 1351 2021 opera
1380 1947 1657 2014 habeant,
1688 1951 1771 2004 ta-

110 2060 258 2101 men
288 2043 424 2098 inde
452 2038 700 2113 gloriam
732 2038 1074 2104 humanam,
1116 2054 1233 2092 non
1263 2036 1509 2109 gloriam
1540 2035 1642 2092 Dei
1673 2051 1767 2093 ca-

109 2136 289 2207 ptant
323 2149 336 2188 :
372 2130 455 2199 hi,
487 2134 551 2185 ut
574 2128 857 2185 Dominus
887 2127 987 2195 ait,
1022 2149 1050 2178 «
1074 2127 1202 2198 jam
1242 2129 1585 2198 receperunt
1615 2142 1766 2181 mer-

108 2223 325 2279 cedem
356 2236 525 2276 suam
557 2219 770 2291 (Matth.
804 2216 903 2287 v1).
941 2238 969 2266 »
1006 2216 1118 2271 Alii
1167 2216 1307 2271 item
1356 2219 1515 2283 sunt,
1548 2215 1648 2287 qui
1699 2230 1768 2271 ex

108 2310 399 2384 operibus
430 2308 554 2364 suis
586 2306 840 2363 divinam
872 2304 1117 2378 gloriam
1150 2303 1766 2376 pariterethumanam

108 2402 380 2472 captant,
414 2397 515 2454 sed
547 2411 677 2451 ecce
707 2398 797 2464 (ut
825 2394 905 2449 ait
932 2393 1210 2461 Jacobus)
1243 2413 1271 2442 «
1300 2392 1389 2447 vir
1419 2392 1631 2464 duplex
1649 2392 1768 2448 ani-

108 2504 218 2544 mo
246 2486 588 2543 inconstans
626 2487 716 2538 est
761 2480 820 2537 in
869 2480 1142 2553 Operibus
1173 2480 1298 2537 suis
1331 2480 1462 2551 (Jac.
1497 2480 1557 2552 ι).
1594 2501 1622 2531 ››
1653 2480 1765 2536 Alii

104 2593 254 2633 vero
286 2578 425 2632 sunt
455 2572 691 2645 qui,etsi
722 2571 781 2626 in
812 2570 1106 2642 proposito
1139 2570 1229 2626 sui
1260 2570 1451 2642 operis
1482 2570 1769 2642 principa-

104 2666 255 2723 liter
282 2664 541 2720 divinam
572 2661 818 2733 gloriam
843 2664 1324 2731 querant,tamen
1346 2659 1402 2714 in
1425 2660 1551 2732 ipso
1572 2676 1763 2731 opere,

102 2757 384 2813 humana
412 2751 597 2825 gloria
616 2766 744 2807 sese
761 2749 1009 2805 latenter
1025 2750 1092 2804 ad
1094 2748 1447 2820 jungit,quae
1464 2765 1532 2803 ex
1555 2764 1769 2819 magna

101 2848 284 2918 parte
317 2840 589 2899 meritum
623 2837 759 2895 boni
803 2837 994 2910 operis
1043 2835 1316 2892 excludit.
1351 2836 1563 2893 Contra
1610 2836 1764 2908 quod

98 2951 228 2992 nos
258 2931 542 2989 Dominus
575 2932 795 2993 monet,
832 2949 859 2980 υ
891 2925 1176 2993 Faciente,
1210 2924 1485 2997 inquit,te
1516 2924 1769 2981 eleemo-

98 3038 349 3095 synam,
369 3019 590 3077 nesciat
620 3017 863 3074 sinistra
892 3019 996 3071 tua
1026 3014 1163 3087 quid
1196 3014 1371 3070 faciat
1402 3014 1637 3073 dextera
1665 3018 1768 3069 tua

94 3111 327 3179 (Matth.
357 3111 458 3178 γι).
496 3130 517 3158 ι
569 3106 681 3163 Alii
729 3108 870 3163 sunt
916 3104 1037 3183 qui,
1071 3102 1180 3159 etsi
1226 3101 1472 3175 gloriam
1503 3101 1565 3158 in
1595 3118 1767 3175 opere

1266 297 1643 362 HOMILIE.
1675 328 1753 344 --
1782 297 1860 359 II.
1907 298 2009 361 DE
2051 296 2395 362 SANCTIS.

1799 433 1854 500 Α
1884 434 1991 487 est.
2026 430 2420 504 Designantur
2446 434 2643 488 autem
2674 431 2765 487 has
2790 431 3049 505 virgines
3077 448 3180 504 per
3221 434 3525 493 denarium

3369 298 3528 366 ίὸιυ

1882 537 2212 588 numerum,
2247 537 2312 576 eo
2344 520 2500 593 quod
2530 520 2602 576 de
2631 519 2749 577 illis
2782 521 2952 577 ruina
2994 537 3200 577 novem
3251 523 3524 585 ordinum

1879 607 2222 681 angelorum
2252 613 2341 665 est
2371 610 2774 678 restauranda,
2800 613 2858 665 et
2885 610 3057 682 quasi
3090 611 3230 667 ordo
3262 611 3525 669 decimus

1880 702 1969 754 est
1998 698 2554 764 restituendusQum
2586 699 2732 755 bene
2762 698 3038 755 dicuntur
3065 699 3338 773 virgines,
3356 703 3525 775 quasi

1880 788 1950 842 ab
1981 786 2268 843 illecebris
2296 787 2627 844 carnalibus
2657 804 2784 844 sese
2808 788 3369 847 continentes.Unde
3403 807 3523 848 me-

1879 877 1990 933 rito
2023 881 2143 932 tam
2177 877 2264 932 hae
2297 894 2473 950 quam
2506 878 2617 933 illae
2648 878 2925 933 dicuntur
2954 878 3367 952 quinque,quae
3398 897 3526 953 por-

1880 970 1971 1021 tas
2004 966 2262 1039 quinque
2294 984 2575 1023 sensuum
2608 967 2680 1022 ab
2709 966 2930 1023 illicitis
2959 968 3224 1024 noverint
3268 969 3523 1027 refrena-

1880 1071 1959 1111 re.
1995 1056 2141 1111 Bene
2173 1072 2406 1127 quoque
2437 1061 2695 1129 utrisque
2726 1056 3047 1129 lampades,
3080 1074 3207 1130 quae
3236 1074 3375 1114 vasa
3406 1075 3525 1114 am-

1878 1144 1974 1217 pla
2020 1148 2077 1200 et
2122 1144 2321 1201 lucida
2370 1149 2530 1212 sunt,
2572 1145 2885 1217 accipiunt,
2938 1145 3212 1218 quoniam
3266 1155 3524 1220 utraeque

1877 1234 2243 1306 operationes
2271 1233 2497 1307 amplas
2527 1239 2583 1291 et
2611 1234 2918 1307 praeclaras
2937 1236 3121 1292 facere
3138 1236 3520 1293 contendunt.

1878 1323 1989 1380 Sed
2021 1322 2132 1379 illae
2160 1339 2360 1380 secum
2392 1323 2583 1380 oleum
2616 1328 3027 1393 non'sumunt,
3062 1340 3190 1397 quas
3221 1341 3325 1398 pro
3353 1324 3524 1383 nobis

1878 1412 2151 1485 operibus
2181 1412 2304 1469 suis
2336 1429 2452 1468 non
2485 1414 2554 1469 de
2583 1413 2941 1470 conscientia
2991 1431 3100 1470 sua
3130 1415 3284 1487 apud
3314 1415 3520 1485 Deum,

1874 1502 1975 1558 sed
2010 1502 2081 1557 ab
2109 1519 2206 1558 ore
2237 1501 2546 1558 hominum
2594 1503 2750 1576 apud
2784 1501 3066 1559 saculum
3105 1503 3350 1577 gloriam
3374 1519 3525 1576 qua-

1877 1593 2034 1646 runt.
2068 1594 2200 1647 Istaa
2230 1608 2364 1648 vero
2396 1608 2532 1647 cum
2564 1591 2938 1663 lampadibus
2968 1596 3026 1647 et
3055 1592 3248 1649 oleum
3279 1596 3525 1650 sumunt

1875 1679 1936 1735 in
1966 1680 2123 1737 vasis
2151 1680 2296 1749 suis,
2332 1697 2459 1754 quas
2489 1697 2624 1738 cum
2657 1680 2825 1737 bonis
2872 1681 3147 1754 operibus
3179 1680 3302 1739 suis
3330 1681 3525 1740 inten-

1877 1769 2094 1825 tionem
2125 1769 2331 1825 divinae
2348 1770 2544 1837 gloria:
2576 1770 2968 1826 reconduntin
2984 1771 3357 1847 conscientiis
3373 1771 3520 1829 suis.

1881 1857 2043 1915 Unde
2072 1858 2386 1930 Apostolus
2416 1859 2497 1916 ait
2525 1859 2772 1933 gloriam
2804 1864 3064 1917 nostram
3108 1876 3237 1917 esse
3265 1860 3526 1919 testimo-

1877 1948 2042 2004 nium
2073 1952 2284 2004 nostrze
2314 1949 2683 2005 conscientiae
2717 1950 2790 2021 (11
2815 1952 2937 2008 Cor.
2954 1953 3017 2019 1);
3042 1954 3098 2006 et
3131 1948 3307 2007 alibi:
3334 1972 3363 2002 ‹‹
3394 1950 3525 2009 Pro-

1876 2037 1993 2098 bet,
2025 2036 2238 2108 inquit,
2272 2038 2683 2110 unusquisque
2712 2056 2859 2112 opus
2892 2056 3090 2108 suum,
3122 2042 3181 2096 et
3227 2038 3397 2096 sicin
3427 2055 3524 2097 se-

1878 2126 2125 2198 metipso
2158 2124 2403 2199 gloriam
2436 2126 2759 2193 habebit,ct
2788 2144 2902 2184 non
2933 2127 2994 2183 in
3027 2127 3208 2185 altam
3238 2128 3520 2201 (Gal.vr).»

1876 2214 2039 2271 Unde
2070 2220 2221 2270 recte
2252 2215 2377 2271 ista:
2405 2216 2720 2288 prudentes
2752 2217 3047 2288 dicuntur,
3081 2234 3209 2290 qum
3248 2234 3353 2290 pro
3383 2222 3527 2277 tem-

1876 2303 2175 2376 poralibus
2204 2308 2260 2360 et
2291 2304 2527 2361 caducis
2576 2306 3033 2378 operationibus,
3068 2312 3345 2364 aeternam
3395 2305 3526 2380 glo-

1877 2394 2023 2449 riam
2054 2410 2244 2449 emere
2274 2398 2509 2450 norunt.
2542 2395 2612 2451 Et
2651 2394 2763 2449 illae
2815 2399 3051 2451 econtra
3099 2396 3273 2452 fatuae
3319 2396 3525 2452 dicun-

1876 2486 1994 2548 tur,
2029 2500 2155 2555 quae
2186 2486 2374 2538 totum
2404 2483 2663 2540 laborem
2702 2501 2877 2540 suum
2928 2502 3031 2558 pro
3079 2484 3315 2541 ventulo
3366 2500 3527 2542 vane

1875 2571 2070 2643 gloriae
2100 2572 2504 2627 vendiderunt.
2538 2573 2871 2628 Notandum
2903 2578 2991 2630 est
3018 2578 3214 2630 tamen
3247 2574 3527 2647 quoniam

1867 2662 2037 2732 juxta
2068 2661 2360 2733 Evangelii
2390 2664 2611 2717 textum
2640 2661 2871 2718 videtur
2901 2663 3056 2734 quod
3103 2662 3189 2719 he
3220 2663 3390 2719 fatuas
3421 2663 3530 2719 vir-

1875 2750 2041 2822 gines
2069 2766 2242 2822 opera
2267 2766 2375 2805 sua
2405 2768 2520 2806 non
2555 2751 2815 2806 fecerunt
2845 2750 3168 2808 intentione
3198 2750 3392 2810 laudis
3423 2752 3529 2809 hu-

1876 2839 2191 2907 manse,sed
2207 2842 2441 2912 propter
2452 2840 2767 2896 adventum
2782 2840 3295 2914 sponsi,scriptum
3310 2842 3528 2915 quippe

1875 2932 1983 2985 est:
2001 2930 2333 2999 Accipientes
2363 2928 2638 3000 lampades
2667 2945 2817 2997 suae,
2835 2932 3092 2987 exierunt
3121 2932 3336 2987 obviam
3361 2947 3525 3003 spon-

1874 3015 2022 3071 so.ln
2054 3031 2169 3086 quo
2202 3031 2442 3071 causam
2468 3016 2704 3072 ﬁnalem
2734 3018 2966 3073 videtur
2996 3018 3525 3092 signiﬁcare,quasi

1877 3103 2032 3161 dicat
2063 3120 2076 3160 :
2113 3104 2353 3176 Propter
2381 3104 2491 3160 hoc
2521 3110 2870 3178 acceperunt
2911 3110 2976 3162 ut
3024 3107 3246 3164 exirent
3293 3100 3549 3168 obviam'

96 3178 370 3258 latenter
385 3201 721 3270 surgentem
735 3178 971 3267 penitus
994 3192 1497 3265 repellant,tamen
1519 3191 1764 3264 gloriam
1795 3178 1837 3245 .C
1876 3192 2246 3264 sponso.Non
2278 3207 2413 3265 ergo
2446 3198 2680 3266 propter
2707 3195 2815 3252 hoc
2844 3197 3000 3269 quod
3028 3195 3424 3269 principaliter
3439 3212 3525 3254 re-

99 3292 182 3347 ab
245 3287 585 3347 hominibus
642 3283 898 3340 oblatam
950 3282 1185 3355 penitus
1231 3284 1601 3337 contemnere
1650 3296 1766 3338 non
1877 3280 2173 3352 quirerent
2202 3281 2261 3336 in
2292 3281 2566 3355 operibus
2606 3284 2731 3340 suis
2780 3302 2992 3341 vanam
3046 3284 3314 3359 gloriam,
3347 3285 3521 3343 fatua

99 3379 337 3437 valent.
371 3375 499 3444 Qui,
532 3372 639 3432 etsi
670 3373 1019 3431 erubescant
1048 3375 1104 3428 et
1132 3370 1405 3443 indignos
1432 3387 1494 3427 se
1524 3387 1651 3426 esse
1681 3369 1767 3427 di-
1877 3371 2173 3439 dicuntur,
2209 3372 2309 3427 sed
2342 3371 2481 3443 quia
2512 3372 2779 3446 gloriam,
2806 3391 2839 3429 a
2863 3374 3041 3433 latere
3070 3374 3525 3449 surgentem,vel

104 3472 282 3536 cant,
326 3472 522 3523 tamen
573 3463 821 3519 interius
870 3460 1105 3519 animus
1151 3460 1223 3517 ad
1272 3459 1474 3516 laudes
1520 3460 1769 3528 laetatur,
1880 3460 1952 3516 ab
1994 3459 2334 3516 hominibus
2382 3459 2637 3517 oblatam
2682 3480 2798 3518 non
2848 3467 3347 3538 contempserunt.
3378 3463 3527 3530 Quid

104 3557 337 3617 crescit
364 3560 421 3611 et
449 3554 725 3611 elevatur.
760 3551 866 3618 Qui
902 3550 1015 3607 nisi
1056 3547 1397 3623 tempestive
1428 3550 1769 3615 refrenetur,
1880 3564 2016 3621 ergo
2048 3548 2338 3620 patienter
2362 3548 2445 3604 illi
2479 3549 2579 3621 qui
2610 3550 3010 3623 principaliter
3047 3570 3115 3609 ex
3145 3552 3419 3627 operibus
3449 3567 3533 3609 re-

102 3662 347 3706 merces
378 3643 567 3718 operis
597 3647 720 3699 tota
750 3641 1276 3705 evacuatur.Quam
1308 3636 1540 3696 subtilis
1557 3636 1773 3708 quippe
1883 3637 2126 3709 quirunt
2153 3654 2358 3693 vanam
2389 3636 2657 3710 gloriam,
2693 3656 2826 3695 cum
2859 3642 2941 3697 sic
2972 3643 3355 3714 reprobentur
3373 3640 3534 3698 etilli

99 3753 284 3794 vanas
316 3734 510 3807 gloria;
543 3732 619 3788 sit
648 3746 867 3804 pugna,
902 3745 1071 3785 nemo
1104 3727 1371 3794 advertit,
1406 3726 1519 3782 nisi
1572 3725 1674 3797 qui
1721 3723 1774 3781 ei
1884 3726 1983 3797 qui
2014 3742 2142 3781 eam
2176 3743 2289 3782 non
2324 3726 2649 3799 requirunt,
2676 3729 2786 3785 sed
2820 3730 3076 3787 oblatam
3118 3748 3235 3788 non
3270 3735 3536 3788 contem-

98 3825 345 3884 bellum
378 3821 595 3879 intulit.
633 3819 831 3876 Castori
878 3835 1013 3875 vero
1045 3816 1366 3873 humanam
1399 3814 1645 3888 gloriam
1677 3817 1777 3870 aut
1885 3816 2077 3871 nunt?
2111 3816 2325 3883 Tertio,
2361 3816 2432 3873 de
2462 3816 2811 3874 dormitione
2850 3836 3053 3877 earum
3101 3821 3490 3895 subjungitur
3515 3837 3535 3875 :

99 3916 477 3989 quarentes,
498 3913 601 3967 aut
630 3908 887 3966 oblatam
919 3923 1034 3963 non
1060 3905 1491 3977 respuentes,in
1525 3905 1777 3961 adventu
1889 3910 2099 3963 Moram
2139 3912 2323 3961 autem
2359 3907 2596 3977 faciente
2623 3923 2836 3979 sponso,
2865 3907 3301 3966 dormitaverunt
3329 3925 3535 3979 omnes,

87 4002 342 4078 judicis
395 3996 789 4072 imprteparati
838 4001 896 4052 et
942 3995 1069 4052 sine
1116 3993 1339 4051 lumine
1388 3992 1777 4065 reperiuntur.
1887 4001 1937 4049 et
1965 3992 2318 4050 dormierunt.
2353 3994 2530 4051 Porra
2559 4012 2723 4052 mora
2752 3997 2867 4052 ista
2894 4001 2983 4053 est
3030 4015 3064 4054 a
3100 3998 3289 4071 primo
3321 3997 3539 4055 Christi

100 4094 275 4149 Hinc
306 4093 397 4146 est
428 4088 585 4161 quod
616 4086 903 4143 Dominus
949 4100 1195 4157 regnum
1246 4082 1549 4151 caalorum,
1584 4081 1644 4137 id
1692 4084 1784 4137 est
1892 4082 2142 4139 adventu
2173 4099 2360 4154 usque
2390 4085 2460 4139 ad
2489 4086 2837 4142 secundum.
2868 4086 2995 4143 Non
3038 4092 3129 4144 est
3173 4091 3368 4144 autem
3416 4086 3540 4147 haec

102 4179 449 4241 Ecclesiam
479 4193 727 4250 regnum
776 4174 1056 4231 caelorum
1106 4176 1460 4245 sperantem,
1495 4168 1786 4228 assimilat
1893 4187 2059 4226 mora
2084 4172 2574 4242 pensanda,juxta
2603 4172 3319 4245 Christidivinitatem,cui
3342 4174 3543 4232 omnia

104 4267 523 4345 prudentibus
552 4270 611 4322 et
638 4263 818 4321 fatuis
846 4262 1176 4335 virginibus
1212 4262 1421 4332 (Matth.
1451 4258 1603 4331 xxv).
1637 4258 1788 4315 Sunt
1895 4262 2035 4316 sunt
2081 4259 2407 4330 praesentia.
2453 4260 2614 4317 Unde
2664 4262 2736 4318 de
2784 4280 2850 4319 eo
2895 4264 3111 4321 dicitur
3144 4282 3158 4321 :
3194 4288 3221 4317 α
3254 4264 3542 4332 Quoniam

106 4363 333 4417 autem
363 4352 650 4429 parabolae
681 4353 863 4425 hujus
903 4355 1124 4424 septem
1176 4348 1490 4423 particulae.
1524 4347 1787 4404 Primum
1899 4347 2059 4404 mille
2090 4347 2227 4403 anni
2259 4352 2393 4406 ante
2425 4348 2624 4407 oculos
2653 4354 2787 4410 tuos
2813 4356 3095 4426 tanquam
3119 4355 3243 4412 dies
3272 4354 3546 4411 hesterna

106 4448 317 4512 enim,
349 4444 604 4517 virgines
636 4443 696 4498 in
728 4443 979 4499 adventu
1015 4439 1217 4513 sponsi
1250 4456 1311 4495 se
1342 4441 1691 4511 praeparant;
1707 4453 1792 4492 se-
1903 4455 2030 4511 quae
2064 4438 2342 4509 praeteriit
2370 4440 2537 4507 (Psal.
2575 4445 2820 4512 LXXXIX).
2854 4464 2881 4494 ››
2916 4443 3031 4499 Nec
3081 4445 3405 4501 secundum
3455 4458 3545 4503 re-

118 4536 363 4605 cundo,
396 4532 715 4599 dormiunt;
735 4530 929 4599 tertio,
964 4546 1179 4602 sponso
1208 4527 1496 4593 veniente,
1520 4529 1790 4599 surgunt;
1822 4546 1869 4611 Ι)
1903 4526 2218 4600 proborum
2253 4530 2639 4602 mentem,qui
2663 4532 2987 4588 secundum
3003 4532 3215 4589 Christi
3232 4533 3549 4588 adventum

114 4627 377 4701 quarto,
411 4623 583 4678 fatuae
615 4639 649 4677 a
678 4619 1066 4693 prudentibus
1096 4618 1290 4674 oleum
1322 4620 1667 4689 petunt,nec
1697 4631 1790 4671 ac-
1904 4633 2208 4688 nunquam
2238 4615 2453 4673 vellent
2482 4619 2845 4689 advenire,eo
2880 4622 3035 4693 quod
3056 4625 3197 4678 tunc
3218 4638 3417 4678 eorum
3439 4637 3554 4693 pm-

116 4713 401 4787 cipiunt;
436 4711 662 4784 quinto,
691 4726 826 4765 cum
857 4724 1073 4780 sponso
1106 4706 1453 4762 introductis
1491 4703 1798 4777 prudenti-
1908 4723 1994 4761 nae
2024 4704 2502 4777 duplicabuntur,
2529 4708 2651 4775 sed,
2678 4710 2847 4781 juxta
2877 4710 3192 4767 electorum
3224 4714 3479 4766 mentem
3498 4712 3556 4765 et

118 4809 261 4861 bus
294 4801 367 4857 ad
396 4799 633 4873 nuptias
657 4800 844 4870 janua
874 4796 1201 4863 clauditur;
1234 4799 1417 4862 sexto,
1454 4795 1624 4849 fatua;
1674 4792 1796 4848 cla-
1909 4794 2395 4867 desiderium,qui
2421 4813 2555 4852 eum
2587 4797 2644 4852 in
2670 4800 3177 4856 consummatione
3207 4816 3326 4855 sua
3357 4796 3554 4871 gloria

122 4891 428 4949 mitantes
476 4885 774 4960 repulsam
824 4885 1166 4957 patiuntur;
1218 4882 1489 4955 septimo,
1539 4898 1641 4952 per
1689 4880 1799 4936 hoc
1910 4882 2179 4939 advenire
2210 4883 2832 4952 desiderant.Quorum
2863 4887 3373 4957 desiderio,omnis
3403 4886 3560 4944 festi-

119 4994 358 5039 omnes
395 4976 635 5050 vigilare
685 4975 1091 5033 admonemur.
1126 4972 1387 5028 Primum
1438 4970 1638 5042 igitur,
1668 4986 1798 5024 om—
1911 4972 2113 5028 nantia
2143 4989 2306 5029 mora
2335 4976 2827 5046 reputatur.Unde
2856 4982 2913 5033 et
2940 4976 3058 5033 illis
3091 4975 3560 5034 clamantibusin

118 5086 257 5128 nes
287 5066 544 5139 virgines
574 5065 775 5138 sponsi
806 5064 1118 5120 adventum
1149 5076 1383 5134 sperare
1414 5063 1472 5115 et
1513 5059 1573 5114 in
1605 5057 1800 5131 aliquo
1912 5060 2258 5133 Apocalypsi
2290 5063 2559 5119 diciturm
2595 5065 2891 5122 Sustinete
2918 5066 3109 5123 adhuc
3140 5066 3564 5136 modicum,do-

120 5177 203 5219 se
266 5171 593 5229 praeparare
643 5155 1103 5221 demonstratur,
1136 5167 1270 5206 cum
1315 5148 1531 5204 dicitur
1564 5165 1576 5204 :
1611 5148 1805 5204 Simile
1918 5165 2023 5205 nec
2055 5149 2368 5221 impleatur
2397 5169 2679 5210 numerus
2710 5155 2959 5211 fratrum
3009 5159 3335 5213 vestrorum
3366 5157 3564 5229 (Jpoc.

116 5256 227 5307 est
264 5261 495 5317 regnum
523 5244 781 5300 calorum
808 5242 987 5299 decem
1018 5242 1325 5313 virginibus
1355 5253 1500 5311 quae,
1535 5238 1805 5309 accipien-
1918 5243 2019 5305 v1).
2053 5260 2081 5289 ››
2130 5240 2590 5310 Dormitaverunt,
2636 5243 2848 5316 inquit,
2881 5261 3065 5303 omnes
3113 5254 3164 5303 et
3205 5246 3565 5303 dormierunt.

124 5349 227 5397 tes
269 5333 547 5407 lampades
574 5349 725 5402 suae,
757 5334 1012 5389 exierunt
1055 5332 1272 5387 obviam
1301 5343 1494 5401 sponso
1525 5334 1576 5382 et
1604 5341 1817 5398 sponsae
1922 5327 2250 5385 Dormitare
2296 5335 2385 5386 est
2434 5336 2731 5405 aegrotare,
2766 5334 3021 5392 dormire
3050 5339 3247 5392 autem
3280 5334 3431 5391 mori
3459 5337 3568 5391 est.

132 5426 314 5486 Hinc
350 5427 512 5497 patet
542 5423 697 5495 quod
728 5420 1016 5491 inﬁdeles,
1041 5425 1097 5476 et
1128 5419 1210 5476 illi
1242 5417 1343 5490 qui
1370 5417 1428 5473 in
1463 5414 1622 5471 nullo
1635 5415 1706 5471 ad
1724 5415 1820 5471 ad-
1926 5417 2141 5473 Omnes
2158 5416 2338 5490 igitur
2366 5419 2620 5492 virgines
2637 5423 3102 5482 dormitaverunt
3118 5429 3174 5481 et
3187 5424 3574 5492 dormierunt,

134 5517 412 5574 ventum
443 5513 663 5570 summi
687 5512 910 5584 judicis
938 5526 1001 5567 se
1031 5511 1381 5582 praeparant,
1411 5505 1470 5561 in
1508 5504 1617 5559 hac
1647 5520 1821 5577 para-
1930 5505 2070 5583 quia
2100 5509 2432 5581 aegrotando
2462 5511 2535 5567 ad
2567 5530 2843 5571 somnum
2874 5517 3083 5573 mortis
3113 5516 3505 5573 accesserunt.

116 5609 165 5671 ι)
190 5600 318 5665 ola
344 5620 457 5660 non
492 5600 1137 5671 iucluduntur;illorum
1156 5597 1315 5657 enim
1342 5599 1499 5655 certe
1526 5593 1824 5656 damnatio
2004 5596 2296 5670 Tertio,de
2326 5599 2672 5665 excitatione
2700 5620 2902 5665 earum
2934 5604 3479 5681 subjungitur,cum
3507 5599 3587 5658 di-

489 5729 762 5797 Punon.
805 5727 978 5810 OLV.
3196 5727 3283 5811 δι
