3984 6082
176 232 332 294 1613

1296 233 1675 296 HOMILUE.
1719 265 1799 279 -
1838 234 1918 298 Il.
1965 235 2067 296 DE
2114 234 2461 298 SANGTIS.

3420 237 3581 299 16⁷14

171 365 373 439 lugere
412 368 468 422 et
499 381 616 421 non
646 364 904 422 invenire
935 365 1382 435 consolatorem,
1405 383 1570 423 orare
1601 370 1657 423 et
1705 385 1821 424 non
1850 368 1907 436 Α
1936 368 2037 440 qui
2086 385 2221 425 cum
2272 369 2439 426 Patre
2488 371 2544 426 et
2590 367 2810 441 Spiritu
2857 371 3060 425 sancto
3105 367 3245 424 vivit
3293 371 3349 425 et
3379 374 3584 444 regnat

172 455 434 512 invenire
458 455 874 512 exauditorem.
906 456 994 512 Ibi
1024 456 1181 512 enim
1229 474 1264 512 a
1310 461 1426 513 Deo
1477 474 1592 513 non
1632 462 1826 530 potest

174 545 385 602 mereri
403 545 557 619 quod
579 543 724 619 petit
738 545 839 618 qui
857 545 994 602 huic
1010 545 1199 602 noluit
1216 546 1418 602 audire
1443 547 1601 618 quod
1617 546 1818 618 jussit.

171 635 280 700 Qui
306 638 540 708 tempus
571 634 926 708 tempestive
958 635 1311 708 poenitentiae
1342 635 1436 691 hic
1468 635 1678 708 perdit,
1694 637 1824 691 fru~

172 729 297 781 stra
317 741 452 781 cum
471 723 747 798 lacrymis
773 727 907 781 ante
917 726 1167 797 januam
1187 725 1364 781 venit.
1380 724 1526 780 Hinc
1538 725 1821 780 Dominus

170 831 276 887 per
303 814 675 871 Salomonem
701 829 714 868 :
740 836 767 864 «
791 814 1000 870 Vocavi
1026 818 1084 870 et
1101 813 1407 883 renuistis;
1441 814 1669 870 extendi
1697 831 1820 870 ma-

171 920 312 960 num
328 907 604 971 meam,et
624 919 740 958 non
760 903 870 959 fuit
891 903 990 976 qui
1013 903 1320 976 aspiceret;
1335 903 1682 976 despexistis
1703 919 1822 959 om-

169 1010 243 1050 ne
275 992 586 1049 consilium
618 1009 836 1059 meum,
854 997 912 1049 et
941 992 1368 1065 increpationes
1391 1009 1552 1049 meas
1574 991 1822 1065 neglexi-

167 1082 298 1140 stis.
314 1083 432 1156 Ego
461 1098 693 1154 quoque
724 1081 784 1138 in
803 1081 1042 1138 interitu
1063 1086 1252 1139 vestro
1280 1082 1479 1138 ridebo
1501 1084 1558 1138 et
1579 1081 1821 1138 subsan-

165 1173 484 1241 nabo,eum
505 1171 669 1228 vobis
691 1171 846 1244 quod
868 1170 1166 1228 timebatis
1186 1171 1484 1227 advenerit
1509 1172 1690 1244 (Prov.
1715 1172 1817 1242 1).»

163 1261 424 1334 Septimo
454 1259 746 1334 generalis
777 1260 1100 1318 admonitio
1141 1260 1506 1317 subinfertur
1537 1276 1550 1317 :
1588 1261 1818 1329 Vigilate

161 1353 368 1424 itaque,
402 1351 531 1423 quia
561 1352 784 1406 nescitis
813 1350 960 1406 diem
991 1366 1167 1422 neque
1197 1351 1408 1406 horam.
1430 1351 1509 1405 Ac
1541 1350 1590 1405 si
1622 1349 1812 1405 dicat:

161 1439 416 1513 Vigilate
449 1439 506 1494 in
537 1439 716 1496 vestri
739 1440 1258 1512 praparationeme
1278 1438 1549 1512 imparati
1573 1439 1820 1511 reperia-

162 1527 576 1598 mini,summo
597 1527 796 1599 judice
825 1529 1308 1592 veniente.Quare
1334 1532 1530 1584 autem
1551 1529 1628 1584 sit
1648 1527 1818 1584 nobis

161 1635 400 1690 semper
415 1616 778 1691 vigilandum
801 1616 1214 1685 ostendit,cum
1236 1617 1462 1673 subdit:
1481 1617 1622 1685 Quia
1643 1619 1817 1673 nesci-

1930 457 2101 515 Deus.
2132 459 2336 514 Amen.

2649 548 2866 604 XXXII.

2004 653 2177 694 UNIUS
2216 653 2600 694 CONTINENTIS.
2632 655 2704 693 DE
2741 654 2906 693 LIBRO
2946 651 3245 694 SAPIEN’I‘IE
3280 654 3484 695 SERMO.

2001 725 2286 783 Mulierem
2312 729 2511 800 fortem
2535 728 2658 800 quis
2688 727 2966 784 inveniet?
2989 728 3193 783 oncul
3211 733 3262 782 et
3278 727 3344 784 de
3365 728 3578 784 ultimis

1927 815 2132 885 ﬁnibus
2151 817 2389 888 pretium
2407 817 2546 888 ejus,
2561 819 2670 872 etc.
2694 817 2874 885 (Prov.
2895 817 3075 884 xxxi.)
3094 816 3269 872 Juxta
3296 816 3572 888 litteram,

1929 903 2140 960 fratres
2152 903 2494 971 mei,videns
2513 904 2788 961 Salomon
2807 921 3010 961 sexum
3033 905 3351 961 femineum
3374 905 3578 962 tantis-

1928 1009 2031 1064 per
2041 993 2114 1049 ad
2130 992 2272 1049 vitia
2283 993 2791 1066 proclivum,quod
2803 995 2896 1049 vix
2917 993 3114 1066 aliqua
3132 998 3401 1050 matrona
3419 1009 3578 1067 repe-

1928 1082 2030 1138 riri
2062 1082 2249 1156 possit
2273 1083 2699 1152 honesta,unde
2731 1088 2787 1140 et
2815 1082 2940 1156 ipse
2955 1083 3220 1140 dicebat:
3249 1083 3485 1140 «Virum
3506 1101 3576 1140 ex

1927 1171 2088 1229 mille
2118 1189 2304 1228 unum
2338 1172 2545 1245 reperi,
2579 1172 2884 1229 mulierem
2913 1189 3046 1228 vero
3091 1190 3159 1230 ex
3187 1171 3346 1229 mille
3395 1190 3575 1230 unam

1926 1277 2044 1317 non
2099 1261 2285 1334 reperi
2317 1263 2510 1332 (Eccle.
2549 1262 2709 1335 vu.);
2742 1265 3048 1334 propterea
3091 1261 3390 1319 admirans
3437 1278 3574 1318 con-

1927 1351 2192 1421 queritur
2248 1354 2305 1406 et
2362 1351 2570 1423 quzsrit
2620 1352 2842 1418 dicens,
2874 1353 3166 1409 Mulierem
3209 1354 3406 1424 fortem
3451 1353 3577 1424 quis

1927 1440 2210 1495 inveniet?
2240 1440 2540 1513 Oppositio
2586 1440 2816 1497 videtur
2860 1458 2988 1497 esse
3036 1441 3098 1496 in
3142 1441 3404 1514 adjecto;
3436 1457 3574 1498 nam

1926 1529 1975 1584 si
2008 1528 2240 1601 mulier,
2273 1531 2566 1602 quomodo
2599 1530 2800 1586 fortis?
2829 1535 2932 1586 aut
2961 1530 3012 1586 si
3061 1530 3250 1598 fortis,
3284 1530 3574 1603 quomodo

1925 1617 2176 1674 mulier?
2207 1619 2382 1675 Porro
2440 1619 2500 1675 in
2551 1619 2796 1676 muliere
2843 1618 3051 1692 triplex
3099 1623 3190 1676 est
3238 1619 3570 1688 inﬁrmitas,

161 1709 234 1764 tis
250 1708 395 1763 diem
413 1723 586 1779 neque
604 1707 882 1762 horam.Si
911 1706 1536 1779 przesciremushoram
1558 1706 1814 1762 vocatio-
1843 1743 1891 1808 B
1923 1707 2191 1764 videlicet
2218 1708 2532 1765 inﬁrmitas
2562 1709 2774 1779 carnis,
2808 1725 2982 1766 sexus
3012 1713 3070 1766 et
3113 1707 3380 1765 mollitiei
3429 1725 3574 1766 con—

162 1797 260 1852 nis
284 1800 514 1864 nostra,
539 1795 699 1852 aliud
731 1801 966 1868 tempus
998 1795 1373 1868 paenitentiae,
1397 1794 1554 1851 aliud
1578 1799 1813 1868 tempus
1843 1794 1890 1808 "
1914 1797 2158 1870 jugalis.
2195 1798 2394 1870 Itaque
2425 1798 2731 1854 mulierem
2761 1799 2822 1854 in
2853 1798 2963 1854 hac
2987 1797 3204 1872 triplici
3233 1797 3574 1855 inﬁrmitate

159 1885 564 1958 voluptatibus
595 1901 902 1957 possemus
942 1889 1161 1957 aptare.
1195 1885 1306 1940 Sed
1335 1885 1435 1956 qui
1467 1898 1811 1955 praesentem

161 1975 323 2031 diem
357 1974 523 2030 nobis
553 1975 622 2029 ad
654 1973 1058 2046 pmnitcntiam
1107 1974 1286 2041 dedit,
1319 1973 1644 2030 crastinum
1696 1991 1811 2029 non

157 2063 452 2137 promisit.
473 2065 712 2135 Semper
735 2079 871 2135 ergo
891 2063 1172 2117 debemus
1201 2061 1586 2133 vigilare,sem
1595 2078 1813 2133 perque

158 2153 350 2225 parati
381 2169 529 2208 esse.
563 2152 674 2208 Sed
701 2169 808 2208 nos
839 2169 953 2207 non
985 2151 1177 2207 solum
1217 2150 1535 2206 commissa
1577 2155 1813 2224 peccata

158 2259 281 2298 non
313 2241 671 2314 plangimus,
705 2241 804 2297 sed
855 2241 1032 2296 etiam
1083 2257 1211 2313 quae
1261 2239 1616 2314 plangantur
1645 2257 1815 2312 auge-

160 2347 322 2386 mus.
338 2331 481 2386 Ecce
505 2347 662 2385 nunc
685 2331 839 2386 diem
863 2329 1057 2401 ipsum
1079 2331 1150 2385 de
1173 2345 1286 2400 quo
1310 2328 1810 2400 loquimur,quam

158 2421 238 2476 ad
271 2419 507 2493 nuptias
538 2418 935 2474 conversionis
966 2418 1322 2491 accepimus,
1355 2423 1411 2474 et
1441 2422 1637 2474 tamen
1687 2435 1811 2473 rea-

155 2515 261 2566 tus
293 2513 522 2565 nostros
563 2509 698 2565 ﬂere
729 2508 1174 2564 recusamus.Et
1205 2507 1255 2564 si
1288 2524 1394 2564 nos
1425 2508 1624 2578 aliqua
1651 2506 1813 2580 aegri-

155 2598 306 2655 tudo
335 2597 629 2670 corripiat,
658 2597 707 2653 si
738 2597 908 2670 signa
936 2595 1300 2670 aegritudinis
1325 2596 1681 2652 vicinitatem
1713 2597 1810 2652 de-

154 2689 400 2762 signant
429 2686 653 2755 mortis,
688 2685 955 2742 inducias
995 2703 1130 2742 cum
1177 2685 1411 2742 ﬂetibus
1453 2685 1808 2758 flagitamus,

154 2793 311 2850 quas
367 2779 635 2848 acceptas
692 2791 849 2832 nunc
905 2791 1309 2847 aspernamur.
1364 2775 1558 2831 Refert
1604 2774 1811 2830 beatus

151 2865 474 2940 Gregorius
505 2865 659 2937 quod
692 2865 930 2937 quidem
960 2863 1048 2920 vir
1076 2863 1288 2920 nobilis
1335 2863 1445 2920 fuit
1493 2863 1553 2918 in
1587 2862 1813 2936 provin-

151 2957 251 3012 cia
277 2953 791 3023 Valerize,nomine
821 2953 1131 3020 Crisorius,
1158 2957 1388 3008 tantum
1419 2952 1630 3025 plenus
1653 2952 1810 3009 vitiis

154 3049 449 3118 quantum
481 3045 678 3115 rebus,
711 3043 987 3115 superbia
1015 3042 1300 3109 tumidus,
1337 3043 1529 3098 carnis
1562 3059 1680 3098 sum
1711 3060 1809 3098 vo-

1923 1887 2130 1942 fortem
2163 1887 2296 1958 quis
2346 1887 2640 1943 inveniet?
2669 1889 2864 1944 Procul
2909 1896 2962 1944 et
3004 1888 3068 1943 de
3109 1888 3320 1944 ultimis
3366 1888 3572 1960 ﬁnibus

1916 1976 2158 2047 pretium
2183 1977 2318 2048 ejus.
2341 1978 2420 2032 Ac
2451 1976 2498 2032 si
2532 1981 2731 2049 aperte
2769 1977 2924 2032 dicat
2956 1994 2968 2032 :
3006 1977 3156 2032 Raro
3187 1981 3379 2049 potest
3407 1993 3571 2051 repe-

1923 2063 2044 2121 riri.
2078 2066 2145 2119 Et
2175 2065 2222 2120 si
2256 2069 2448 2136 potest
2477 2065 2737 2136 reperiri,
2769 2069 2922 2121 certe
2955 2065 3101 2121 raris
3131 2069 3187 2121 ct
3216 2065 3487 2138 pretiosis
3517 2070 3574 2122 et

1922 2155 1993 2209 de
2023 2153 2194 2227 longe
2234 2154 2533 2226 requisitis
2583 2154 2801 2210 divitiis
2850 2159 3040 2226 potest
3092 2156 3439 2228 comparari.
3475 2157 3574 2212 Est

1923 2243 2160 2315 quidem
2195 2260 2346 2312 rara,
2379 2244 2479 2298 sed
2531 2248 2748 2316 quanto
2774 2243 2997 2312 rarior,
3031 2247 3194 2300 tanto
3242 2243 3568 2317 pretiosior.

1923 2331 2217 2404 Scriptum
2251 2336 2340 2388 est
2367 2332 2524 2387 enim
2560 2348 2572 2387 :
2601 2355 2628 2382 «
2649 2333 2846 2388 Gratia
2877 2349 3054 2405 super
3080 2333 3331 2406 gratiam
3361 2333 3574 2391 mulier

1923 2425 2126 2478 sancta
2155 2426 2212 2477 et
2242 2421 2535 2500 pudorosa
2566 2421 2750 2494 (Eccli.
2784 2423 2959 2494 xxvx).
2986 2443 3016 2473 »
3046 2421 3265 2478 Deinde
3294 2439 3422 2496 quae
3454 2423 3574 2478 sint

1923 2509 2136 2578 ofﬁcia,
2169 2515 2226 2565 et
2255 2527 2380 2581 quae
2413 2526 2636 2566 merces
2669 2510 2833 2566 fortis
2864 2509 3128 2566 mulieris
3158 2510 3410 2582 exponit.
3446 2509 3570 2565 Pri-

1921 2616 2088 2655 mum
2111 2604 2308 2656 autem
2340 2599 2506 2654 fortis
2529 2597 2792 2655 mulieris
2817 2603 2925 2667 est,
2943 2601 3099 2670 quod
3127 2597 3205 2655 sit
3234 2597 3569 2667 ﬁdelis,non

1923 2687 2114 2745 solum
2163 2704 2300 2760 erga
2344 2687 2552 2757 Deum,
2584 2688 2687 2744 sed
2735 2687 2914 2744 etiam
2962 2703 3100 2760 erga
3144 2688 3337 2743 virum
3369 2703 3567 2744 suum.

1922 2777 2084 2844 Quod
2137 2793 2240 2849 per
2286 2793 2651 2848 consequens
2700 2777 3084 2843 demonstrat,
3135 2792 3270 2832 cum
3319 2776 3567 2832 subdit:

1922 2866 2154 2938 Conﬁdit
2184 2868 2244 2921 in
2270 2883 2333 2922 ea
2361 2883 2453 2921 cor
2480 2867 2592 2921 viri
2616 2868 2726 2921 sui.
2763 2865 2842 2920 Ex
2871 2864 3152 2921 ﬁdelitate
3180 2863 3338 2920 enim
3368 2862 3571 2920 mulie-

1920 2955 2001 3011 ris
2058 2954 2327 3027 sequitur
2371 2955 2526 3026 quod
2573 2953 2662 3009 vir
2709 2953 2837 3024 ejus
2878 2953 2938 3008 in
2984 2969 3053 3009 ea
3105 2952 3376 3019 conﬁdat,
3411 2952 3570 3024 quod

1920 3043 2141 3101 scilicet
2170 3043 2220 3100 ei
2252 3044 2425 3098 ﬁdem
2457 3047 2515 3098 et
2544 3042 2934 3112 dilectionem,
2969 3045 3025 3098 et
3077 3041 3137 3096 in
3186 3042 3360 3098 corde
3407 3045 3465 3098 et
3505 3041 3568 3098 in

155 3113 489 3209 luptatibus
518 3113 812 3200 subditus,
847 3131 1100 3188 avaritia
1123 3132 1349 3188 facibus
1380 3147 1682 3197 accensus,
1707 3131 1808 3204 qul
1838 3113 1881 3180 C
1921 3151 2112 3207 opere,
2147 3138 2203 3189 et
2258 3132 2318 3187 in
2367 3133 2542 3188 rebus
2593 3131 2671 3188 sit
2719 3132 3180 3188 observaturum.
3213 3131 3282 3187 Et
3331 3135 3570 3204 propter

159 3225 232 3281 ad
265 3229 591 3280 extremum
620 3221 964 3289 veniens,ea
993 3221 1136 3278 hora
1165 3238 1281 3294 qua
1316 3225 1440 3276 erat
1463 3221 1805 3289 moriturus,

155 3313 306 3370 vidit
335 3312 551 3384 apertis
596 3311 781 3368 oculis
833 3315 1013 3367 tetros
1061 3314 1118 3366 et
1166 3310 1512 3383 nigerrimos
1566 3309 1808 3382 spiritus

157 3418 356 3460 coram
389 3417 450 3458 se
475 3401 771 3469 assistere,
798 3404 854 3456 et
875 3401 947 3455 ad
979 3416 1040 3456 se
1063 3398 1406 3472 rapiendum
1436 3399 1810 3454 vehementer

154 3490 486 3547 imminere.
519 3489 704 3562 Cmpit
733 3494 1000 3557 tremere,
1034 3487 1270 3562 pallere,
1304 3489 1538 3554 sudare,
1570 3492 1626 3544 et
1673 3505 1808 3544 cum

156 3578 392 3653 magnis
423 3578 662 3636 vocibus
694 3579 964 3634 inducias
1011 3581 1224 3650 petere,
1259 3577 1566 3649 ﬁliumque
1609 3595 1808 3644 suum,

155 3669 399 3727 nomine
443 3668 786 3736 Maximum,
835 3667 1141 3724 clamando
1190 3683 1436 3722 vocare:
1473 3689 1501 3716 «
1538 3667 1806 3736 Maxime,

155 3775 348 3827 curre,
381 3761 438 3813 et
483 3757 542 3812 in
593 3757 706 3812 ﬁde
737 3761 839 3812 tua
869 3772 962 3811 me
993 3755 1246 3828 suscipe.
1283 3779 1310 3804 »
1343 3755 1637 3812 Turbatus
1678 3771 1812 3810 mox

155 3847 453 3904 Maximus
482 3846 691 3916 adfuit,
724 3845 932 3920 lugens
965 3845 1187 3901 famula
1218 3844 1505 3914 convenit,
1539 3846 1640 3900 sed
1678 3843 1810 3900 illos

155 3936 451 4009 malignos
483 3934 724 4008 spiritus
743 3935 942 3990 videre
973 3951 1089 3991 non
1138 3938 1427 4008 poterant,
1461 3935 1564 3990 sed
1608 3949 1810 3990 eorum

157 4024 534 4099 praesentiam
581 4022 642 4078 in
692 4023 1054 4093 confusione,
1089 4023 1148 4079 in
1201 4022 1440 4096 pallore,
1472 4022 1532 4078 in
1563 4027 1814 4078 tremore

159 4119 217 4172 et
276 4129 489 4186 pavore
545 4113 673 4184 ejus
732 4113 832 4184 qui
877 4111 1222 4169 trahebatur
1268 4111 1562 4168 videbant.
1596 4116 1813 4168 Pavore

132 4208 359 4264 autem
391 4219 594 4259 eorum
625 4200 723 4256 ille
752 4203 1084 4258 vertebatur
1111 4201 1171 4256 in
1213 4200 1446 4270 lectulo,
1467 4202 1704 4273 jacebat
1752 4201 1812 4256 in

159 4292 400 4350 sinistro
425 4291 626 4356 latere,
647 4294 950 4364 aspectum
981 4289 1218 4346 illorum
1251 4291 1397 4347 ferre
1427 4307 1541 4345 non
1566 4294 1816 4362 poterat,

157 4381 496 4439 vertebatur
553 4380 625 4435 ad
686 4380 968 4452 parietem
1018 4396 1090 4435 ne
1137 4379 1358 4436 videret
1399 4396 1518 4436 eos.
1553 4381 1816 4452 Cumque

1919 3224 2028 3279 hoc
2074 3223 2200 3294 ipso
2250 3221 2584 3295 providente
2639 3222 2830 3293 spoliis
2881 3237 2993 3277 non
3050 3219 3338 3289 indigebit,
3371 3219 3428 3275 id
3479 3224 3570 3276 est

1918 3311 2225 3384 acquisitis
2283 3310 2500 3366 divitiis
2549 3311 2890 3366 abundabit.
2919 3311 2988 3366 Et
3017 3309 3126 3366 hoc
3152 3313 3354 3365 contra
3402 3307 3566 3365 illam

1919 3402 2225 3458 mulierem
2283 3417 2411 3472 quae
2471 3400 2646 3456 ﬁdem
2702 3400 2880 3456 violat
2935 3399 3294 3472 nuptiarum,
3327 3397 3565 3454 thorum

1919 3490 2176 3548 maculat
2206 3489 2597 3562 conjugalem,
2617 3489 2806 3545 virum
2842 3489 3085 3562 spernit,
3101 3492 3158 3545 et
3176 3489 3304 3546 ideo
3336 3491 3564 3544 aeterna

1919 3581 2254 3655 indigentiae
2285 3579 2628 3650 subjacebit.
2649 3580 2984 3635 Secundum
3017 3578 3276 3635 ofﬁcium
3298 3581 3387 3634 est
3406 3576 3563 3649 quod

1919 3671 1997 3727 sit
2026 3671 2095 3726 de
2126 3669 2238 3725 sibi
2257 3667 2481 3724 collatis
2500 3667 2668 3723 bonis
2688 3668 2808 3724 viro
2830 3668 3092 3740 grata,de
3114 3685 3229 3740 quo
3251 3666 3561 3724 subditur:

1919 3757 2116 3814 Reddet
2141 3758 2194 3812 ei
2223 3756 2442 3821 bonum,
2461 3763 2511 3810 et
2539 3771 2651 3811 non
2679 3756 2909 3823 malum,
2941 3757 3192 3812 omnibus
3219 3755 3408 3812 diebus
3437 3757 3568 3812 vita?

1919 3863 2055 3904 suae.
2091 3847 2254 3902 Sicut
2283 3846 2438 3900 enim
2471 3844 2713 3918 ingrate
2746 3844 3010 3900 mulieris
3041 3849 3129 3901 est
3161 3845 3401 3900 reddere
3446 3844 3568 3900 viro

1918 3953 2028 3994 suo
2057 3933 2280 3992 malum
2323 3951 2425 4007 pro
2457 3934 2629 4002 bono,
2663 3934 2750 3990 vel
2781 3933 3025 4005 bonum,
3059 3934 3161 3990 sed
3205 3950 3321 3990 non
3368 3949 3571 4005 perse-

1920 4028 2207 4089 veranter,
2230 4022 2318 4078 vel
2351 4040 2418 4078 ex
2448 4021 2602 4078 malo
2649 4023 2785 4088 ﬁne,
2817 4021 2898 4078 ita
2945 4026 3122 4095 gratae
3169 4021 3434 4079 mulieris
3485 4025 3576 4078 est

1923 4113 2162 4170 reddere
2195 4111 2316 4167 viro
2349 4129 2456 4168 suo
2487 4112 2730 4180 bonum,
2763 4111 2821 4167 id
2866 4115 2955 4168 est
3001 4111 3382 4169 reverentiam
3432 4111 3573 4168 sub-

1916 4202 2256 4275 jeetionem,
2290 4200 2683 4257 obedientiam
2739 4204 2796 4257 et
2853 4201 3304 4272 ofﬁciositatem,
3353 4205 3410 4258 et
3466 4200 3576 4257 hoc

1924 4308 2058 4348 cum
2091 4290 2400 4346 dilectione
2432 4294 2490 4345 et
2519 4291 2968 4362 perseverantia.
3003 4291 3266 4346 Tertium
3313 4289 3576 4346 ofﬁcium

1926 4381 2093 4436 fortis
2124 4384 2402 4436 matrona:
2435 4384 2524 4434 est
2555 4395 2788 4452 semper
2817 4378 3039 4452 aliquid
3070 4379 3301 4435 honesti
3327 4383 3385 4434 et
3411 4377 3577 4434 utilis

154 4473 284 4544 jam
334 4469 512 4525 nimis
571 4473 909 4525 contractus
964 4469 1318 4542 desperaret,
1351 4470 1525 4542 coepit
1566 4468 1818 4524 clamare
1846 4489 1893 4554 Β
1926 4470 2118 4543 operis
2143 4486 2335 4543 agere,
2370 4485 2442 4524 ne
2473 4467 2761 4536 diabolus,
2796 4469 2897 4540 qui
2933 4485 3163 4540 semper
3192 4466 3396 4524 otiosis
3433 4466 3576 4523 insi-

159 4559 435 4616 inducias
494 4575 682 4630 usque
741 4575 935 4614 mane.
968 4559 1039 4614 Et
1087 4558 1146 4613 in
1204 4557 1296 4614 his
1345 4557 1701 4614 clamoribus
1749 4559 1819 4614 de

160 4647 498 4704 habitaculo
558 4647 752 4704 carnis
812 4652 902 4704 est
957 4647 1212 4704 evulsus.
1246 4648 1326 4704 De
1375 4665 1490 4720 quo
1535 4647 1814 4702 nimirum

164 4741 396 4793 constat
425 4737 563 4810 quia
606 4754 710 4810 pro
743 4737 910 4793 nobis
949 4755 1064 4794 non
1097 4754 1199 4810 pro
1233 4754 1315 4802 se,
1349 4737 1462 4793 ista
1491 4736 1718 4802 viderit,
1753 4739 1819 4790 ut

165 4829 295 4900 ejus
323 4828 466 4884 visio
501 4826 670 4883 nobis
701 4828 1026 4899 proﬁceret,
1062 4844 1208 4899 quos
1260 4827 1358 4882 Dei
1403 4825 1818 4900 longanimitas

163 4921 479 4990 exspectat.
517 4917 662 4972 Nam
693 4916 778 4971 illi
813 4916 951 4988 quid
984 4917 1204 4989 profuit
1237 4917 1336 4988 qui
1369 4916 1638 4971 inducias
1670 4933 1818 4987 quas

165 5007 334 5079 petiit
363 5023 480 5062 non
513 5005 772 5078 accepit?
805 5008 1028 5079 Itaque,
1052 5007 1258 5062 fralres
1281 5006 1414 5072 mei,
1454 5023 1682 5078 semper
1712 5022 1819 5061 aes-

165 5096 450 5152 timemus
480 5099 808 5152 extremum
836 5096 990 5152 diem
1026 5095 1195 5151 nobis
1227 5094 1555 5162 imminere,
1591 5111 1823 5166 semper

168 5189 460 5242 certemus
490 5202 597 5241 nos
629 5184 819 5258 magis
850 5202 915 5241 ac
948 5185 1138 5260 magis
1170 5200 1514 5257 praeparare.
1537 5184 1630 5240 Sic
1664 5185 1820 5239 viva-

168 5275 419 5346 mus,sic
441 5291 548 5331 nos
578 5273 922 5342 habeamus,
939 5291 1005 5329 ac
1029 5275 1076 5331 si
1091 5275 1217 5346 jam
1241 5272 1510 5328 morituri
1533 5289 1818 5342 essemus,

169 5368 459 5437 quatenus
491 5381 724 5420 summo
755 5381 972 5436 sponso
1000 5363 1253 5420 venienti
1286 5362 1474 5435 parati
1521 5361 1573 5417 ei
1621 5379 1822 5418 occur-

145 5469 294 5515 .rere
322 5453 646 5524 valeamus,
682 5457 738 5510 et
783 5470 916 5509 cum
966 5453 1093 5526 ipso
1150 5453 1222 5508 ad
1282 5456 1528 5508 aeternas
1587 5451 1823 5523 nuptias

165 5542 430 5615 introire,
456 5547 770 5621 praestante
826 5543 1075 5623 Domin'o
1134 5545 1333 5602 nostro
1378 5541 1520 5619 Jesu
1571 5539 1821 5614 Christo,

1927 4561 2141 4626 dialur,
2174 4559 2430 4614 inveniat
2485 4574 2613 4614 eam
2665 4557 2936 4614 otiosam.
2997 4557 3159 4613 Unde
3215 4560 3272 4613 et
3328 4555 3574 4613 subdit:

1927 4649 2191 4717 Quaesivit
2223 4648 2408 4702 lanam
2437 4655 2487 4702 et
2516 4648 2718 4716 linum,
2745 4655 2796 4703 et
2843 4655 3063 4719 operata
3109 4655 3185 4702 est
3231 4646 3480 4714 consilio,
3517 4643 3576 4701 id

1924 4742 2032 4804 est,
2065 4746 2181 4793 arte
2211 4753 2478 4792 manuum
2506 4754 2756 4795 suarum.
2777 4736 3122 4792 Laniﬁcium
3172 4735 3328 4791 enim
3371 4749 3580 4791 conve-

1925 4827 2095 4883 niens
2143 4831 2250 4894 est,
2286 4830 2350 4881 ut
2398 4825 2613 4881 habeat
2654 4827 2810 4881 unde
2855 4843 2994 4882 suos
3024 4825 3255 4896 vestire,
3287 4824 3579 4898 hospitem

1927 4915 2174 4988 operire,
2203 4915 2430 4970 nudum
2456 4915 2668 4970 vestire
2699 4919 2894 4987 queat.
2927 4916 2996 4971 Et
3039 4915 3148 4972 hoc
3187 4920 3390 4970 contra
3417 4913 3580 4970 illam

1929 5023 2054 5078 quae
2079 5004 2302 5060 mavult
2332 5003 2522 5072 otiari,
2547 5005 2763 5074 jacere,
2792 5009 2848 5060 et
2877 5004 2936 5058 in
2965 5008 3216 5062 stercore
3246 5022 3352 5062 suo
3391 5007 3585 5077 putre-

1931 5112 2110 5162 scere,
2145 5111 2322 5166 quam
2347 5092 2567 5165 aliquid
2602 5094 2850 5166 operari.
2876 5095 3162 5160 Quartum
3193 5093 3453 5151 ofﬁcium
3473 5097 3584 5160 est,

1931 5184 2128 5252 sibi,et
2158 5183 2359 5239 domui
2392 5200 2512 5239 sum
2544 5185 2601 5238 et
2631 5182 3035 5257 indigentibus
3063 5183 3341 5241 victualia
3361 5182 3591 5256 sapien-

1929 5277 2098 5330 teret
2134 5273 2296 5345 juste
2344 5269 2646 5344 providere
2693 5277 2752 5328 et
2797 5289 3164 5340 conservare,
3197 5273 3412 5346 quibus
3455 5288 3587 5327 cur-

1932 5381 2064 5420 sum
2107 5363 2287 5434 hujus
2332 5361 2461 5418 vitae
2493 5362 2678 5433 possit
2725 5379 3163 5421 consummare.
3187 5361 3350 5418 Unde
3379 5359 3589 5415 subdi-

1931 5457 2029 5508 tur
2058 5470 2070 5508 :
2107 5455 2273 5508 Facta
2303 5459 2380 5507 est
2410 5453 2569 5523 quasi
2596 5454 2755 5508 navis
2787 5452 3167 5523 institoris,de
3197 5452 3352 5518 longe
3367 5455 3591 5520 portans

1927 5559 2130 5622 panem
2157 5557 2339 5604 suum.
2367 5540 2512 5601 Hinc
2541 5540 2760 5618 Joseph
2787 5538 2890 5616 qui
2919 5541 3225 5605 frumenta
3249 5537 3312 5598 in
3337 5536 3592 5604 futuram
