3984 6082
446 317 601 401 ista

1717 329 2114 396 RADULPHI
2154 327 2568 396 ARD'EN'I‘IS.

3695 329 3726 396 Ι
3738 323 3861 392 6ΐὸ

441 467 660 526 famem
691 466 1068 537 conservavit,
1103 466 1565 534 commendatur,
1580 469 1637 523 et
1664 465 1916 523 salvator
1945 481 2092 522 nun-
2116 465 2174 532 Α
2202 463 2407 520 tribuit
2451 464 2551 538 qui
2595 464 2915 539 indigentis
2960 463 3370 521 verecundiam
3409 463 3710 538 prmenit.
3735 463 3861 522 Un-

443 561 712 631 cupatur.
741 556 1024 625 Quintum
1056 557 1317 613 ofﬁcium
1348 561 1456 626 est,
1491 554 1750 612 diluculo
1774 555 2090 628 unicuique

444 662 750 704 servorum
779 649 836 702 et
855 644 1202 702 ancillarum
1225 662 1400 718 opera
1421 645 1744 719 injungere,
1769 661 1841 701 ne
1860 647 2087 712 vacent,

440 739 498 792 et
519 734 740 792 cibaria
759 733 1132 803 distribuere,
1157 751 1229 791 ne
1251 733 1542 803 deﬁciant,
1560 735 1715 791 unde
1747 733 1984 791 subdit:
2013 737 2093 790 De

439 832 596 882 nocte
621 825 920 893 consurgit,
944 821 1196 896 deditque
1217 823 1482 896 praedam,
1507 823 1564 879 id
1592 828 1679 879 est
1709 823 1970 879 ofﬁcium
2003 837 2096 877 ac-

440 911 711 988 quirendi
731 911 1040 970 domesticis
1059 913 1173 968 suis
1193 919 1244 969 et
1283 913 1504 968 ancillis
1531 913 1648 969 suis
1686 912 1919 968 cibaria.
1945 908 2094 967 Scri-

441 1005 610 1075 ptum
628 1003 716 1058 est
735 1001 892 1057 enim
919 1017 932 1058 :
959 1023 987 1052 «
1003 1000 1232 1057 Cibaria
1245 1003 1301 1058 et
1318 1000 1562 1075 virga,et
1577 1017 1726 1057 onus
1743 1000 1906 1056 asino
1926 997 2094 1071 panis

443 1088 822 1164 etdisciplina
840 1092 898 1147 et
916 1106 1064 1164 opus
1077 1090 1512 1147 servo.Multam
1535 1106 1790 1164 namque
1807 1087 2095 1145 malitiam

446 1179 920 1238 docuitotiositas
942 1180 1404 1252 (Eceli.xxxm).»
1425 1179 1570 1236 Hinc
1590 1179 1931 1254 Apostolus:
1953 1176 2096 1244 «Qui

446 1285 563 1327 non
586 1269 955 1338 laborat,non
978 1269 1290 1326 manducet
1311 1270 1384 1340 (11
1407 1271 1579 1326 Thess.
1599 1273 1740 1340 m).»
1759 1269 1996 1326 Sextum
2018 1269 2102 1326 of-

442 1357 644 1415 ﬁcium
673 1360 763 1415 est
791 1357 1093 1414 rectiorem
1117 1362 1173 1414 et
1193 1358 1586 1415 honestiorem
1605 1358 1846 1415 modum
1863 1357 2093 1414 vivendi

443 1447 834 1517 considerare,
867 1451 924 1503 et
971 1463 1038 1504 eo
1093 1447 1266 1504 modo
1311 1447 1518 1504 vivere.
1554 1448 1729 1504 Porro
1779 1447 1991 1504 rectior
2037 1452 2096 1504 et

439 1535 744 1593 honestior
773 1536 984 1592 modus
1012 1536 1240 1592 vivendi
1263 1541 1353 1593 est
1374 1537 1750 1609 agricultura.
1777 1536 1937 1592 Unde
1959 1536 2097 1592 sub-

441 1624 642 1682 ditur:
677 1625 1048 1683 Consideravit
1076 1643 1295 1696 agrum,
1327 1625 1385 1680 id
1437 1630 1524 1682 est
1575 1625 2016 1698 agriculturam,
2039 1630 2097 1682 et

440 1714 584 1773 emit
611 1730 768 1771 eum.
801 1717 878 1772 De
904 1717 1110 1786 fructu,
1146 1715 1203 1771 id
1237 1717 1326 1771 est
1344 1714 1540 1772 labors
1573 1733 1840 1772 manuum
1866 1732 2096 1772 suarum

438 1805 710 1878 plantavit
738 1806 981 1861 vineam.
1001 1804 1167 1860 Hunc
1197 1802 1426 1860 vivendi
1457 1805 1696 1860 modum
1721 1804 2098 1860 commendat

447 1893 776 1963 Psalmista,
797 1893 997 1950 dicens
1020 1910 1033 1949 :
1066 1916 1093 1943 «
1121 1894 1372 1950 Labores
1395 1911 1679 1949 manuum
1701 1898 1937 1949 tuarum
1959 1892 2098 1966 quia

449 1983 1067 2051 manducabis,beatus
1096 1987 1242 2051 es,et
1262 1983 1408 2038 bene
1429 1983 1532 2039 tibi
1557 1983 1847 2053 erit(Psal.
1863 1983 2096 2055 xxvn).»

450 2073 779 2148 Septimum
808 2072 1068 2128 ofﬁcium
1101 2071 1281 2138 est,in
1313 2072 1524 2127 virtute
1555 2071 1838 2127 castitatis
1865 2075 1922 2128 et
1941 2075 2104 2128 caete-

451 2177 650 2218 rarum
679 2162 962 2216 virtutum
993 2161 1268 2233 operibus
1299 2177 1360 2216 se
1389 2160 1612 2216 lortiter
1631 2177 1920 2228 exercere;
1947 2161 2102 2216 unde

451 2251 651 2308 subdit
682 2267 696 2305 :
729 2251 982 2306 Accinxit
1008 2250 1332 2321 fortitudine
1362 2251 1570 2305 lumbos
1598 2266 1742 2321 suos,
1776 2258 1826 2306 et
1851 2250 2099 2307 corrobo-

448 2341 596 2396 ravit
619 2339 902 2395 brachium
931 2356 1113 2395 suum.
1155 2338 1295 2394 Hinc
1348 2338 1504 2394 enim
1565 2343 1704 2394 sunt
1759 2343 2103 2396 ornamenta

452 2443 578 2504 qua
600 2427 888 2501 praecipue
921 2429 1134 2484 bonam
1167 2431 1495 2484 matronam
1542 2432 1824 2484 exornant
1858 2428 2101 2502 :cingu-

450 2517 574 2574 lum
614 2517 922 2584 castitatis,
951 2516 1332 2590 perichelides
1387 2517 1550 2573 bona:
1593 2517 1967 2590 operationis,
2000 2533 2101 2591 pe-

453 2601 617 2679 plum
635 2605 1122 2678 pudoris,monile
1153 2605 1316 2661 bona:
1337 2604 1934 2674 eruditionis,inauris
1964 2607 2101 2663 ohe-

457 2693 709 2760 dieutiaa,
729 2697 968 2766 torques
999 2694 1580 2767 prudentiae,armilla
1609 2695 2008 2768 subjectionis.
2033 2695 2104 2752 Et

455 2782 579 2839 haec
610 2787 814 2840 contra
843 2782 976 2839 illas
1003 2800 1128 2856 quae
1160 2784 1233 2839 ad
1265 2782 1492 2839 nullum
1525 2784 1745 2840 bonum
1795 2802 1856 2841 se
1906 2785 2102 2841 accin-

456 2876 622 2946 gunt,
655 2873 756 2928 sed
788 2871 847 2927 in
875 2871 998 2928 sola
1026 2871 1266 2928 libidine
1300 2873 1476 2928 fortes
1497 2877 1652 2929 sunt.
1678 2873 1957 2929 Octavum
1980 2875 2104 2930 ofﬁ-

456 2961 613 3018 cium
645 2965 754 3030 est,
787 2966 1024 3034 gustare
1051 2965 1108 3017 et
1136 2961 1381 3035 experiri
1411 2978 1589 3034 quam
1633 2962 1710 3018 sit
1757 2963 1998 3032 bonum,
2032 2963 2103 3020 de

457 3049 689 3124 negotio
722 3049 1111 3124 agriculturae,
1146 3055 1204 3106 et
1232 3050 1303 3106 de
1335 3051 1558 3107 caeteris
1598 3052 1771 3108 rectis
1801 3051 2104 3109 laboribus

457 3140 570 3196 sibi
596 3143 653 3197 et
698 3139 1100 3212 indigentibus
1147 3140 1476 3196 necessaria
1521 3141 1843 3214 providere,
1876 3145 1932 3198 et
1969 3159 2104 3215 pro-

2199 555 2492 610 decimum
2525 553 2785 611 ofﬁcium
2816 558 2924 623 est,
2957 553 3192 610 familia
3223 571 3344 611 sua
3393 557 3595 611 contra
3640 551 3861 627 frigus,

2199 647 2525 716 casteraque
2571 643 2902 700 necessaria
2959 642 3282 716 providere,
3317 644 3473 700 unde
3529 640 3860 699 subditur:

2198 733 2320 788 Non
2377 734 2588 790 timebit
2629 733 2820 790 domui
2866 748 2986 790 suae
3022 749 3058 789 a
3103 734 3410 806 frigoribus
3463 734 3650 801 nivis;
3678 747 3864 789 σπι-κα

2199 823 2349 878 enim
2404 822 2686 879 domestici
2742 823 2858 895 ejus
2908 824 3093 879 vestiti
3148 832 3276 878 sunt
3327 821 3663 896 duplicibus.
3716 819 3860 878 Hinc

2199 910 2512 984 Apostolus
2537 927 2549 966 :
2576 934 2602 962 «
2625 911 2683 967 Si
2715 911 2848 984 quis
2880 927 3122 968 suorum
3150 916 3209 968 et
3239 909 3494 968 maxime
3513 910 3861 967 domestico-

2202 1016 2334 1056 rum
2367 1017 2568 1056 curam
2600 1017 2718 1057 non
2767 1000 2966 1071 habet,
3002 1001 3178 1057 ﬁdem
3210 1000 3444 1075 negavit
3473 999 3523 1071 (1
3551 999 3689 1058 Tim.
3718 999 3798 1072 ν).
3826 1021 3854 1051 η

2204 1087 2272 1145 Et
2300 1094 2472 1162 poeta
2504 1105 2517 1144 :

2203 1178 2320 1235 Non
2347 1178 2460 1234 sibi
2480 1178 2573 1235 sed
2603 1179 2821 1236 domino
2853 1181 3040 1252 gravis
3070 1188 3170 1249 est,
3199 1181 3294 1236 cui
3313 1181 3479 1236 servit
3506 1187 3738 1252 egestas.

2204 1267 2628 1324 Duodecimum
2679 1267 2940 1324 ofﬁcium
2972 1268 3136 1325 bona;
3169 1272 3450 1324 matrona:
3479 1271 3570 1324 est
3599 1268 3850 1344 seipsstn

2203 1356 2447 1414 honeste
2477 1360 2533 1413 et
2562 1357 2838 1414 decenter
2865 1375 3093 1427 ornare,
3131 1361 3198 1413 ut
3225 1356 3452 1432 placeat
3477 1355 3604 1412 vim
3637 1371 3854 1424 suo,ne

2205 1445 2253 1502 si
2285 1446 2430 1502 forte
2460 1447 2512 1502 ei
2545 1446 2898 1519 displiceret,
2923 1446 2974 1503 ei
3005 1447 3152 1504 forte
3183 1444 3408 1503 occasio
3459 1445 3855 1502 fornicationis

2204 1536 2388 1602 ﬁeret,
2425 1535 2579 1591 unde
2609 1539 2665 1592 et
2693 1536 2966 1593 subditur
2997 1553 3010 1591 :
3039 1535 3457 1606 Strangulatam
3503 1543 3710 1593 vestem
3735 1536 3859 1606 fecit

2203 1625 2332 1696 sibi,
2355 1625 2546 1698 byssus
2592 1633 2644 1682 et
2693 1643 2944 1698 purpura
2991 1626 3369 1682 indumentum
3419 1625 3558 1698 ejus.
3593 1647 3624 1674 α
3658 1622 3863 1680 Mulier

2205 1731 2330 1787 quae
2355 1718 2536 1787 nupta
2555 1718 2664 1782 est,
2689 1714 2905 1789 cogitat
2945 1715 3236 1788 quomodo
3277 1711 3506 1788 placeat
3524 1713 3650 1770 viro
3670 1713 3720 1786 (Ι
3745 1714 3863 1782 Cor,

2204 1807 2361 1873 v10.»
2380 1803 2544 1860 Sicut
2565 1804 2721 1860 enim
2747 1804 2958 1862 cultior
2978 1803 3174 1861 cultus
3199 1801 3680 1877 reprehensibilis
3701 1806 3790 1859 est
3808 1801 3864 1858 in

2208 1892 2402 1962 vidua,
2436 1891 2518 1948 sic
2568 1890 2918 1949 inhonestus
2968 1893 3027 1948 in
3081 1893 3417 1966 conjugata,
3453 1890 3504 1947 si
3535 1896 3739 1948 tamen
3771 1908 3869 1966 per

2209 1980 2364 2036 hunc
2397 1999 2512 2036 non
2545 1980 2735 2038 alieno
2764 1999 2886 2039 vrro
2918 1981 3140 2056 appetit
3170 1981 3421 2056 placere,
3451 1981 3552 2037 sed
3577 1997 3709 2037 suo.
3734 1983 3868 2048 Qua

2209 2071 2366 2127 enim
2388 2071 2459 2126 ob
2482 2069 2592 2126 hoc
2615 2087 2676 2126 se
2701 2075 2870 2126 ornat
2892 2075 2957 2127 ut
2988 2070 3194 2127 alienis
3213 2069 3574 2144 placeat,hoc
3597 2069 3728 2143 ipso
3742 2071 3866 2141 jam

2209 2163 2298 2214 est
2326 2158 2629 2216 moechata.
2667 2161 2929 2216 Tertium
2957 2160 3252 2216 decimum
3285 2159 3546 2215 ofﬁcium
3599 2158 3864 2215 mulieris

2211 2248 2376 2304 fortis
2406 2252 2513 2316 est,
2537 2249 2688 2305 bono
2719 2249 2982 2323 exemplo
3013 2253 3070 2307 et
3100 2250 3273 2306 verbo
3303 2248 3493 2305 virum
3526 2265 3707 2304 suum
3759 2248 3862 2304 ho-

2210 2341 2439 2393 nestare
2469 2342 2526 2393 et
2557 2338 2940 2408 sanctiﬁeare,
2965 2339 3138 2410 juxta
3185 2338 3340 2411 quod
3387 2337 3708 2411 Apostolus
3739 2337 3861 2392 ait:

2215 2445 2246 2475 ‹‹
2265 2425 2678 2482 Sanctiﬁcatur
2697 2426 2786 2482 vir
2812 2425 3068 2483 inﬁdelis
3089 2443 3194 2500 per
3215 2425 3523 2482 mulierem
3558 2425 3795 2482 ﬁdelem
3819 2430 3861 2495 (1

2211 2515 2331 2572 Cor.
2364 2516 2501 2587 vn);
2539 2538 2567 2565 »
2600 2515 2709 2572 hoc
2739 2520 2828 2572 est
2857 2533 2994 2589 ergo
3026 2515 3183 2588 quod
3214 2515 3484 2588 sequitur
3514 2531 3528 2570 :
3564 2517 3863 2572 Nobilisin

2205 2607 2378 2678 portis
2423 2607 2509 2660 vir
2554 2605 2690 2677 ejus,
2727 2605 2786 2660 id
2834 2610 2923 2661 est
2967 2604 3027 2660 in
3070 2604 3316 2677 judicio,
3348 2621 3475 2660 cum
3503 2604 3714 2661 sederit
3752 2621 3866 2661 eum

2209 2695 2552 2751 senatoribus
2582 2703 2764 2752 terrae.
2792 2694 2955 2751 Sicut
2981 2694 3137 2751 enim
3186 2693 3400 2751 mulier
3451 2694 3773 2752 inhonesta
3796 2695 3867 2749 vi-

2211 2801 2344 2840 rum
2372 2800 2546 2840 suum
2577 2784 2769 2839 reddit
2805 2784 3202 2840 verecundum
3251 2788 3305 2840 et
3358 2783 3768 2851 latibundum,
3793 2783 3868 2840 ita

2212 2872 2424 2928 mulier
2459 2872 2707 2928 honesta
2735 2873 2926 2929 virum
2960 2891 3136 2930 suum
3168 2873 3360 2929 reddit
3388 2871 3658 2928 nobilem
3703 2877 3868 2945 atque

2212 2961 2552 3019 solemnem.
2569 2965 2852 3030 Quartum
2875 2963 3168 3019 decimum
3193 2962 3453 3020 ofﬁcium
3477 2963 3651 3019 bonas
3669 2967 3728 3019 et
3749 2977 3868 3019 saa-

2212 3054 2316 3106 ctae
2362 3057 2641 3108 matronae
2692 3055 2800 3120 est,
2835 3052 3155 3125 quamdam
3206 3051 3386 3108 telam
3435 3051 3780 3110 innocentis
3818 3057 3867 3108 et

2213 3141 2447 3196 munda:
2479 3140 2607 3196 vita
2629 3140 2808 3196 ordiri
2830 3145 2886 3196 et
2909 3142 3205 3214 perﬁcere,
3221 3145 3280 3197 et
3301 3141 3371 3197 ad
3404 3143 3536 3214 ejus
3559 3141 3865 3198 emendem

455 3233 652 3302 ptcrea
681 3245 797 3285 non
831 3228 1022 3285 solum
1045 3230 1105 3284 in
1137 3231 1249 3298 die,
1283 3230 1382 3286 sed
1415 3230 1592 3286 etiam
1627 3231 1684 3285 in
1715 3235 1882 3287 nocte
1923 3214 2102 3304 justis
2131 3214 2174 3283 C
2213 3229 3183 3302 negotiationem,Chananaumﬁd
3206 3235 3296 3287 est
3326 3229 3660 3303 quemlibet
3693 3235 3866 3287 extra-

455 3317 756 3375 laboribus
780 3319 1017 3375 instare.
1053 3319 1314 3384 Quatuor
1341 3319 1498 3374 enim
1550 3318 1832 3376 utilitates
1881 3322 2103 3378 confert

452 3405 618 3464 labor
647 3423 931 3464 manuum
958 3426 970 3464 :
1005 3407 1148 3463 vitia
1173 3408 1444 3476 destruit,
1476 3408 1720 3465 virtutes
1760 3411 1966 3480 nutrit,
2000 3427 2100 3468 ne-

453 3496 708 3553 cessaria
727 3496 1346 3570 parat,eleemosynam
1369 3497 1564 3554 donat.
1593 3498 1756 3554 Unde
1781 3504 1836 3555 et
1857 3500 2095 3558 subdit:

457 3584 702 3643 Gustavit
727 3594 781 3642 et
824 3586 960 3641 vidit
1002 3587 1262 3658 quoniam
1307 3588 1445 3642 bona
1492 3595 1572 3643 est
1612 3590 1907 3658 negotiatio
1947 3590 2099 3664 ejus,-

450 3689 564 3732 non
590 3676 966 3744 exstinguetur
992 3676 1050 3730 in
1080 3682 1234 3731 nocte
1264 3675 1487 3731 lucerna
1509 3677 1644 3748 ejus.
1673 3678 1815 3733 Hinc
1859 3678 2096 3749 Paulus,

453 3779 526 3820 ne
551 3779 655 3835 pro
684 3763 1110 3820 sustentatione
1131 3763 1221 3820 sui
1239 3768 1297 3819 et
1317 3781 1558 3820 suorum
1593 3782 1953 3840 quemquam
1975 3785 2100 3842 gra-

451 3849 787 3918 varet,dicit
807 3866 870 3906 se
901 3850 1291 3918 laborasse,et
1320 3849 1464 3908 alios
1495 3850 1763 3909 hortatur
1808 3855 1878 3910 ad
1933 3855 2100 3912 labo-

450 3939 931 4010 randum,dicens
958 3956 970 3994 :
991 3939 1212 4012 «Magis
1235 3946 1429 3996 autem
1450 3940 1674 3998 laboret
1695 3944 2100 4018 unusquisque

451 4029 728 4085 manibus
757 4029 902 4097 suis,
925 4033 989 4085 ut
1013 4029 1226 4086 habeat
1261 4031 1412 4086 unde
1441 4029 1663 4087 tribuat
1693 4033 2097 4091 necessitatem

451 4117 697 4192 patienti
745 4118 966 4191 (Ephes.
1001 4120 1099 4190 ιν).
1136 4141 1163 4168 ››
1195 4151 1262 4159 ——
1295 4143 1321 4169 «
1352 4119 1579 4177 Beatius
1629 4121 1784 4177 enim
1829 4126 1917 4178 est
1961 4125 2097 4180 dare

452 4221 630 4280 quam
677 4207 937 4280 accipere
968 4210 1101 4278 (Act.
1153 4211 1267 4278 xx),
1302 4232 1330 4260 »
1377 4209 1483 4278 Qui
1543 4210 1699 4266 enim
1759 4211 1877 4268 dat.
1910 4213 2095 4270 Deum

448 4293 735 4366 imitatur,
825 4297 926 4370 qui
1013 4298 1243 4370 accipit,
1322 4298 1634 4354 fmnerator
1698 4305 1804 4356 est.
1865 4301 2094 4358 Nonum

448 4385 707 4442 ofﬁcium
739 4390 848 4454 est,
882 4403 998 4443 non
1029 4387 1218 4444 solum
1251 4388 1321 4443 ad
1353 4387 1524 4444 fortia
1552 4393 1608 4444 et
1639 4406 1872 4463 magna,
1907 4391 2008 4446 sed
2039 4395 2097 4447 et

445 4475 586 4532 vitia
637 4479 694 4532 et
741 4475 989 4532 humilia
1045 4493 1219 4552 opera
1277 4477 1348 4549 (si
1405 4476 1568 4533 locus
1617 4479 1810 4551 fuerit)
1851 4497 2093 4536 manum

447 4581 757 4640 apponere.
793 4565 955 4621 Unde
1013 4566 1286 4621 subditur
1317 4583 1329 4620 :
1358 4567 1578 4622 Manum
1631 4584 1789 4622 suam
1834 4570 1985 4624 misit
2025 4569 2096 4624 ad
2123 4590 2170 4654 Β

443 4655 632 4727 fortia,
667 4664 717 4711 et
773 4655 941 4724 digiti
993 4656 1111 4726 ejus
1169 4655 1640 4728 apprehenderunt
1680 4659 1886 4728 fusum.
1930 4659 2094 4714 Sicut

444 4743 601 4799 enim
635 4745 896 4816 superbae
929 4744 1145 4800 mentis
1166 4750 1253 4800 est
1282 4762 1456 4816 opera
1485 4745 1732 4801 humilia
1763 4746 2091 4816 abhorrere,

445 4831 527 4887 ita
556 4831 798 4889 humilis
829 4833 1044 4889 mentis
1066 4837 1153 4889 est
1182 4833 1400 4888 nullam
1435 4852 1675 4907 operum
1707 4834 1986 4893 vilitatem
2021 4838 2093 4908 (si

444 4920 610 4976 locus
644 4922 835 4990 fuerit)
854 4922 1083 4977 evitare.
1107 4922 1405 4978 Decimum
1429 4923 1689 4979 ofﬁcium
1711 4928 1799 4980 est
1818 4926 2093 4997 operibus

447 5009 860 5066 misericordia;
893 5011 1182 5080 insistere,
1215 5015 1271 5067 et
1303 5013 1460 5086 inopi
1492 5030 1606 5068 non
1640 5012 1829 5069 solum
1852 5017 2090 5088 petenti,

445 5098 546 5154 sed
569 5102 626 5153 et
654 5103 847 5169 petere
873 5101 1260 5168 erubescenti,
1286 5101 1687 5172 praevenieudo
1719 5102 1945 5175 palmas
1975 5104 2091 5162 lar-

443 5187 579 5259 gius
607 5187 934 5243 extendere.
968 5189 1131 5245 Unde
1162 5195 1217 5246 et
1249 5191 1447 5246 subdit
1479 5207 1492 5246 :
1527 5196 1755 5250 Manum
1785 5209 1944 5250 suam
1973 5212 2096 5268 ape-

442 5277 558 5331 ruit
588 5277 762 5348 inopi,
798 5284 850 5332 et
874 5277 1089 5348 palmas
1109 5295 1237 5335 suas
1262 5280 1504 5336 extendit
1532 5281 1602 5336 ad
1628 5298 1913 5354 pauperes.
1949 5283 2092 5340 Hinc

441 5363 756 5422 Psalmista
789 5381 801 5420 :
835 5388 865 5415 «
899 5366 1114 5424 Beatus
1169 5368 1268 5440 qui
1317 5368 1592 5443 intelligit
1624 5387 1800 5442 super
1841 5387 2090 5446 egenu‘n

440 5457 498 5510 et
526 5468 840 5528 pauperem
873 5457 1041 5526 (Psal.
1075 5457 1186 5530 XL).
1225 5481 1246 5507 ι»
1284 5458 1472 5530 Super
1520 5475 1766 5532 egenum
1817 5460 2092 5536 intelligit

441 5543 566 5614 qui,
600 5541 936 5618 intelligens
981 5545 1238 5618 aliquem
1288 5563 1474 5619 egere,
1515 5564 1629 5604 non
1682 5555 1978 5622 exspectat
2024 5555 2090 5610 ut

437 5635 690 5712 petatur,
710 5633 810 5694 sed
841 5633 1197 5712 praeveniens
1229 5651 1447 5698 munus
1490 5639 1768 5696 extendit.
1794 5639 1888 5698 Bis
1928 5641 2085 5701 enim

2209 3335 2387 3375 neum
2410 3318 3043 3391 negotiatorem,bonas
3066 3320 3490 3393 negotiationes
3504 3325 3861 3392 querentem

2208 3423 2312 3480 per
2331 3408 2761 3465 emutationem
2784 3410 3103 3483 accingere.
3138 3409 3300 3466 Unde
3322 3408 3641 3465 subditur:
3673 3409 3856 3466 Sindo-

2207 3513 2333 3553 nem
2360 3499 2491 3570 fecit
2513 3506 2564 3554 et
2593 3497 2856 3566 vendidit,
2873 3505 2925 3554 et
2952 3499 3237 3569 cingulum
3267 3498 3494 3554 tradidit
3529 3498 3852 3554 Chaunum.

2207 3587 2278 3642 Et
2307 3587 2417 3644 hoc
2448 3591 2651 3643 contra
2673 3586 2806 3644 illas
2837 3603 2964 3660 quis
2999 3587 3174 3644 telam
3204 3587 3458 3643 infamia
3475 3591 3771 3656 texunt,et
3790 3586 3851 3643 ad

2208 3674 2374 3732 illam
2406 3674 2560 3732 malo
2606 3674 2891 3749 exemplo,
2924 3675 3178 3749 reliquas
3224 3676 3473 3732 feminas
3521 3676 3851 3750 accingunt.

2207 3765 2487 3830 Quintum
2521 3765 2812 3822 decimum
2843 3766 3100 3822 ofﬁcium
3131 3770 3222 3822 est
3249 3782 3312 3822 se
3350 3765 3605 3822 fortibus
3655 3774 3716 3823 et
3761 3766 3852 3822 ho-

2207 3855 2391 3911 nestis
2413 3854 2676 3911 moribus
2696 3859 2977 3928 tanquam
3002 3855 3359 3928 quibusdam
3382 3855 3760 3912 indumentis
3779 3856 3856 3910 in-

2207 3944 2437 4000 ducere.
2471 3943 2634 4000 Unde
2663 3944 2937 4000 subditur
2966 3961 2979 3999 :
3014 3946 3295 4001 Fortitudo
3314 3954 3364 4000 et
3394 3944 3557 4000 decor
3577 3945 3856 4000 indumen-

2205 4040 2322 4088 tum
2349 4035 2486 4106 ejus,
2507 4042 2560 4090 et
2586 4034 2796 4090 ridebit
2823 4036 2880 4089 in
2911 4034 3000 4090 die
3029 4037 3340 4091 novissimo.
3375 4034 3499 4090 Non
3551 4034 3657 4102 ait,
3693 4034 3854 4098 ridet,

2205 4122 2485 4196 quoniam
2519 4146 2546 4172 «
2581 4140 2661 4179 va:
2693 4123 2857 4178 vobis
2889 4124 2986 4196 qui
3022 4124 3228 4180 ridetis
3259 4125 3409 4194 (Luc.
3441 4122 3542 4194 vx).
3577 4147 3606 4171 υ
3641 4124 3714 4179 Et
3755 4124 3855 4179 hoc

2205 4215 2408 4268 contra
2436 4211 2568 4268 illas
2593 4229 2722 4284 quae
2744 4212 3126 4270 dissolutione
3144 4217 3200 4269 et
3220 4212 3583 4286 turpitudine
3605 4229 3744 4269 sese
3772 4214 3856 4268 in-

2205 4300 2414 4369 duunt,
2440 4306 2495 4356 et
2517 4303 2573 4356 in
2607 4301 2961 4358 cachinnum
2993 4319 3118 4358 sese
3150 4302 3476 4358 effundunt.
3491 4303 3745 4358 Sextum
3767 4303 3855 4358 de-

2203 4406 2368 4445 mum
2400 4389 2658 4446 ofﬁcium
2689 4396 2797 4458 est,
2831 4390 2984 4448 ﬁlios
3005 4396 3064 4448 et
3111 4390 3394 4448 familiam
3445 4408 3618 4448 suam
3673 4392 3737 4447 in
3775 4405 3854 4448 sa-

2202 4477 2502 4551 pientia,et
2523 4478 2581 4535 in
2603 4479 2727 4552 lege
2749 4478 2981 4535 Domini
3003 4479 3285 4552 exemplis
3302 4485 3360 4536 et
3379 4480 3573 4536 verbis
3597 4481 3851 4547 erudire,

2203 4568 2357 4624 unde
2405 4569 2714 4624 subditur:
2752 4567 2818 4623 0s
2864 4585 3026 4624 suum
3071 4571 3287 4642 aperuit
3331 4572 3650 4642 sapientiae,
3685 4579 3740 4627 et
3773 4571 3852 4626 la:

2200 4658 2507 4714 clementia:
2536 4659 2592 4712 in
2644 4658 2836 4729 lingua
2865 4659 3000 4731 ejus.
3043 4659 3188 4714 Cum
3219 4663 3414 4715 autem
3447 4658 3538 4714 lex
3569 4663 3699 4715 tam
3745 4658 3850 4715 cle-

2204 4747 2433 4802 mentite
2457 4763 2633 4818 quam
2655 4746 2899 4818 justitia
2931 4748 3027 4818 sit,
3061 4752 3259 4805 tamen
3281 4747 3376 4805 hic
3401 4747 3493 4803 lex
3529 4747 3849 4805 clementis

2203 4836 2436 4906 dicitur,
2471 4841 2536 4891 ut
2568 4835 2898 4893 meminerit
2937 4842 3203 4894 matrona
3250 4836 3646 4905 clementiam,
3680 4855 3848 4912 quam

2200 4924 2290 4980 lex
2320 4924 2596 4997 precipit,
2632 4925 2692 4980 in
2744 4925 3025 4981 famlliam
3064 4926 3297 4998 habere,
3330 4927 3483 4983 sicut
3533 4927 3846 4984 Dominum

2199 5013 2323 5070 vult
2352 5014 2609 5071 invenire
2639 5014 2984 5072 clementem
3016 5016 3076 5072 in
3108 5034 3188 5073 se.
3220 5017 3291 5072 Et
3319 5016 3429 5072 hoc
3462 5020 3677 5073 coutra
3730 5015 3846 5072 illas

2199 5102 2496 5173 mulieres,
2532 5121 2658 5176 quis
2684 5103 3048 5177 turpiloquia
3076 5108 3132 5162 et
3160 5105 3491 5179 impudicas
3524 5105 3844 5162 cantilenas

2201 5193 2454 5261 discunt,
2489 5197 2546 5249 et
2572 5192 2761 5267 legem
2792 5194 2892 5251 Dei
2924 5211 3038 5251 non
3070 5199 3298 5252 curant.
3328 5194 3664 5268 Septimum
3699 5195 3844 5252 deci-

2201 5300 2365 5340 mum
2395 5283 2654 5339 ofﬁcium
2677 5287 2784 5351 est,
2808 5301 3013 5342 omnes
3038 5286 3280 5342 semitas
3307 5285 3522 5342 domus
3555 5301 3705 5354 sua,
3737 5285 3843 5342 sive

2200 5372 2456 5441 inutiles,
2479 5371 2598 5429 sive
2627 5371 2820 5442 utiles,
2837 5373 2957 5431 sive
2986 5379 3262 5432 nocentes
3283 5375 3684 5447 considerare,
3697 5371 3842 5430 unde

2197 5461 2474 5518 subditur
2506 5479 2520 5517 :
2556 5462 2938 5520 Consideravtt
2961 5466 3182 5522 semitas
3209 5463 3396 5521 domu
3421 5471 3638 5534 suae!
3650 5473 3842 5538 panem

2196 5554 2364 5608 otiosa
2420 5568 2529 5609 non
2579 5551 2823 5623 comedit,
2856 5554 2958 5611 sed
3005 5553 3202 5628 potius
3247 5552 3549 5628 vigilando
3598 5557 3659 5610 et
3688 5553 3836 5608 labo-

2194 5642 2397 5714 rando,
2431 5640 2670 5701 semitas
2695 5659 2801 5718 per
2829 5659 2977 5720 quas
3018 5643 3239 5704 bonum
3288 5642 3491 5703 domui
3539 5640 3836 5720 provenire
