3988 6074
137 289 343 370 ’ωιτ

1319 305 1699 372 HOMILLE.
1729 305 1907 372 -—-l‘l.
1951 307 2054 370 DE
2097 307 2441 372 SANC'l‘lS.

3427 313 3583 380 1618

177 446 426 516 poterat,
461 438 705 514 aperuit,
737 444 795 496 et
825 455 923 496 eas
953 456 1056 514 per
1104 456 1249 512 quas
1301 440 1580 497 damnum
1627 439 1827 496 domui
1857 441 1911 509 Α
1944 443 2224 497 inveniet?
2254 459 2317 497 ac
2351 443 2397 497 si
2430 442 2687 514 apertius
2719 444 2906 500 dicat:
2940 445 3254 504 Ecclesiam
3287 447 3370 506 vel
3405 451 3582 508 etiam

176 531 483 605 provenire
514 534 757 604 poterat,
791 531 1098 588 obstruxit.
1128 531 1198 586 Et
1241 530 1349 587 hoc
1400 536 1602 586 contra
1658 530 1826 587 luxu-

175 621 398 678 riantes
431 621 658 690 viduas,
691 637 836 693 quas
865 620 1177 693 Apostolus
1224 620 1542 693 redarguit,
1574 621 1775 677 dicens
1809 638 1822 676 :

179 730 210 760 ‹‹
241 708 429 765 Simul
446 713 502 764 et
523 709 705 764 otiose
728 709 962 764 discunt
991 708 1237 764 circuire
1267 709 1493 777 domos,
1511 725 1614 764 nec
1633 707 1824 765 solum

173 798 397 866 otiosae,
431 799 532 855 sed
565 803 622 854 et
649 799 904 855 verbosas
935 803 991 854 et
1018 799 1259 854 curiosae
1289 798 1335 865 (Ι
1367 799 1499 854 Tim.
1531 802 1608 867 v).
1642 819 1668 848 »

243 887 585 961 Sequuntur
614 889 911 945 mercedes
942 887 1107 944 fortis
1139 887 1422 944 mulieris.
1447 888 1640 943 Prima
1672 905 1822 944 mer-

171 993 270 1033 ces
294 978 422 1049 ejus
444 982 552 1046 est,
578 977 708 1034 laus
739 976 1018 1044 filiorum,
1041 977 1196 1034 unde
1228 978 1530 1033 subditur:
1562 979 1824 1034 Surrexe—

169 1075 303 1124 runt
329 1067 442 1138 ﬁlii
467 1067 606 1140 ejus,
641 1067 914 1135 subaudi,
936 1067 1007 1122 ad
1041 1067 1224 1123 bonos
1257 1083 1469 1133 mores,
1500 1066 1743 1123 virtutes
1766 1072 1823 1122 et

170 1173 369 1230 opera.
401 1161 469 1214 Et
500 1157 868 1213 beatissimam
891 1155 1334 1228 pradicaverunt
1377 1173 1518 1224 eam,
1550 1173 1616 1212 eo
1648 1157 1822 1212 modo

170 1264 290 1321 quo
337 1246 647 1304 artificium
693 1246 971 1318 pradicet
1014 1245 1316 1313 artiﬁcem,
1351 1245 1707 1302 fabricatura
1737 1247 1820 1302 fac

166 1336 369 1404 brum,
404 1335 628 1392 factura
668 1335 967 1400 factorem,
1011 1335 1214 1406 sicque
1271 1333 1375 1390 filii
1417 1335 1563 1391 bene
1607 1335 1822 1391 eruditi

168 1430 422 1483 matrem
452 1424 847 1482 eruditricem.
879 1424 1146 1480 Secunda
1195 1424 1326 1480 laus
1377 1429 1467 1481 est
1496 1425 1623 1480 viri.
1658 1425 1822 1480 Unde

168 1515 450 1572 subditur
481 1531 493 1571 :
533 1516 626 1572 Vir
653 1515 770 1587 ejus
801 1513 1048 1569 laudavit
1083 1529 1224 1579 eam,
1268 1515 1435 1586 quasi
1477 1514 1634 1570 dicat
1667 1531 1680 1570 :
1715 1513 1818 1570 Cui

164 1606 320 1662 bene
351 1605 504 1662 credi
538 1605 726 1671 debet,
753 1609 1036 1675 tanquam
1063 1602 1149 1679 illi
1181 1603 1281 1675 qui
1313 1607 1669 1660 secretorum
1701 1621 1819 1661 sua;

163 1694 440 1768 conjugis
482 1693 734 1766 diligens
776 1697 866 1750 est
910 1697 1322 1765 perscrutator.
1357 1693 1582 1760 Quibus
1622 1699 1818 1750 autem

158 1784 360 1842 verbis
389 1801 519 1840 eam
549 1782 768 1852 laudet,
812 1782 1148 1884 ostenditur
1197 1799 1333 1838 cum
1389 1784 1771 1857 subjungitur
1803 1801 1816 1839 :
1853 1818 1898 1884 Β

161 1873 361 1940 Multa
408 1875 547 1946 ﬁliae
599 1880 1061 1945 congregaverant
1113 1871 1360 1939 divitias,
1393 1881 1453 1928 tu
1497 1882 1680 1929 autem
1725 1890 1821 1930 su-

153 1980 449 2041 pergressa
477 1979 533 2020 es
561 1964 866 2030 universas,
886 1961 1024 2034 quia
1051 1961 1317 2018 videlicet
1347 1979 1462 2019 non
1485 1962 1719 2019 fallaces
1767 1967 1824 2019 et

161 2071 370 2120 vanas,
401 2057 470 2108 ut
497 2056 734 2117 cetera,
757 2052 858 2107 sed
891 2051 1086 2123 potius
1116 2051 1454 2123 spirituales
1485 2057 1543 2108 et
1574 2057 1822 2108 aeternas

165 2145 278 2202 tibi
301 2141 690 2216 congregasti,
716 2141 870 2197 unde
899 2144 958 2196 et
977 2141 1213 2197 subdit:
1247 2142 1443 2197 Fallax
1466 2144 1669 2211 gratia,
1703 2143 1820 2198 sive

169 2236 368 2308 imago
388 2241 439 2289 et
460 2249 602 2288 vana
617 2238 696 2287 est
713 2229 1086 2302 pulchritudo.
1104 2229 1300 2286 Fallax
1333 2231 1546 2303 quippe
1579 2236 1668 2286 est
1689 2248 1820 2303 gra-

169 2325 276 2392 tia,
293 2325 413 2380 sive
445 2322 640 2395 imago
673 2318 1084 2392 temporalium
1107 2319 1625 2389 divitiarum,vana
1645 2320 1821 2377 etiam

167 2419 264 2473 est
278 2411 653 2486 pulchritudo
683 2408 1074 2483 corporalium
1105 2409 1413 2478 bonorum,
1433 2409 1572 2482 quia
1593 2409 1710 2466 sive
1731 2409 1822 2466 in-

165 2502 488 2563 terioribus
508 2498 726 2556 divitiis
746 2515 863 2555 non
883 2497 1074 2555 solum
1095 2515 1212 2554 non
1225 2503 1492 2570 prosunt,
1506 2499 1624 2555 imo
1646 2498 1821 2555 etiam

1937 531 2196 587 animam
2228 531 2286 586 in
2315 536 2399 588 tot
2431 533 2873 592 infirmitatibus
2912 536 3148 593 mollem
3179 543 3235 594 et
3261 537 3580 610 inﬁrmam,

1937 619 2068 692 quis
2099 620 2400 677 inveniens
2435 623 2646 695 poterit
2676 629 2877 680 contra
2922 626 3157 682 easdem
3211 627 3582 690 infirmitates

1936 709 2122 764 facere
2153 710 2360 766 fortem
2384 711 2412 768 ‘t
2442 713 2662 768 Procul.
2697 713 2872 778 Quasi
2903 713 3084 770 dicat:
3122 716 3314 772 Nostri
3347 736 3463 775 non
3493 725 3583 777 est

1933 799 2213 871 temporis
2262 817 2368 855 nec
2416 801 2599 857 nostri
2651 802 2882 870 similis,
2916 805 3015 859 sed
3047 806 3247 876 procul
3278 808 3580 868 intervallo

1932 886 2234 960 temporis,
2268 906 2302 944 a
2332 889 2641 946 Salomone
2687 909 2876 964 usque
2914 895 2985 949 ad
3019 897 3251 966 partum
3297 897 3576 971 Virginis.

1930 979 1996 1032 Et
2020 978 2085 1032 de
2116 979 2344 1046 ultimis,
2378 979 2590 1052 inquit,
2622 973 2842 1052 ﬁnibus'
2859 985 3098 1053 pretium
3145 986 3282 1056 ejus,
3316 988 3455 1058 quia
3490 1014 3510 1039 α
3545 1008 3580 1046 a

1930 1082 2164 1122 summo
2195 1067 2338 1123 caelo
2367 1069 2622 1141 egressio
2653 1072 2780 1142 ejus
2811 1074 2985 1140 (Psal.
3017 1073 3230 1145 xvxu).»
3265 1075 3390 1133 Non
3419 1079 3577 1136 enim

1932 1156 2196 1212 Christus
2226 1156 2383 1212 aliud
2417 1159 2667 1230 pretium
2707 1177 2810 1231 pro
2859 1162 3027 1217 nobis
3076 1163 3236 1218 dedit
3277 1182 3454 1237 quam
3483 1185 3579 1224 se-

1930 1246 2146 1318 ipsum.
2182 1246 2401 1303 Deinde
2443 1250 2816 1304 commendat
2857 1251 3173 1308 Ecclesiam
3202 1254 3290 1309 vel
3318 1255 3578 1314 animam

1929 1335 2140 1391 fortem
2173 1335 2429 1408 primum
2453 1336 2837 1409 avirtutibus,
2861 1339 3068 1396 deinde
3099 1359 3133 1396 a
3154 1343 3408 1414 praemiis
3428 1345 3575 1403 suis.

1930 1424 2193 1481 Primum
2225 1425 2407 1498 igitur
2437 1429 2812 1483 commendat
2841 1445 2970 1484 eam
3005 1430 3076 1484 de
3120 1430 3398 1490 ﬁdelitate
3441 1452 3577 1492 cum

1931 1515 2130 1570 subdit
2164 1531 2176 1569 :
2211 1515 2447 1586 Conﬁdit
2476 1519 2537 1572 in
2563 1533 2627 1572 ea
2659 1532 2750 1572 cor
2776 1520 2886 1573 viri
2910 1520 3018 1574 sui.
3041 1519 3143 1576 Vir
3170 1524 3258 1576 est
3286 1521 3576 1592 Christus,

1931 1605 2086 1660 unde
2110 1626 2137 1654 «
2160 1603 2443 1677 despondi
2464 1605 2619 1661 enim
2642 1622 2743 1662 vos
2767 1607 2869 1662 uni
2891 1607 3012 1664 viro
3041 1607 3324 1681 virginem
3354 1617 3577 1670 castam

1928 1693 2200 1750 exhibere
2257 1693 2487 1750 Christo
2535 1696 2609 1763 (II
2659 1697 2778 1752 Cor.
2829 1699 2926 1764 xu).
2964 1719 2992 1748 »
3040 1698 3308 1756 Christus
3349 1718 3486 1775 ergo
3517 1703 3577 1760 in

1929 1781 2188 1839 Ecclesia
2214 1783 2302 1840 vel
2334 1783 2393 1839 in
2425 1784 2560 1841 forti
2588 1785 2786 1842 anima
2810 1788 3068 1856 conlidit,
3102 1790 3243 1844 dum
3275 1806 3404 1846 eam
3436 1793 3578 1850 ﬂde-

1932 1871 2044 1928 lem
2077 1877 2133 1928 et
2159 1873 2217 1928 in
2249 1891 2311 1930 se
2341 1875 2728 1931 conﬁdentem
2763 1876 2998 1946 facit,ut
3021 1877 3182 1934 nulla
3207 1880 3574 1952 adversitate,

1932 1978 2036 2016 nec
2067 1963 2244 2019 etiam
2275 1962 2406 2036 ipsa
2455 1967 2658 2033 morte,
2693 1965 2765 2021 ab
2795 1983 2861 2022 eo
2891 1967 3149 2038 separari
3180 1969 3380 2040 possit.
3415 1970 3578 2026 Unde

1930 2051 2240 2123 Apostolus
2277 2069 2288 2106 :
2325 2075 2352 2101 ‹‹
2388 2052 2528 2118 Quis
2577 2071 2684 2110 nos
2732 2055 3026 2126 separabit
3056 2073 3090 2112 a
3118 2056 3399 2114 charitate
3431 2059 3578 2116 Dei?

1931 2139 2274 2210 Tribulatio,
2309 2158 2382 2196 an
2414 2142 2620 2210 fames,
2654 2160 2727 2198 an
2757 2143 2988 2216 gladius
3009 2145 3037 2201 ?
3059 2168 3087 2194 ››
3120 2147 3290 2218 (Rom.
3309 2148 3452 2220 vui.)
3485 2148 3578 2205 Se-

1931 2229 2146 2296 cundo,
2178 2247 2306 2285 eam
2355 2232 2732 2287 commendat
2777 2233 2848 2287 de
2879 2233 3236 2306 acquisione,
3272 2252 3405 2292 cum
3436 2239 3576 2294 sub-

1931 2317 2018 2373 dit
2049 2336 2062 2374 :
2091 2321 2156 2375 Et
2182 2321 2374 2392 spoliis
2401 2338 2512 2377 non
2543 2321 2828 2390 indigebit.
2863 2322 3086 2395 Spoliat
3132 2325 3349 2398 quippe
3378 2325 3578 2384 Eccle-

1933 2407 2020 2463 sia
2038 2407 2120 2463 vel
2143 2408 2417 2480 quaelibet
2445 2409 2635 2465 ﬁdelis
2666 2411 2866 2467 anima
2895 2411 3372 2483 diabolum,dum
3394 2416 3582 2488 quoti-

1932 2497 2026 2554 die
2058 2513 2092 2552 a
2122 2497 2391 2554 faucibus
2420 2499 2549 2570 ejus
2596 2516 2735 2556 vasa
2775 2500 3123 2573 captivitatis
3174 2503 3364 2576 eripit,
3391 2508 3451 2560 et
3479 2515 3578 2579 ag-

1931 2590 2136 2659 gregat
2162 2587 2324 2660 gregi
2355 2587 2658 2656 fidelium;
2692 2591 2845 2660 quod
2897 2590 3106 2659 facere,
3146 2597 3235 2648 est
3279 2593 3580 2650 victoriam

1932 2675 2144 2731 Christi
2177 2676 2413 2732 imitari.
2449 2678 2664 2744 Tertio,
2700 2681 3072 2736 commendat
3099 2697 3228 2737 eam
3253 2682 3323 2738 de
3343 2683 3584 2756 gratitu-

1933 2763 2238 2833 dine,cum
2269 2766 2496 2822 subdit:
2515 2767 2707 2824 Reddit
2722 2769 2776 2824 ei
2804 2769 3004 2826 bonum
3030 2778 3081 2826 et
3105 2786 3220 2827 non
3245 2772 3584 2830 malumom-

1931 2853 2093 2910 nibus
2122 2855 2318 2911 diebus
2347 2857 2480 2912 vitae
2501 2871 2639 2914 suae.
2675 2857 2896 2913 Reddet
2945 2857 3201 2916 Ecclesia
3237 2859 3356 2917 sive
3386 2861 3584 2920 anima

167 2593 406 2651 obsunt.
425 2591 589 2648 Unde
611 2588 915 2645 Salomon:
941 2611 970 2639 ‹‹
985 2587 1132 2655 Quid
1156 2589 1391 2661 prodest
1411 2588 1589 2645 stulto
1610 2589 1825 2645 habere

167 2681 426 2750 divitias,
461 2696 593 2736 cum
637 2677 990 2750 sapientiam
1033 2692 1228 2734 emere
1273 2695 1386 2734 non
1433 2678 1618 2751 possit
1639 2679 1819 2750 (Prov.

164 2775 330 2841 xm),
349 2793 380 2821 ω
405 2770 525 2826 imo
542 2769 718 2825 etiam
750 2771 936 2823 nocet.
957 2767 1179 2823 Divitiae
1205 2767 1263 2822 in
1289 2783 1468 2823 manu
1490 2767 1824 2840 insipientis

167 2860 404 2938 gladius
426 2857 593 2916 estin
626 2872 808 2912 manu
839 2856 1104 2912 furentis.
1129 2859 1198 2912 Et
1219 2856 1469 2912 iterum:
1505 2879 1533 2907 ‹‹
1557 2856 1823 2914 Circnlus

169 2967 389 3010 aureus
412 2947 477 3004 in
510 2946 753 3004 naribus
780 2944 1031 3014 suis,est
1060 2944 1274 3002 mulier
1302 2944 1547 3018 pulchra
1574 2950 1632 3002 et
1661 2947 1825 3003 fatua
1933 2941 2160 3000 Christo
2186 2943 2404 2999 bonum
2428 2961 2584 3013 cum,
2601 2945 3041 3018 praeceptisvitaa
3056 2949 3582 3018 muneribus,recte

170 3043 356 3116 (Prov.
389 3041 488 3108 xl).
511 3059 543 3087 »
575 3038 688 3092 Sus
717 3034 874 3091 enim
897 3033 1005 3090 etsi
1028 3034 1242 3092 habeat
1261 3033 1546 3090 circulum
1579 3051 1824 3090 aureum
1933 3031 2176 3089 vivendo
2205 3031 2256 3088 ei
2288 3034 2619 3106 respondet.
2657 3034 2768 3089 Sed
2802 3034 2939 3106 quia
2971 3035 3214 3108 quidam
3247 3039 3466 3095 bonum
3495 3039 3582 3096 fa-

168 3131 234 3188 in
267 3128 530 3194 naribus,
564 3142 682 3181 non
709 3123 840 3180 ideo
873 3123 1072 3179 minus
1120 3123 1323 3179 subdit
1365 3139 1500 3178 eum
1530 3123 1825 3180 vertendis
1861 3186 1896 3200 ﬂ
1935 3121 2234 3189 ciunt,sed
2258 3121 2401 3178 illud
2428 3123 2748 3180 intentione
2769 3141 2926 3179 vanae
2957 3124 3154 3197 gloriae
3175 3131 3580 3200 corrumpunt,

173 3186 558 3279 stercoribus.
591 3215 686 3270 Sic
715 3211 962 3286 pulchra
987 3217 1049 3268 et
1086 3213 1249 3268 fatua
1293 3212 1523 3282 mulier,
1556 3213 1825 3285 quamvis
1856 3186 1898 3254 Ο
1938 3186 2139 3266 αὰάίέε
2165 3213 2229 3267 Et
2245 3229 2356 3268 non
2374 3213 2606 3268 malum.
2630 3213 2737 3268 Sed
2761 3213 2898 3285 quia
2923 3186 3166 3286 quidam
3189 3215 3344 3274 bona
3364 3186 3588 3276 fta-ciunt;

173 3308 484 3384 splendeat
510 3321 688 3362 aurea
709 3301 1164 3376 pulchritudine,
1198 3319 1313 3358 non
1346 3301 1474 3358 ideo
1505 3301 1703 3359 minus
1734 3319 1828 3359 ve-
1940 3302 1997 3355 et
2013 3300 2166 3356 bona
2184 3300 2642 3370 intentiono,sed
2667 3319 2782 3359 non
2801 3305 3450 3375 perseveranter,addit:
3470 3306 3594 3364 0m-

174 3401 342 3456 retur
369 3411 500 3453 eam
531 3393 783 3452 subdere
829 3390 1190 3447 stercoribus
1237 3389 1501 3447 luxuriae.
1535 3391 1698 3447 Unde
1727 3409 1832 3447 au-
1940 3389 2112 3444 uilius
2142 3389 2332 3446 diebus
2353 3393 2814 3448 vitesuae.Tunc
2837 3391 3014 3465 igitur
3033 3393 3262 3450 Christo
3283 3394 3592 3468 bensgrati

184 3493 308 3546 tem
351 3485 668 3558 procedant
708 3497 854 3538 verae
901 3479 1113 3536 divitias
1154 3481 1430 3549 ostendit,
1461 3481 1606 3554 quia
1635 3497 1704 3537 ex
1733 3480 1834 3538 Dei
1943 3493 2314 3545 snmus,cum
2332 3480 2552 3536 bonum
2575 3480 2920 3554 simpliciter
2938 3486 2995 3538 et
3015 3487 3449 3555 perseveranter
3465 3501 3595 3558 ope-

186 3576 421 3642 timore,
453 3571 554 3646 qui
583 3575 675 3628 est
714 3569 949 3628 initium
990 3567 1286 3641 sapientiae
1315 3571 1487 3639 (Psal.
1519 3570 1609 3642 cx)
1635 3588 1648 3638 ;
1681 3571 1836 3626 unde

188 3663 470 3724 subditur
501 3679 514 3718 ε
547 3661 744 3717 Mulier
769 3662 967 3716 timens
1001 3659 1172 3714 Deum
1199 3660 1316 3731 ipsa
1345 3659 1680 3715 laudabitur.
1711 3663 1836 3714 Mu-
1885 3670 1887 3673 '

188 3753 300 3810 lier
329 3751 487 3808 enim
519 3765 646 3822 quae
678 3747 844 3804 timet
871 3747 1056 3803 Deum
1089 3764 1203 3804 non
1234 3746 1564 3816 servili,sed
1596 3752 1754 3804 casto
1771 3747 1839 3803 ti-

186 3857 372 3911 mere,
403 3855 534 3895 vere
576 3835 891 3893 laudabilis
933 3841 1041 3904 est,
1072 3836 1209 3908 quia
1245 3835 1583 3892 laudabitur
1625 3841 1840 3894 aeterna

187 3931 382 3989 laude.
415 3926 611 3984 Tertia
639 3941 882 3994 merces,
917 3928 1006 3980 est
1055 3925 1446 3980 remuneratio
1490 3929 1547 3981 et
1584 3942 1841 3998 praesens

188 4021 311 4079 sive
340 4019 562 4084 futura,
592 4016 746 4072 unde
793 4014 1071 4069 subditur
1104 4031 1116 4068 :
1151 4018 1288 4069 Date
1317 4016 1370 4069 ei
1398 4015 1462 4069 de
1488 4016 1675 4085 fructu
1722 4031 1840 4069 ma-

188 4123 368 4166 nuum
403 4122 653 4172 suarum,
688 4101 971 4175 quoniam
1003 4105 1059 4156 et
1085 4101 1172 4156 vir
1203 4102 1399 4157 uxoris
1429 4119 1546 4158 suaa
1579 4104 1756 4158 ﬁdem
1787 4106 1844 4158 et

187 4197 469 4255 virtutem
499 4207 990 4266 agnoscens,eam
1022 4189 1117 4245 hic
1149 4196 1484 4246 remunerat
1512 4190 1839 4256 dilectione,

187 4284 491 4345 bneﬁciis
509 4288 567 4340 et
582 4279 1072 4337 bonore.EtDeus
1089 4283 1323 4350 propter
1339 4296 1514 4351 quem
1540 4279 1727 4336 ﬁdelis
1748 4297 1841 4336 ex-
1952 4277 2188 4338 subdit:
2230 4279 2388 4332 Facta
2419 4285 2498 4332 est
2525 4281 2686 4349 quasi
2715 4281 2874 4335 navis
2906 4282 3175 4336 institoris
3200 4282 3264 4338 de
3293 4283 3449 4354 longe
3471 4298 3600 4354 por-

191 4376 367 4443 stitit,
383 4370 782 4430 remunerabit
811 4385 939 4424 eam
962 4369 1020 4422 in
1045 4368 1160 4424 ﬁne
1190 4369 1516 4424 secundum
1545 4369 1700 4440 quod
1732 4385 1847 4425 me,
1952 4374 2073 4421 tans
2099 4381 2297 4436 panem
2326 4381 2507 4419 suum.
2529 4365 2701 4421 Porro
2725 4366 3000 4436 Ecclesia,
3033 4368 3151 4424 sive
3172 4369 3361 4426 ﬁdelis
3381 4370 3600 4436 anima,

192 4466 568 4532 rui’t,aaterna
598 4461 883 4530 beataque
913 4457 1353 4530 gloriﬁcatione.
1377 4459 1594 4523 Quarta
1625 4474 1844 4513 merces
1955 4455 2029 4511 ad
2061 4454 2244 4510 instar
2276 4453 2442 4508 navis
2475 4454 2688 4509 fluctus
2719 4457 3025 4527 prasentis
3077 4457 3271 4513 seculi
3315 4457 3605 4514 desiderio

191 4559 284 4614 est
313 4554 445 4609 laus
475 4556 532 4607 et
559 4547 861 4622 praesentis
891 4551 949 4603 et
975 4547 1174 4602 aterni
1199 4547 1429 4618 judicii.
1460 4547 1623 4603 Unde
1653 4547 1851 4603 subdi-
1880 4553 1927 4619 Β
1960 4543 2190 4612 transit,
2205 4548 2262 4598 et
2281 4543 2353 4598 ad
2376 4547 2612 4615 portum
2644 4542 2852 4599 salutis
2873 4545 3079 4611 tendit,
3097 4549 3161 4600 ut
3180 4561 3402 4602 merces
3423 4546 3606 4603 bonas

196 4651 295 4702 uir
323 4661 338 4698 :
370 4643 437 4698 Et
465 4639 688 4697 laudent
725 4653 847 4694 eam
888 4637 949 4690 in
993 4637 1163 4707 portis
1203 4652 1366 4708 opera
1395 4637 1530 4708 ejus.
1565 4637 1849 4703 Quoniam
1961 4636 2282 4688 commutet
2312 4632 2371 4686 in
2403 4632 3114 4700 meliores,etdeterrenis
3136 4638 3291 4690 emat
3319 4633 3607 4691 caelestes.

193 4738 256 4791 st
283 4733 379 4788 hic
409 4734 710 4788 senatores
744 4723 1074 4782 laudabunt
1101 4723 1161 4778 in
1193 4723 1438 4780 concilio
1469 4742 1576 4780 suo
1606 4725 1850 4782 virtutes
1958 4721 2284 4777 Etinterim
2316 4739 2388 4776 ne
2417 4721 2666 4790 deficiat,
2683 4738 2893 4794 panem
2915 4722 3074 4778 verbi
3093 4723 3272 4779 divini
3291 4739 3493 4780 secum
3516 4724 3608 4780 de-

195 4819 484 4894 sapientis
515 4813 801 4884 mulieris,
835 4817 893 4870 et
921 4813 982 4870 in
1023 4829 1236 4886 magno
1285 4812 1497 4885 judicii
1549 4812 1641 4868 die
1695 4813 1850 4870 Dens
1959 4811 2090 4881 fert,
2124 4827 2239 4881 quo
2271 4827 2334 4866 se
2364 4811 2668 4866 confortat.
2703 4812 2899 4880 Sexto,
2931 4811 3306 4868 commendat
3359 4828 3488 4868 eam
3536 4811 3609 4868 de

198 4910 470 4968 omnium
505 4907 688 4980 judex
715 4907 775 4961 et
804 4906 1206 4960 remunerator
1256 4901 1522 4958 laudabit
1573 4919 1724 4970 eam,
1757 4903 1850 4958 di-
1953 4899 2353 4958 sollicitudine
2406 4901 2671 4955 fraterna:
2729 4899 3052 4968 charitatis,
3085 4916 3220 4956 cum
3258 4900 3503 4957 subdit:
3534 4901 3610 4957 De

199 4998 386 5056 cendo
415 4995 468 5054 ei
497 5001 554 5052 et
578 4993 801 5050 caeteris
845 4991 1028 5065 justis
1059 5009 1072 5048 :
1109 5013 1138 5042 «
1171 4991 1392 5058 Venite,
1425 4992 1714 5048 benedicti
1747 4992 1849 5048 Pa-
1958 4998 2112 5046 nocte
2139 4990 2441 5057 consurgit,
2473 4988 2723 5060 deditque
2749 4989 2999 5061 praedam
3048 4991 3353 5047 domesticis
3389 4991 3530 5056 suis,
3559 4997 3614 5047 et

195 5087 312 5145 tris
343 5085 478 5154 mei,
501 5083 777 5157 percipite
807 5097 1054 5155 regnum
1085 5081 1239 5154 quod
1269 5080 1436 5137 vobis
1463 5085 1732 5153 paratum
1762 5085 1853 5137 est
1959 5080 2175 5136 cibaria
2228 5078 2450 5133 ancillis
2507 5080 2644 5134 suis.
2695 5078 2789 5134 Sic
2846 5078 3120 5150 quaelibet
3174 5078 3365 5136 ﬁdelis
3416 5079 3614 5136 anima

197 5176 534 5250 ab-origine
565 5172 772 5230 mundi
802 5171 1008 5246 (Matth.
1039 5170 1191 5242 xxv).
1231 5193 1257 5219 ››
1963 5171 2200 5241 propter
2253 5165 2506 5223 salutem
2565 5166 2985 5239 proximorum,
3019 5186 3054 5224 a
3097 5168 3292 5240 quiete
3348 5172 3616 5226 contem-

273 5265 518 5340 Mystice
545 5281 700 5330 vero,
730 5262 936 5318 videns
966 5259 1238 5318 Salomon
1285 5275 1473 5332 genus
1523 5258 1852 5315 humanum
1963 5255 2237 5329 plationis
2279 5273 2396 5312 sua
2452 5255 2664 5328 surgit,
2698 5259 2754 5310 et
2809 5257 2909 5313 dat
2965 5258 3219 5329 praedam
3278 5256 3618 5315 domesticis

199 5358 294 5414 tot
320 5354 618 5411 erroribus
666 5350 1057 5424 implicatum,
1089 5354 1146 5406 et
1178 5348 1334 5422 quod
1365 5348 1541 5404 homo
1573 5349 1631 5404 in
1663 5349 1855 5405 carnis
1963 5345 2110 5412 suis,
2141 5362 2274 5400 cum
2307 5362 2406 5400 eos
2437 5362 2586 5416 quos
2618 5344 2888 5402 diabolus
2919 5341 3211 5418 rapuerat,
3230 5347 3500 5404 fidelibus
3523 5347 3622 5405 ad-

206 5443 549 5501 inﬁrmitate
579 5447 635 5498 et
664 5441 724 5497 in
755 5440 1085 5497 lubricitate
1114 5439 1425 5494 mundanae
1455 5437 1582 5492 vitae
1614 5442 1671 5492 et
1706 5437 1858 5493 inter
1955 5433 2494 5507 jungit.Etcibaria
2511 5433 3302 5505 ancillis,cuminﬁrmiores,
3322 5434 3470 5492 nein
3490 5452 3622 5506 ope—

204 5533 558 5592 tentationee
588 5529 836 5603 positus,
869 5534 927 5586 et
955 5530 1108 5602 quod
1159 5532 1394 5601 peccato
1441 5525 1535 5580 vix
1584 5526 1856 5582 resistere
1961 5541 2024 5580 re
2055 5524 2469 5580 mandatorum
2502 5523 2600 5579 Dei
2634 5523 2978 5589 lassescant,
3003 5529 3296 5580 sustentat
3324 5529 3384 5580 et
3407 5523 3611 5580 reﬁcit.

201 5607 415 5696 possit,
431 5618 818 5692 conqueritur
837 5622 894 5674 et
909 5618 1118 5690 quierit
1149 5635 1162 5673 :
1195 5618 1486 5675 Mulierem
1513 5616 1708 5686 fortem
1735 5617 1856 5687 quis
1965 5613 2246 5686 Septimo,
2263 5613 2332 5668 de
2349 5611 2636 5685 spirituali
2660 5613 3048 5686 negotiatione
3070 5629 3198 5670 eam
3221 5614 3614 5678 commendat,

1945 3583 2164 3622 ramur.
2181 3570 2394 3634 Quarto
2424 3572 2798 3626 commendat
2825 3587 2956 3627 eam
2977 3572 3048 3627 de
3064 3572 3262 3629 studio
3293 3571 3597 3644 praesentis

1945 3655 2301 3729 operationis
2331 3673 2465 3711 cum
2497 3658 2700 3714 subdit
2733 3675 2745 3714 :
2779 3661 3050 3727 Quaesivit
3077 3661 3284 3732 lanam,
3315 3668 3367 3718 et
3392 3662 3594 3728 linum,

1945 3755 1996 3802 et
2025 3753 2247 3818 operata
2273 3754 2353 3802 est
2373 3748 2604 3802 consilio
2632 3764 2902 3803 manuum
2927 3766 3176 3805 suarum.
3193 3750 3369 3806 Porro
3403 3750 3596 3808 Eccle-

1949 3833 2159 3905 sia,vel
2176 3851 2540 3906 unaquaeque
2562 3835 2752 3891 fidelis
2776 3837 2991 3905 anima,
3008 3842 3149 3894 tunc
3171 3838 3380 3910 quarit
3400 3838 3598 3897 lanam

1949 3923 2479 3995 etlinum,quando
2513 3925 2569 3978 in
2602 3924 2978 3997 simplicitate
3006 3927 3225 3996 vitae,et
3255 3929 3314 3984 in
3345 3927 3596 4002 castiga-

1951 4012 2108 4070 tione
2137 4011 2330 4068 carnis
2373 4013 2586 4079 studet,
2621 4017 2676 4068 et
2705 4013 2764 4067 in
2796 4013 2888 4070 his
2917 4016 3234 4086 prudenter
3260 4032 3323 4073 se
3351 4021 3594 4085 exercet,

1951 4117 2024 4158 ne
2056 4101 2201 4155 citra
2230 4105 2531 4156 remaneat
2568 4100 2656 4157 vel
2708 4101 2861 4157 ultra
2907 4103 3163 4158 excedat.
3197 4104 3408 4170 Quinto
3439 4120 3597 4161 com-

1952 4189 2332 4246 mendateam
2355 4189 2425 4243 de
2449 4189 2598 4244 bono
2622 4190 2916 4262 proposito
2937 4196 2994 4246 et
3013 4193 3599 4262 perseverantia,cum
