3984 6082
407 266 564 334 1619

1656 267 2099 333 RADULPHIS
2142 267 2559 344 ARDENTIS.

3656 267 3823 334 1620

407 422 544 463 cum
574 403 774 461 subdit
801 419 814 460 :
852 402 1232 462 Consideravit
1287 422 1483 478 agrum
1529 413 1580 461 et
1625 407 1756 461 emit
1805 423 1948 460 eum.
1981 407 2054 462 De
2081 403 2137 472 Α
2163 408 2296 460 Haec
2324 403 2614 478 significat
2643 403 3006 462 diversarum
3028 403 3310 460 virtutum
3327 403 3823 478 varietatem,qua

405 498 592 569 fructu
619 511 887 550 manu-um
922 512 1152 552 suarum
1193 496 1468 567 plantavit
1511 496 1746 551 vineam.
1779 495 2054 551 Conside-

408 583 556 642 ravit
605 583 762 640 enim
813 585 1111 657 primitiva
1159 584 1434 654 Ecclesia,
1469 587 1524 640 et
1554 585 1746 641 adhuc
1797 585 2056 658 quotidie

409 690 653 747 quisque
700 673 890 729 fidelis
946 675 1162 743 anima,
1196 675 1486 730 mundum
1544 674 1730 747 spinis
1775 675 2052 731 vitiorum

408 762 735 829 horridum,
760 765 818 818 et
837 762 979 818 emit
999 779 1155 831 eum,
1181 781 1314 820 cum
1336 762 1622 820 talentum
1643 764 1803 819 verbi
1834 764 2057 820 audito-

408 851 574 908 ribus
593 850 788 906 tradit.
815 853 885 906 Et
904 851 963 906 in
996 852 1197 908 eodem
1229 869 1366 925 agro
1398 852 1682 925 plantavit
1709 854 1962 922 vineam,
1994 853 2055 909 id

410 944 518 1007 est,
551 939 870 996 Ecclesium
909 957 1086 1013 quam
1117 943 1188 998 de
1219 942 1410 998 fructu
1470 959 1752 998 manuum
1813 961 2054 1000 suarum

411 1027 710 1104 plantavit,
745 1029 884 1101 quia
911 1046 1029 1085 non
1061 1029 1251 1086 solum
1280 1031 1491 1100 verbis,
1526 1034 1626 1088 sed
1658 1032 1838 1088 etiam
1886 1033 2058 1089 factis

413 1123 471 1176 ct
498 1117 816 1174 virtutibus
845 1120 1152 1176 conﬁrmat
1194 1137 1343 1176 eam.
1377 1120 1586 1178 Octavo
1617 1122 1688 1177 de
1716 1121 2057 1178 fortitudine

412 1225 541 1265 eam
573 1208 963 1276 commendat,
996 1226 1129 1264 cum
1160 1209 1359 1264 subdit
1393 1225 1405 1263 :
1438 1211 1690 1267 Accinxit
1729 1213 2058 1283 fortiludine

415 1297 623 1354 lumbos
651 1313 790 1364 suos,
827 1298 1010 1354 ﬂuxas
1043 1297 1262 1354 scilicet
1288 1298 1616 1371 voluptates
1643 1304 1699 1355 et
1728 1299 2055 1357 voluntates

410 1386 626 1442 virtute
655 1387 1026 1442 continentiae
1049 1387 1107 1442 in
1140 1405 1202 1443 se
1233 1388 1655 1461 restringendo.
1691 1395 1758 1446 Et
1785 1393 2061 1448 roboravit

416 1477 703 1532 brachium
722 1493 904 1538 suum.
927 1476 1000 1531 ad
1031 1476 1385 1549 perficienda
1411 1476 1694 1534 virtutum
1726 1496 1902 1552 opera
1930 1497 2058 1536 sese

415 1566 896 1638 praparando.Et
911 1566 1058 1621 bene
1080 1565 1269 1638 primo
1290 1565 1524 1621 lumbos
1547 1569 1814 1636 accinxit,
1839 1574 1895 1624 et
1924 1575 2058 1642 post

413 1655 719 1712 brachium
752 1654 1060 1720 roboravit,
1090 1655 1229 1727 quia
1258 1655 1477 1711 bonum
1509 1673 1656 1728 opus
1685 1658 1840 1730 apud
1872 1659 2054 1714 Deum

2165 498 2367 550 sancta
2396 493 2654 551 Ecclesia
2679 493 2770 551 vel
2800 493 2989 550 fidelis
3041 494 3240 550 anima
3269 495 3598 551 decoratur.
3635 495 3822 552 Juxta

2162 583 2335 638 illud:
2367 584 2608 639 «Astitit
2632 585 2834 658 regina
2855 602 2889 640 a
2911 583 3128 641 dextris
3159 583 3277 640 tuis
3307 585 3368 638 in
3398 586 3610 640 vestitu
3636 585 3819 641 deau~

2165 677 2310 740 rato,
2358 673 2719 730 circumdata
2777 673 3053 730 varietate
3095 674 3271 743 (Psal.
3301 678 3473 742 κων).
3507 696 3537 724 ››
3570 675 3818 748 Byssus,

2164 762 2672 818 exercitationibus
2704 762 2908 819 multis
2939 763 3010 818 ad
3045 763 3358 818 candorem
3391 764 3649 820 ducitur.
3680 765 3820 820 Pur-

2163 869 2310 923 pura
2331 853 2402 908 de
2425 852 2710 926 sanguine
2735 851 2976 908 muricis
2997 851 3648 925 tingitur.Ecclesia,vel
3670 853 3817 910 ﬁde-

2163 939 2235 996 lis
2259 940 2473 1008 anima,
2493 945 2632 996 tunc
2655 942 2828 1014 bysso
2850 945 2906 996 et
2931 959 3193 1014 purpura
3217 941 3658 1010 induitur,cum
3681 960 3816 999 can-

2163 1031 2302 1086 dore
2351 1030 2640 1086 castitatis
2696 1035 2754 1086 et
2811 1031 3096 1104 sanguine
3156 1032 3418 1104 martyrii
3474 1037 3812 1088 exornatur.

2163 1121 2378 1186 Quarto
2391 1119 2637 1188 decimo,
2654 1120 2725 1176 de
2736 1120 3040 1176 nobilitate
3051 1121 3250 1193 sponsi
3269 1121 3648 1177 commendat
3664 1139 3810 1190 eam,

2164 1225 2297 1266 cum
2320 1209 2518 1264 subdit
2542 1227 2554 1264 :
2577 1211 2794 1266 Nobilis
2825 1212 2886 1265 in
2908 1212 3084 1282 portis
3105 1211 3190 1265 vir
3207 1211 3322 1283 ejus
3343 1226 3467 1265 cum
3481 1211 3816 1267 sederitcum

2163 1299 2502 1355 senatoribus
2514 1306 2694 1356 terrae.
2704 1299 2778 1355 Po
2786 1305 2906 1356 rtas
2917 1300 3109 1370 vocatj
3119 1299 3376 1356 udicium
3387 1342 3401 1366 ,
3415 1317 3480 1356 eo
3495 1301 3655 1372 quod
3671 1301 3814 1356 anti-

2167 1389 2338 1460 quiin
2362 1387 2546 1460 portis
2572 1387 2914 1444 indicabant
2935 1393 3000 1444 ut
3021 1387 3452 1460 requirentibus
3485 1394 3701 1462 praesto
3730 1408 3816 1446 es-

2166 1481 2315 1534 sent.
2333 1478 2534 1550 Itaque
2549 1477 2810 1533 Christus
2824 1478 2924 1551 qui
2939 1482 3072 1534 ante
3088 1477 3343 1533 tribunal
3366 1479 3534 1535 Pilati
3549 1481 3820 1552 apparuit

2167 1565 2536 1639 ignobilis,in
2547 1565 2772 1636 judicio
2803 1571 2860 1622 et
2890 1565 2947 1621 in
2979 1567 3162 1639 portis
3191 1571 3416 1622 aeternae
3447 1567 3704 1624 civitatis
3722 1587 3819 1642 ap-

2167 1654 2394 1728 parebit
2441 1655 2656 1710 nobilis
2689 1660 2746 1711 et
2775 1655 3067 1728 gloriosus
3099 1673 3232 1712 cum
3265 1655 3569 1728 apostolis,
3605 1662 3666 1714 et
3689 1675 3820 1714 cum

413 1761 528 1800 non
551 1744 850 1816 accipitur,
875 1743 990 1800 nisi
1021 1744 1182 1816 prius
1213 1743 1443 1800 luxuria
1475 1746 1880 1818 restringatur.
1914 1748 2058 1804 Hinc
2090 1781 2138 1846 B
2167 1744 2251 1800 eis
2282 1744 2382 1816 qui
2413 1761 2547 1799 eum
2579 1745 2816 1800 fuerunt
2853 1744 3058 1812 secuti,
3084 1746 3254 1817 juxta
3285 1745 3428 1801 illud
3465 1763 3478 1800 :
3514 1769 3543 1797 «
3571 1746 3692 1803 Vos
3725 1749 3824 1820 qui

415 1833 700 1906 scriptum
731 1838 820 1889 est
852 1851 865 1888 :
904 1856 931 1884 «
965 1833 1092 1889 Sint
1118 1833 1304 1889 lumbi
1335 1835 1509 1890 vestri
1541 1837 1854 1908 praecincti,
1888 1843 1943 1893 et
1971 1837 2060 1892 lu-

416 1941 602 1980 cernae
657 1923 927 1979 ardentes
985 1923 1042 1977 in
1102 1923 1376 1979 manibus
1435 1924 1643 1980 vestris
1691 1930 1841 1996 (Luc.
1878 1930 1995 1996 xu).
2033 1951 2060 1977 »

416 2013 580 2070 Nono
611 2029 740 2069 eam
791 2012 1161 2068 commendat
1191 2013 1260 2068 de
1289 2011 1613 2086 vigilantia,
1647 2031 1779 2069 cum
1813 2016 2014 2072 subdit
2045 2034 2058 2072 :

420 2103 682 2173 Gustavit,
713 2110 765 2158 et
789 2101 927 2158 vidit
979 2104 1236 2172 quoniam
1297 2104 1436 2157 bona
1481 2110 1562 2158 est
1597 2106 1890 2172 negotiatio
1924 2107 2060 2179 ejus,

419 2191 642 2249 scilicet
669 2191 813 2246 alios
845 2190 1207 2262 acquirendi,
1240 2195 1295 2246 et
1343 2189 1598 2263 seipsam
1648 2192 1972 2266 castigandi
2008 2201 2065 2251 et

417 2279 742 2337 exercendi.
773 2280 891 2335 Non
937 2280 1315 2348 exstinguetur
1361 2281 1420 2334 in
1457 2288 1608 2336 nocte
1656 2282 1880 2338 lucerna
1925 2285 2078 2356 ejus,‘

419 2369 558 2443 quia
587 2368 739 2424 sicut
764 2367 967 2441 vigilat
991 2367 1049 2422 in
1081 2367 1175 2424 die
1203 2369 1449 2424 fratrum
1497 2369 1833 2438 eruditioni,
1867 2373 1947 2428 ita
1975 2373 2064 2428 vi-

419 2459 561 2532 gilat
590 2457 650 2513 in
679 2461 846 2513 nocte
876 2457 1122 2530 propria:
1152 2456 1409 2526 utilitati,
1445 2458 1803 2530 psalmodiae,
1827 2461 2062 2518 lectioni

419 2551 477 2605 et
521 2545 1018 2619 contemplationi.
1075 2545 1331 2612 Decimo,
1381 2563 1509 2603 eam
1569 2551 1942 2606 commendat
1993 2553 2063 2609 de

419 2637 552 2694 forti
585 2636 938 2710 operatione,
968 2652 1102 2691 cum
1143 2635 1343 2691 subdit
1373 2653 1386 2691 :
1419 2642 1649 2694 Manum
1702 2656 1861 2695 suam
1914 2644 2068 2698 misit

419 2727 489 2782 ad
507 2729 695 2799 fortia.
725 2725 920 2780 Fortia
948 2742 1123 2798 opera
1147 2729 1286 2780 sunt
1314 2743 1487 2798 opera
1517 2728 1781 2799 perfectae
1814 2729 2063 2787 charita-

418 2815 515 2885 tis,
550 2819 616 2870 ut
643 2815 980 2870 benefacere
1028 2813 1119 2870 his
1170 2814 1267 2886 qui
1317 2815 1566 2870 oderunt
1609 2833 1715 2871 nos
1745 2817 1949 2890 (Matth.
1982 2825 2060 2888 v),

420 2908 477 2960 et
504 2905 751 2960 vendere
780 2901 978 2958 omnia
1005 2905 1062 2958 et
1109 2903 1247 2958 dare
1295 2903 1651 2976 pauperibus
1679 2907 1890 2974 (Matth.
1923 2909 2059 2980 χιχ).

418 2994 565 3050 Nam
598 3010 700 3066 per
726 2991 1067 3064 hujusmodi
1100 3008 1276 3063 opera
1305 3015 1333 3042 ‹‹
1358 3009 1603 3064 regnum
1635 2995 1912 3051 caelorum
1943 2998 2061 3054 vim

417 3081 655 3156 patitur,
688 3086 746 3138 et
773 3080 1011 3137 violenti
1041 3080 1277 3153 rapiunt
1305 3080 1447 3136 illud
1481 3082 1684 3154 (Matth.
1712 3088 1849 3153 x0.»
1881 3089 1954 3142 Et
1981 3087 2064 3143 di-

2173 1834 2315 1890 estis
2347 1833 2526 1889 secuti
2569 1849 2682 1900 me,
2717 1833 2993 1890 sedebitis
3043 1851 3222 1907 super
3270 1835 3438 1891 sedes
3485 1836 3820 1905 duodecim,

2163 1923 2497 1994 judicantes
2555 1922 2860 1978 duodecim
2905 1923 3096 1979 tribus
3147 1923 3322 1980 Israel
3368 1927 3586 1993 (Matth.
3619 1931 3761 1995 XIX).
3795 1949 3824 1976 ιι

2173 2012 2384 2078 Quinto
2418 2011 2662 2079 decimo,
2680 2012 2750 2067 de
2772 2011 3036 2068 doctrina
3052 2013 3482 2085 praedicationis
3504 2031 3638 2070 eam
3667 2032 3825 2072 com-

2173 2102 2412 2157 mendat
2463 2118 2597 2156 cum
2655 2101 2877 2168 subdit,
2909 2101 3205 2158 Sindonem
3239 2105 3368 2174 fecit
3394 2112 3446 2159 et
3471 2105 3746 2173 vendidit,
3778 2116 3828 2162 et

2172 2191 2458 2260 cingulum
2489 2191 2718 2246 tradidit
2751 2192 3081 2248 Chananxo.
3120 2192 3183 2246 In
3214 2191 3508 2248 intexione
3557 2193 3828 2251 sindonis

2174 2280 2538 2352 significatur
2594 2279 2809 2336 intexio
2869 2279 3304 2351 predicationis.
3357 2281 3518 2338 Hanc
3572 2282 3830 2339 Ecclesia

2173 2369 2329 2436 fecit,
2355 2373 2410 2424 et
2440 2367 2718 2423 vendidit.
2745 2369 2892 2434 Quia
2920 2373 3140 2425 textum
3173 2370 3450 2426 doctrina:
3479 2372 3827 2445 evangelica

2173 2474 2346 2531 quem
2379 2457 2727 2529 composuit,
2751 2463 2810 2513 et
2825 2457 3079 2529 scripsit,
3095 2463 3153 2514 et
3168 2459 3444 2531 gentibus
3471 2462 3830 2530 vendidit,et

2173 2548 2244 2603 ab
2276 2546 2361 2602 eis
2392 2551 2663 2602 mutuum
2695 2547 2998 2602 charitatis
3038 2548 3279 2620 accepit.
3313 2549 3703 2619 Chananeus,
3733 2552 3828 2624 qui

2172 2636 2588 2708 interpretatur
2637 2644 3015 2703 commutatus,
3067 2642 3158 2693 est
3233 2637 3488 2710 populus
3568 2640 3826 2713 gentilis.

2172 2723 2483 2796 Cingulum
2517 2725 2810 2797 significat
2833 2729 2934 2780 aut
2955 2725 3504 2792 castimoniam,aut
3526 2727 3826 2795 militiam,

2173 2818 2274 2870 aut
2299 2813 2769 2886 negotiationem.
2788 2813 3000 2870 Sancta
3024 2814 3206 2888 igitur
3225 2814 3504 2882 Ecclesia,
3519 2817 3826 2891 cingulum

2172 2903 2496 2959 Chananzeo
2555 2903 2816 2970 tradidit,
2851 2903 2992 2974 quia
3047 2903 3327 2976 gentilem
3387 2905 3702 2977 populum,
3735 2908 3826 2963 cui

2169 2996 2394 3049 textum
2438 2991 2779 3063 evangelicae
2827 2991 3101 3047 doctrinae
3146 2992 3405 3060 tradidit,
3440 2994 3516 3049 ad
3550 2996 3825 3052 castimo-

2171 3083 2351 3149 niam,
2375 3081 2447 3136 ad
2480 3079 2870 3145 malitiam,ad
2905 3081 3357 3153 negotiationem
3384 3083 3724 3140 divinorum
3742 3090 3826 3140 ta-

416 3149 536 3244 biti,
569 3149 782 3244 inquit,
813 3171 931 3243 ejus
973 3149 1447 3243 apprehenderunt
1478 3149 1686 3243 fusum.
1722 3149 1873 3230 sane
1899 3175 2060 3232 colus
2089 3149 2132 3216 θ
2171 3171 2460 3226 lentorum
2494 3169 2762 3225 accinxit.
2799 3149 3244 3226 Sexto'decimo
3287 3187 3418 3226 eam
3449 3175 3824 3230 commendat

415 3262 583 3319 estin
606 3261 867 3328 sinistra,
896 3260 1062 3314 fusus
1092 3259 1150 3313 in
1182 3259 1434 3314 dextera.
1461 3260 1566 3315 Per
1593 3261 1894 3318 sinistram
1926 3281 2059 3320 vero

413 3351 532 3407 vita
561 3365 836 3424 praesens,
869 3365 970 3420 per
1008 3349 1304 3404 dexteram
1353 3365 1484 3404 vero
1517 3349 1633 3404 vita
1663 3354 1876 3407 aeterna
1906 3353 2058 3410 desi-

414 3439 824 3514 gnatur.Tunc
854 3453 990 3509 ergo
1022 3436 1218 3492 lanam
1241 3437 1310 3492 de
1335 3435 1552 3501 colo,id
1576 3442 1664 3493 est
1684 3439 1881 3496 fusum
1903 3442 2060 3498 desi-

413 3528 601 3586 nistra
647 3526 708 3582 in
757 3527 1074 3592 dexteram,
1107 3526 1495 3592 traducimus,
1527 3543 1661 3583 cum
1717 3531 2060 3602 temporalia

413 3618 568 3672 bona
587 3631 690 3687 per
711 3631 885 3687 opera
914 3612 1324 3669 misericordiae
1357 3614 1434 3684 ad~
1461 3614 1721 3672 caelestes
1753 3616 2059 3675 thesauros

412 3704 844 3762 transferimus.
879 3702 1195 3760 Undecimo
1221 3705 1596 3759 commendat
1625 3721 1752 3761 eam
1781 3707 1850 3762 de
1883 3707 2056 3764 mise-

415 3792 684 3860 ricordia,
717 3808 846 3848 cum
879 3791 1080 3848 subdit
1111 3807 1124 3845 :
1159 3797 1388 3849 Man-um
1432 3809 1590 3848 suam
1638 3797 1856 3865 aperuit
1883 3798 2054 3868 inopi,

415 3890 468 3940 et
488 3883 705 3954 palmas
733 3898 860 3937 suas
887 3879 1131 3936 extendit
1159 3880 1230 3936 ad
1255 3896 1563 3953 pauperem,
1597 3882 1735 3954 quia
1791 3883 2060 3942 videlicet

413 3974 616 4029 sancta
636 3969 894 4026 Ecclesia
911 3968 999 4025 vel
1021 3985 1384 4040 unaquaeque
1413 3969 1610 4025 anima
1629 3971 1818 4027 fidelis
1850 3974 2056 4029 anima:

410 4059 694 4134 indigenti
752 4062 809 4114 et
863 4058 1099 4130 petenti,
1153 4074 1396 4114 manum
1449 4059 1773 4130 spiritualis
1829 4063 2056 4118 consilii

411 4153 587 4222 atque
635 4146 1039 4204 instructionis
1087 4147 1290 4219 aperit.
1325 4147 1388 4202 Ei
1417 4164 1552 4204 vero
1583 4165 1711 4220 quas
1745 4166 1850 4206 nec
1880 4151 2057 4208 etiam

407 4237 670 4309 indigere
691 4251 752 4291 se
773 4235 950 4303 novit,
975 4235 1402 4307 eleemosynam
1425 4235 1699 4292 doctrinas
1723 4242 1930 4310 sponte
1952 4240 2059 4296 lar-

409 4326 588 4400 gitur,
622 4325 808 4394 otl‘ert,
839 4328 897 4380 et
926 4324 1197 4380 ostendit.

481 4413 836 4470 Duodecimo
867 4429 992 4468 eam
1039 4414 1109 4468 de
1157 4412 1439 4468 charitate
1494 4415 1885 4484 commendat,
1919 4435 2054 4473 cum

2169 3261 2242 3316 de
2273 3259 2632 3326 fortitudine,
2669 3265 2725 3314 et
2755 3260 2960 3314 decore
2991 3276 3123 3316 cum
3155 3260 3356 3316 subdit
3388 3277 3405 3317 :
3434 3263 3744 3330 Fortitudo,
3774 3273 3818 3320 et

2167 3348 2325 3405 decor
2372 3349 2753 3404 indumentum
2799 3350 2934 3420 ejus.
2971 3347 3227 3404 Ecclesia
3266 3349 3484 3422 quippe
3513 3351 3605 3407 vel
3639 3352 3820 3409 ﬁdelis

2168 3438 2368 3494 anima
2395 3437 2662 3492 decorem
2695 3437 2870 3492 habet
2895 3435 3294 3492 sanctimonia:
3325 3442 3381 3493 et
3414 3438 3821 3505 honestatis,et

2170 3525 2571 3581 fortitudinem
2603 3525 2916 3597 patientiae,
2935 3525 3213 3596 quoniam
3237 3528 3711 3599 persecutionem
3734 3547 3820 3602 pa-

2166 3614 2312 3671 titur
2339 3618 2576 3686 propter
2611 3614 2928 3684 justitiam.
2963 3615 3029 3669 Et
3059 3614 3187 3670 ideo
3218 3632 3344 3688 quae
3387 3633 3547 3672 nunc
3577 3617 3738 3674 dolet
3764 3618 3818 3674 in

2168 3703 2502 3769 certamine,
2537 3703 2750 3758 ridebit
2795 3703 2856 3758 in
2904 3703 3222 3759 novissimo
3273 3703 3383 3771 die,
3409 3705 3586 3775 juxta
3627 3706 3816 3763 illud:

2168 3816 2195 3844 κ
2225 3792 2382 3848 Beati
2413 3792 2512 3865 qui
2559 3810 2714 3848 nunc
2763 3793 2936 3861 fletis,
2971 3793 3111 3865 quia
3168 3792 3434 3850 ridebitis
3465 3797 3623 3862 (Luc.
3659 3797 3756 3866 vt).
3793 3819 3818 3846 ››

2167 3882 2426 3956 Septimo
2467 3883 2691 3938 decimo
2741 3899 2869 3939 eam
2921 3883 3296 3938 commendat
3325 3883 3394 3938 de
3424 3884 3702 3941 doctrina
3727 3902 3820 3942 sa-

2167 3971 2395 4044 pientiae
2427 3975 2484 4026 et
2512 3971 2660 4043 legis
2718 3987 2853 4027 cum
2912 3971 3112 4027 subdit
3145 3987 3158 4027 :
3193 3970 3260 4027 Os
3287 3988 3450 4027 suum
3481 3975 3708 4045 aperuit
3733 3991 3820 4030 sa-

2161 4063 2392 4132 pientia,
2410 4060 2658 4116 subaudi
2693 4061 2985 4128 docendae,
2995 4061 3168 4131 juxta
3194 4059 3338 4116 illud
3358 4060 3523 4116 Pauli
3542 4079 3600 4116 :«
3619 4063 3822 4120 Omnis

2167 4166 2359 4205 sermo
2381 4149 2573 4205 malus
2595 4150 2665 4204 de
2686 4167 2782 4205 ore
2803 4154 2994 4205 vestro
3025 4166 3139 4204 non
3174 4150 3466 4222 procedat,
3484 4151 3587 4207 sed
3616 4152 3666 4207 si
3693 4152 3821 4225 quis

2165 4244 2254 4294 est
2275 4239 2464 4294 bonus
2486 4239 2555 4294 ad
2580 4239 3023 4295 azdificationem
3054 4238 3209 4306 fidei,
3226 4243 3291 4294 ut
3320 4238 3416 4295 det
3445 4239 3706 4312 gratiam
3729 4259 3822 4298 au-

2166 4327 2453 4382 ditoribus
2475 4327 2666 4400 (Ephes
2701 4327 2836 4400 Iv).»
2853 4326 2954 4383 Vel
2969 4345 3034 4384 os
3055 4327 3247 4384 cordis
3265 4329 3494 4400 aperuit
3515 4330 3818 4402 sapientia:

2167 4415 2550 4488 suscipiendae
2585 4433 2701 4488 qua
2732 4415 2878 4472 alios
2908 4417 3156 4473 doceret.
3190 4417 3257 4473 Et
3286 4417 3374 4472 lea:
3420 4418 3738 4478 clementiae
3763 4423 3817 4476 in

409 4502 609 4560 subdit
639 4519 651 4558 :
686 4507 806 4561 Non
863 4503 1074 4558 timebit
1118 4501 1308 4557 domui
1346 4517 1467 4559 sua?
1492 4520 1525 4556 α
1552 4505 1854 4574 frigoribus
1883 4508 2050 4562 nivis.
2084 4521 2130 4585 D
2163 4506 2355 4576 lingua
2375 4506 2512 4576 ejus,
2538 4505 2594 4560 id
2627 4509 2718 4561 est
2747 4505 3316 4579 Evangelium,quod
3349 4506 3519 4562 docet
3551 4509 3816 4579 peccanti

407 4593 515 4649 Nix
545 4595 632 4648 est
661 4591 1065 4663 diabolus,qui
1091 4591 1162 4646 ob
1193 4590 1526 4662 superbiam
1559 4593 1774 4649 cadens
1795 4595 1865 4650 de
1888 4596 2053 4669 ccelo,

407 4681 478 4738 ad
510 4681 624 4736 huc
653 4682 1034 4754 transfigurat
1063 4697 1126 4735 se
1153 4679 1212 4734 in
1245 4679 1518 4752 angelum
1548 4679 1717 4736 lucis.
1743 4683 1930 4754 Hujus
1951 4685 2053 4739 fri-

407 4787 547 4844 gora
593 4773 731 4826 sunt
787 4768 1104 4825 infidelitas
1163 4773 1219 4823 et
1265 4769 1570 4840 iniquitas,
1603 4771 1756 4826 unde
1790 4772 2048 4829 dicitur:

406 4859 751 4925 «Quoniam
809 4876 944 4914 cum
1002 4857 1324 4913 abundabit
1371 4857 1670 4930 iniquitas,
1720 4861 2054 4933 refrigescet

405 4947 660 5004 Charitas
700 4947 1021 5002 multorum
1053 4947 1266 5016 (Matth.
1311 4947 1483 5018 xxiv).
1518 4971 1545 4998 »
1577 4949 1918 5020 Cujusmodi
1950 4953 2051 5007 fri-

404 5035 644 5110 goribus
691 5035 947 5092 Ecclesia
995 5053 1111 5090 non
1159 5036 1408 5100 timebit,
1444 5036 1582 5107 quia
1623 5037 1907 5095 domestici
1933 5041 2052 5112 ejus

401 5125 584 5180 vestiti
609 5131 735 5178 sunt
765 5123 1093 5196 duplicibus,
1127 5124 1184 5180 id
1214 5129 1304 5181 est
1343 5125 1561 5196 duplici
1614 5127 1916 5196 charitate,
1951 5130 2053 5187 Dei

398 5211 670 5268 videlicet
689 5216 745 5267 et
764 5212 1034 5284 proximi,
1060 5231 1186 5285 quae
1209 5218 1297 5270 est
1316 5214 1492 5270 vestis
1514 5215 1944 5290 nuptialis,qua
1967 5219 2052 5274 in-

401 5298 527 5356 duti
559 5298 747 5355 securi
778 5299 1176 5354 discumbunt.
1194 5301 1389 5356 Tertio
1421 5303 1646 5358 decimo
1678 5307 2052 5362 commendat

401 5405 530 5444 eam
563 5388 635 5443 de
664 5386 946 5443 virtutum
987 5387 1280 5455 varietate,
1315 5407 1450 5445 cum
1482 5391 1680 5446 subdit
1713 5409 1725 5446 :
1758 5395 2048 5464 Stragula-

401 5483 514 5532 tam
542 5485 740 5533 vestem
765 5477 896 5548 fecit
921 5478 1051 5544 sibi,
1087 5479 1275 5549 byssus
1299 5487 1350 5535 et
1372 5497 1623 5552 purpura
1671 5483 2050 5541 indumentum

399 5565 535 5635 ejus.
570 5565 903 5640 Stragulata
947 5566 1128 5625 vestis
1173 5568 1340 5623 variae
1381 5572 1620 5625 texturae
1652 5576 1709 5626 et
1739 5573 1907 5630 fortis
1936 5580 2042 5631 est.

2165 4593 2326 4648 fratri
2348 4610 2579 4665 semper
2599 4593 2986 4666 indulgere,et
3001 4611 3103 4666 pro
3129 4593 3282 4650 malo
3303 4594 3527 4651 bonum
3553 4597 3814 4653 reddere.

2162 4682 2372 4738 Octavo
2407 4682 2651 4750 decimo,
2685 4684 3058 4738 commendat
3087 4700 3216 4739 eam
3246 4684 3317 4739 de
3347 4684 3620 4740 custodia
3653 4686 3817 4742 semi-

2162 4775 2354 4827 tarum
2386 4772 2595 4827 domus
2625 4789 2916 4840 sum,cum
2949 4773 3174 4828 subdit:
3202 4772 3580 4830 Consideravit
3595 4779 3817 4832 semitas

2160 4861 2350 4917 domus
2379 4877 2516 4926 suaz,
2551 4861 2609 4916 id
2640 4866 2728 4917 est
2759 4878 2963 4918 omnes
2993 4878 3203 4918 sensus
3235 4867 3292 4918 et
3322 4865 3524 4934 portas
3557 4865 3816 4938 corporis

2161 4950 2274 5016 sui,
2309 4955 2366 5004 et
2413 4949 2642 5018 anima,
2696 4950 3004 5022 diligenter
3051 4951 3398 5018 observavit,
3433 4957 3499 5007 ut
3549 4953 3716 5010 malo
3746 4955 3815 5009 ir-

2161 5039 2350 5094 ruenti
2371 5055 2468 5094 eas
2495 5037 2880 5106 clauderet,et
2893 5040 3045 5096 bono
3067 5040 3442 5113 suscipiendo
3465 5042 3748 5113 aperiret.
3762 5044 3819 5099 Et

2155 5146 2357 5200 panem
2406 5130 2580 5184 otiosa
2636 5146 2744 5184 non
2791 5129 3036 5196 comedit,
3071 5130 3348 5202 quoniam
3381 5135 3439 5187 et
3467 5131 3518 5186 si
3547 5129 3682 5188 visa
3715 5132 3816 5188 fuit

2159 5218 2510 5289 quandoque
2541 5218 2748 5286 otiosa,
2779 5221 2919 5274 tunc
2949 5219 3058 5274 fuit
3089 5217 3285 5274 minus
3316 5218 3814 5291 otiosa,quoniam

2158 5307 2405 5363 interius
2436 5305 2764 5378 spiritualia
2804 5307 3038 5380 negotia
3085 5307 3460 5378 caelestiaque
3491 5313 3813 5380 pertracta-

2158 5397 2276 5451 bat.
2899 5413 2906 5422 ’

2227 5486 2568 5556 Sequuntur
2599 5485 2896 5541 mercedes
2926 5485 3194 5542 Ecclesiae
3225 5487 3344 5543 sive
3375 5485 3548 5541 fortis
3579 5485 3806 5543 anima.

2157 5572 2348 5630 Prima
2395 5577 2484 5630 est
2531 5573 2660 5630 laus
2698 5573 2975 5644 filiorum,
3006 5575 3162 5633 unde
3193 5571 3508 5634 sub'ditur:
3543 5575 3809 5634 Sarrace-
