3984 6082
154 290 302 358 1691

1283 293 1658 359 HOMILl/E.
1690 325 1768 338 --
1796 289 1878 358 Ῑῐ.
1920 293 2024 356 DE
2066 293 2418 359 SANCTIS.

3397 260 3554 363 lese

149 437 282 488 runt
309 430 421 503 ﬁlii
457 428 597 503 ejus,
627 437 679 487 et
730 428 1102 487 beatissimum
1143 430 1606 503 praedicaverunt.
1641 431 1798 486 More
1825 427 1884 497 Α
1963 438 1983 486 t
2017 447 2247 502 regnum
2276 433 2534 488 caelorum
2562 432 2834 490 thesauro.
2863 431 2995 490 Ideo
3027 432 3201 490 rebus
3230 432 3561 494 visibilibus

148 519 506 594 prephetico,
541 520 901 592 praeteritum
925 537 1026 593 pro
1050 520 1244 576 futuro
1267 520 1619 592 ponit.Tuuc
1639 520 1795 576 enim

149 610 280 666 ﬁliai
313 608 582 666 Ecclesia:
615 613 877 682 surgent,
910 614 966 665 et
991 627 1120 666 eam
1152 627 1279 682 quae
1320 627 1418 666 eos
1468 626 1535 666 ex
1565 627 1718 682 aqua
1741 614 1798 666 et

145 699 362 772 Spiritu
425 703 624 756 sancto
683 699 1041 772 regeneravit
1096 698 1440 768 laudabunt,
1475 701 1708 773 quando
1742 703 1798 756 et

147 794 364 845 aterna
389 789 518 860 ejus
547 787 764 862 gaudia
794 789 1194 862 degustantes,
1219 806 1348 845 eam
1379 794 1594 845 aeterna
1625 789 1797 846 laude

145 878 546 934 celebrabunt.
579 877 848 934 Secunda
892 895 1115 935 merces
1146 884 1233 935 est
1263 879 1393 935 laus
1421 879 1547 947 viri,
1582 880 1652 935 de
1680 897 1797 951 qua

145 967 464 1024 subditur:
501 967 594 1024 Vir
649 968 764 1039 ejus
821 968 1066 1024 laudavit
1121 984 1261 1024 eam.
1307 970 1472 1024 Tunc
1527 968 1796 1025 Christus

145 1055 489 1124 Ecclesiam,
521 1055 641 1113 sive
679 1073 1160 1130 unamquamque
1208 1057 1462 1113 animam
1517 1074 1796 1130 sponsam

149 1162 319 1203 suam
346 1145 568 1213 laudat,
602 1146 837 1218 quando
869 1162 998 1201 eam
1030 1145 1386 1202 laudabilem
1419 1147 1578 1212 facit,
1610 1151 1667 1202 et
1697 1148 1794 1203 de-

147 1238 460 1292 monstrat.
493 1233 594 1290 Vel
627 1237 779 1290 certe
811 1251 939 1290 eam
970 1234 1030 1290 in
1064 1235 1175 1290 ﬁne
1225 1235 1506 1302 laudabit,
1541 1252 1674 1292 cum
1707 1236 1796 1290 di-

147 1329 242 1381 cet
273 1341 286 1380 :
323 1347 350 1375 «
384 1322 607 1393 Venite,
641 1323 931 1380 benedicti
984 1323 1169 1381 Patris
1217 1325 1351 1390 mei,
1387 1324 1662 1398 percipite
1701 1342 1794 1381 re-

145 1430 352 1488 gnum,
386 1413 540 1486 quod
589 1413 754 1468 vobis
804 1417 1075 1486 paratum
1122 1418 1209 1469 est
1239 1413 1311 1470 ab
1337 1414 1560 1487 origine
1590 1414 1795 1470 mundi

148 1503 546 1578 (Matth.xxv).»
577 1501 787 1568 Multa,
819 1503 1032 1574 inquit,
1055 1505 1194 1575 ﬁlim
1221 1513 1682 1574 congregaverant
1709 1504 1795 1560 di-

147 1595 331 1650 vitias.
367 1592 558 1648 Multae
609 1590 874 1647 Ecclesia;
924 1591 1330 1648 haereticorum
1375 1593 1463 1647 vel
1512 1593 1793 1648 falsorum

145 1681 633 1747 Christianorum,
669 1697 796 1752 quae
827 1685 1062 1752 propter
1109 1681 1365 1737 nominis
1415 1681 1625 1738 Christi
1657 1689 1792 1737 c‘on-

149 1771 458 1829 fessionem
491 1774 548 1826 et
578 1773 1080 1826 sacramentorum
1105 1770 1797 1842 participationem,Chri-
1827 1803 1876 1868 B

145 1861 221 1917 sti
261 1859 393 1915 ﬁliae
442 1876 569 1916 esse
616 1858 984 1926 videbantur,
1019 1866 1514 1932 congregaverant
1562 1862 1795 1919 divitias

146 1951 434 2007 bonorum
492 1965 759 2020 operum,
803 1947 1025 2004 scilicet
1072 1948 1323 2020 jejunis,
1375 1949 1791 2024 eleemosynas,

150 2038 464 2105 orationes,
485 2036 680 2092 studia
709 2035 1024 2092 lectionum
1058 2041 1476 2104 sanctarum,et
1494 2039 1798 2110 hujusmo-

150 2127 230 2184 di.
258 2129 393 2193 Quas
424 2125 662 2198 quidam
692 2142 837 2182 verae
868 2129 1008 2181 sunt
1054 2126 1287 2194 divitiae,
1321 2145 1457 2184 cum
1507 2129 1567 2183 in
1600 2130 1712 2186 ﬁde
1741 2134 1798 2186 et

148 2215 523 2289 simplicitate
556 2213 879 2283 ﬁunt,alias
897 2214 1044 2270 nihil
1065 2215 1152 2271 vel
1185 2233 1390 2288 parum
1413 2221 1796 2289 prosunt.Sed

145 2306 255 2362 has
288 2304 438 2361 ﬁlias
473 2303 729 2360 Ecclesia
761 2304 1354 2377 supergreditur,quae
1387 2307 1500 2362 ﬁde
1531 2313 1710 2376 easta,
1743 2313 1799 2364 et

146 2395 470 2452 intentione
503 2398 676 2462 recta,
712 2393 1057 2449 thesaurum
1087 2394 1396 2464 virtutum,
1423 2401 1480 2453 et
1509 2398 1797 2454 bonorum

145 2501 393 2558 operum
424 2486 737 2556 congregat
760 2483 818 2537 in
841 2482 1271 2539 cmlestibus.Et
1291 2502 1471 2558 quare
1493 2487 1601 2543 hoc
1616 2488 1643 2542 ?
1664 2489 1800 2544 sub-

145 2575 252 2642 dit,
273 2574 456 2647 fallaa:
484 2575 667 2645 gratia
695 2572 813 2628 sive
844 2571 1058 2645 imago,
1083 2581 1132 2629 et
1154 2591 1296 2629 vana
1323 2584 1402 2630 est
1429 2576 1795 2647 pulchritudo.

148 2662 344 2718 Fallax
378 2660 591 2735 quippe
621 2665 709 2716 est
739 2660 932 2735 imago
964 2661 1084 2717 sive
1122 2662 1310 2735 gratia
1358 2663 1626 2720 humanas
1674 2665 1798 2721 lau-

149 2750 431 2808 dis.Vana
452 2753 541 2806 est
561 2749 935 2822 pulchritudo
959 2754 1261 2806 ostentata:
1283 2752 1569 2812 castitatis
1589 2759 1647 2810 et
1666 2772 1799 2810 san-

150 2840 389 2897 ctitatis.
423 2841 533 2895 Sed
581 2839 786 2894 mulier
829 2841 1025 2894 timens
1075 2841 1244 2896 Deum
1299 2843 1418 2913 ipsa
1464 2843 1799 2910 laudabitur,

152 2929 432 3004 quoniam
464 2927 562 2983 illa
593 2927 948 2983 conscientia
975 2931 1064 2984 est
1091 2946 1221 2984 vere
1251 2929 1424 2986 laude
1454 2931 1648 3005 digna,
1675 2950 1800 3004 quae

150 3020 336 3076 Deum
367 3018 534 3074 timet
562 3034 697 3072 cum
727 3032 943 3085 amore,
959 3019 1016 3072 et
1044 3023 1203 3073 amat
1231 3035 1364 3073 cum
1397 3019 1624 3087 timore,
1656 3024 1712 3076 et
1742 3022 1801 3076 in

152 3108 429 3164 omnibus
458 3106 728 3162 timorem
759 3110 816 3161 et
846 3122 1104 3162 amorem
1137 3106 1237 3161 Dei
1267 3107 1481 3179 cogitat
1501 3114 1556 3164 et
1576 3127 1803 3167 conser-

147 3202 263 3254 vat.
297 3196 494 3252 Tertia
523 3211 744 3250 merces
777 3199 867 3251 est
896 3199 1110 3251 aeterna
1138 3198 1550 3264 remuneratio,
1583 3200 1654 3254 de
1685 3218 1800 3273 qua

151 3286 428 3344 subditur
459 3302 472 3341 :
507 3289 643 3340 Date
662 3286 715 3340 ei
743 3284 808 3340 de
833 3287 1022 3356 fructu
1051 3303 1320 3340 manuum
1346 3297 1652 3357 suarum,et
1680 3291 1799 3346 lau-

147 3376 274 3433 dent
299 3391 420 3430 eam
449 3376 509 3430 in
532 3375 708 3447 portis
736 3389 906 3443 opera
935 3374 1208 3446 ejus.H:ec
1233 3379 1373 3430 sunt
1390 3377 1564 3432 verba
1587 3378 1801 3435 Christi

149 3466 224 3523 ad
257 3463 495 3537 angelos
527 3479 819 3520 messores
851 3461 1100 3520 dicentis
1135 3481 1148 3519 :
1187 3485 1215 3514 «
1245 3464 1388 3520 Date
1417 3465 1470 3522 ei
1499 3467 1570 3522 de
1609 3468 1800 3524 fructu

149 3569 436 3610 manuum
460 3551 870 3624 suarum,quia
893 3551 1146 3624 Spiritus
1166 3553 1423 3610 fructum
1444 3555 1626 3612 facere
1643 3574 1806 3614 cura-

145 3643 254 3710 vit,
284 3640 554 3697 videlicet
583 3640 1805 3715 cbaritatem,gaudium,patientiam,ca3te-

149 3747 364 3803 rasque
392 3730 639 3786 virtutes
665 3734 724 3786 et
751 3729 1034 3785 virtutum
1065 3747 1240 3803 opera
1265 3734 1330 3788 Et
1350 3733 1576 3790 laudent
1598 3751 1719 3792 eam
1745 3739 1802 3792 in

142 3818 407 3895 portis,id
439 3823 529 3874 est
555 3817 616 3873 in
635 3817 861 3890 judicio
893 3818 1012 3875 sive
1041 3820 1101 3874 in
1132 3819 1401 3893 ingressu
1449 3823 1647 3894 patriae
1687 3842 1804 3881 cm-

146 3908 462 3976 lestis,non
481 3906 789 3964 hominum
804 3908 938 3963 vani
960 3908 1311 3977 favores,sed
1335 3910 1464 3984 ipsa
1484 3927 1659 3984 opera
1679 3931 1804 3987 quae

147 3997 312 4064 fecit,
344 3995 1024 4070 examinante,probante
1049 4001 1108 4053 et
1129 4005 1538 4056 remunerante
1567 4002 1805 4072 Deo,cui

147 4091 244 4146 est
273 4086 460 4144 honor
489 4090 547 4142 et
573 4085 760 4159 gloria
787 4087 848 4142 in
879 4086 1092 4143 saecula
1121 4087 1694 4149 saaeulorum.Amen.

857 4317 1104 4375 XXXIII.

399 4441 576 4482 UNIUS
614 4441 884 4481 VIRGINIS.
925 4442 1115 4482 δεξιΜο
1155 4443 1222 4482 DE
1261 4440 1561 4486 MATTHEO.

223 4623 382 4678 Dixit
406 4622 558 4678 Iesus
587 4620 872 4694 discipulis
899 4624 1014 4678 suis
1045 4642 1064 4677 :
1087 4623 1283 4679 Simile
1300 4632 1378 4680 est
1399 4641 1630 4694 regnum
1654 4630 1808 4685 creto-

147 4729 282 4770 rum
311 4713 564 4788 thesauro
601 4711 911 4766 abscondito
959 4713 1018 4767 in
1067 4729 1218 4781 agro,
1253 4731 1410 4786 quem
1454 4717 1552 4786 qui
1599 4719 1810 4774 invenit

151 4802 314 4858 homo
344 4799 645 4868 abscondit,
677 4807 729 4855 et
752 4815 876 4872 pra:
905 4800 1104 4869 gaudio
1133 4801 1288 4857 illius
1327 4803 1497 4870 vadit,
1528 4813 1580 4860 et
1626 4805 1809 4863 vendit

150 4891 418 4948 universa
446 4905 570 4962 qua:
600 4888 757 4945 habet
787 4897 839 4945 et
865 4891 996 4945 emit
1023 4907 1217 4961 agrum
1250 4893 1428 4959 illum,
1463 4898 1572 4949 etc.
1596 4895 1806 4962 (Matth.

147 4979 302 5050 xm.)
335 4979 398 5034 In
427 4978 535 5034 hac
567 4978 756 5034 sancti
789 4979 1082 5051 Evangelii
1122 4978 1384 5048 lectione,
1421 4983 1628 5039 fratres
1671 4985 1809 5041 cha—

151 5067 402 5134 rissimi,
433 5070 686 5138 quatuor
733 5067 1041 5138 parabolas
1093 5069 1363 5140 proponit
1413 5072 1580 5128 nobis
1613 5074 1804 5130 Domi-

151 5174 293 5214 nus.
320 5157 382 5212 In
416 5155 608 5229 prima
637 5160 694 5211 et
724 5158 1210 5224 secunda,monet
1239 5175 1345 5212 nos
1376 5162 1817 5232 generaliter,ut

148 5261 406 5318 regnum
439 5244 719 5302 caelorum
749 5262 1016 5302 emamus
1037 5265 1050 5314 ;
1073 5245 1131 5300 in
1164 5247 1356 5314 tertia,
1391 5252 1457 5303 ut
1489 5267 1688 5322 pmnas
1720 5253 1812 5308 in-

151 5333 412 5392 fernales
463 5335 780 5391 timeamus
810 5340 868 5391 et
896 5351 1225 5392 caveamus.
1263 5337 1324 5392 In
1358 5343 1586 5408 quarta,
1617 5346 1816 5398 monet

150 5439 270 5480 nos
311 5424 723 5496 praedicatores
772 5423 1102 5497 specialiter
1146 5430 1212 5480 ut
1260 5425 1368 5482 hoc
1415 5427 1816 5501 intelligamus

150 5516 217 5570 et
259 5513 646 5586 praedicamus
694 5514 1001 5572 instanter.
1028 5517 1094 5570 In
1144 5515 1334 5587 prima
1388 5516 1586 5587 igitur,
1620 5523 1819 5576 monet

155 5618 270 5662 nos
328 5617 578 5677 regnum
636 5603 914 5662 caelorum
964 5619 1175 5672 emere,
1218 5621 1351 5660 cum
1403 5605 1586 5662 dicit:
1621 5610 1815 5666 Simile

1909 525 1965 575 et
1992 520 2547 593 concupiscibilibus
2581 527 2970 595 comparatur,
3004 527 3296 595 quatenus
3327 525 3563 583 animus

1906 615 2104 666 noster
2133 627 2236 682 per
2263 610 2520 667 visibilia
2545 613 2732 668 discat
2762 613 3172 679 invisibilia,et
3201 631 3305 685 per
3333 632 3400 671 ea
3431 632 3559 688 quis

1906 698 2044 755 huic
2075 700 2286 756 szeculo
2329 701 2807 774 eoneupiscibilia
2855 707 3012 769 sunt,
3047 703 3235 759 discat
3281 704 3556 777 concupi-

1906 806 2064 845 scere
2095 805 2162 844 ea
2192 807 2318 861 quae
2351 808 2526 862 super
2555 791 3019 863 concupiscenda
3047 797 3204 846 sunt.
3225 793 3364 849 Ecce
3393 793 3553 850 enim

1905 895 2152 950 regnum
2192 878 2469 935 cmlorum
2520 884 2892 951 comparatur
2919 880 3214 952 thesauro,
3248 883 3549 953 quoniam,

1905 969 1976 1023 ad
2009 968 2195 1023 instar
2223 968 2484 1023 thesauri
2512 968 2752 1037 inventi,
2785 968 2984 1040 gaudii
3035 969 3458 1027 abundantiam
3497 975 3555 1028 et

1906 1056 2180 1113 ﬁduciam
2213 1058 2311 1112 dat
2331 1057 2757 1114 inventori.Sed
2791 1059 2962 1130 longe
2992 1057 3551 1131 incomparabiliter.

1905 1146 2136 1202 Vanum
2167 1146 2322 1201 enim
2355 1146 2635 1219 gaudium
2680 1150 2918 1218 prastat
2964 1147 3302 1216 thesaurus,
3335 1148 3556 1206 scilicet

1906 1236 2332 1291 abundantiam
2383 1235 2769 1304 deﬁcientem,
2804 1237 3081 1291 ﬁduciam
3131 1236 3396 1294 inﬁdam.
3429 1237 3554 1295 Cm-

1905 1323 2072 1381 lestis
2101 1341 2233 1380 vero
2257 1324 2569 1380 thesaurus
2587 1328 2821 1397 praestat
2837 1325 3123 1397 gaudium
3139 1327 3554 1395 verum,abun-

1906 1413 2164 1469 dantiam
2211 1413 2661 1479 indeﬁcientem,
2695 1414 2972 1469 ﬁduciam
3013 1415 3214 1470 ﬁdam.
3247 1417 3393 1488 Ager
3421 1433 3554 1474 vero

1905 1506 1994 1559 est
2021 1501 2357 1559 exercitium
2390 1503 2552 1558 bonae
2584 1503 2734 1570 vitze,
2769 1504 2997 1574 quae,ad
3024 1502 3209 1558 instar
3239 1504 3554 1576 agri,prius

1905 1609 1940 1648 ει
1968 1592 2155 1664 spinis
2187 1596 2243 1647 et
2273 1591 2508 1647 tribulis
2535 1592 2831 1659 vitiorum,
2861 1592 3129 1649 faleastro
3179 1593 3554 1652 correctionis

1905 1686 2212 1754 purgatur,
2246 1685 2436 1736 aratro
2492 1680 2920 1752 przedicationis
2983 1681 3283 1748 excolitur,
3330 1683 3552 1740 semine

1907 1771 2063 1826 verbi
2096 1771 2196 1826 Dei
2218 1771 2625 1838 seminatur,et
2647 1771 2729 1825 sic
2750 1770 3040 1844 germinat
3060 1771 3230 1826 ﬂores
3247 1771 3552 1842 virtutum,

1907 1863 1963 1914 et
1995 1861 2219 1915 fructus
2251 1860 2538 1915 bonorum
2569 1875 2830 1930 operum.
2867 1859 2928 1914 In
2962 1859 3078 1915 ﬁne
3125 1865 3323 1916 autem
3373 1860 3554 1934 hujus

1908 1949 2032 2021 agri
2065 1947 2446 2005 absconditus
2475 1952 2564 2002 est
2588 1947 2901 2004 thesaurus
2925 1947 3196 2017 cmlestis,
3230 1949 3381 2006 sicut
3411 1967 3558 2006 men-

1905 2055 2002 2094 ces
2033 2038 2092 2093 in
2124 2037 2572 2102 labore,fructus
2602 2036 2660 2091 in
2695 2037 3028 2093 ﬂore.Hunc
3079 2037 3422 2095 thesaurum
3456 2056 3558 2112 per

1905 2129 2078 2184 ﬁdem
2111 2131 2167 2182 et
2198 2143 2423 2182 sacram
2449 2125 2812 2197 Scripturam
2858 2127 3240 2195 advertimus,
3274 2145 3380 2201 per
3425 2133 3556 2185 stu-

1906 2217 2070 2273 dium
2101 2215 2238 2271 boni
2271 2215 2462 2288 operis
2489 2215 2826 2288 quaerimus,
2863 2233 2963 2288 per
3004 2216 3557 2290 contemplationem

1907 2305 2391 2378 contemplemur,
2407 2308 2464 2358 et
2492 2305 2924 2376 quodammodo
2947 2306 3072 2376 jam
3107 2310 3558 2379 pragustamus,

1907 2402 1962 2453 et
1993 2413 2096 2468 per
2125 2395 2382 2450 divinam
2415 2393 2821 2449 revelationem
2864 2394 3215 2451 invenimus.
3250 2396 3558 2454 Inventum

1905 2503 2040 2542 vero
2072 2485 2413 2540 thesaurum
2447 2501 2603 2538 nunc
2631 2483 3141 2551 abscondimus,ut
3174 2485 3344 2541 nobis
3375 2501 3561 2542 serve-

1907 2579 2006 2630 tur
2035 2591 2168 2629 cum
2203 2557 2564 2645 propositum
2598 2576 2653 2626 et
2683 2571 3064 2626 intentionem
3097 2573 3355 2630 thesauri
3387 2573 3558 2631 coele-

1910 2665 2016 2720 stis
2046 2662 2447 2734 acquirendi,a
2477 2660 2752 2732 malignis
2780 2660 3088 2732 spiritibus
3109 2663 3257 2718 etab
3277 2662 3558 2722 humanis
3573 2657 3596 2672 “’

1910 2752 2206 2809 favoribus
2235 2751 2295 2805 in
2329 2749 2605 2806 cordibus
2632 2749 2847 2804 nostris
2895 2747 3281 2807 occultemus.
3315 2753 3378 2808 In
3410 2769 3558 2825 pm-

1911 2841 2061 2898 senti
2094 2841 2250 2896 enim
2280 2839 2397 2894 vita
2423 2837 2593 2910 quasi
2631 2838 2691 2892 in
2738 2837 2831 2893 via
2879 2855 3108 2906 sumus,
3142 2857 3244 2912 per
3273 2857 3453 2912 quam
3484 2841 3558 2898 ad

1912 2930 2164 3005 patriam
2224 2928 2593 2984 festinamus.
2626 2926 2862 2999 Maligni
2910 2944 3044 2983 vero
3093 2929 3356 3000 spiritus,
3391 2929 3560 3002 quasi

1913 3019 2153 3093 quidam
2209 3015 2548 3083 latrunculi,
2601 3015 2770 3070 nobis
2823 3015 3198 3073 insidiantur.
3231 3018 3561 3090 Deprmdari

1914 3125 2052 3181 ergo
2083 3107 2375 3163 desiderat
2403 3104 2501 3177 qui
2533 3104 2877 3160 thesaurum
2922 3104 3152 3177 publice
3199 3109 3410 3178 portat.
3444 3108 3562 3164 Hoc

1830 3175 1872 3242 θ
1913 3202 2106 3256 autem
2139 3198 2412 3264 dico,non
2445 3199 2509 3250 ut
2538 3194 2784 3267 proximi
2810 3194 2993 3249 nostri
3019 3211 3195 3266 opera
3223 3199 3423 3252 nostra
3442 3213 3560 3254 non

1908 3288 2167 3352 videant,
2199 3301 2332 3340 cum
2366 3282 2650 3356 scriptum
2675 3282 2752 3338 sit
2784 3299 2796 3338 :
2829 3305 2857 3332 «
2887 3283 3138 3338 Videant
3169 3301 3345 3356 opera
3367 3289 3562 3343 vestra

1911 3378 2086 3446 bona,
2119 3380 2175 3429 et
2205 3373 2531 3448 gloriﬁcent
2578 3373 2806 3427 Patrem
2857 3375 3141 3441 vestrum,
3172 3373 3273 3445 qui
3305 3373 3364 3428 in
3398 3373 3560 3434 caelis

1912 3470 2003 3522 est
2031 3465 2249 3534 (Matth.
2282 3467 2362 3530 v),
2397 3484 2422 3511 ››
2457 3461 2556 3517 sed
2590 3465 2673 3526 ut,
2706 3477 2810 3533 per
2839 3461 2946 3516 hoc
2970 3462 3124 3533 quod
3155 3462 3407 3520 exterius
3437 3463 3561 3538 agi-

1913 3553 2275 3619 mus,laudes
2302 3551 2596 3606 humanas
2625 3566 2741 3604 non
2774 3550 3226 3620 quaramusﬁio
3255 3557 3454 3608 autem
3485 3552 3564 3610 sit

1913 3645 2132 3700 bonum
2160 3642 2217 3696 in
2249 3639 2804 3712 publico,quatenus
2836 3639 3082 3695 intentio
3115 3645 3350 3697 maneat
3379 3641 3439 3696 in
3471 3657 3563 3698 oc-

1913 3733 2089 3802 culto,
2122 3737 2187 3786 ut
2215 3731 2285 3786 de
2316 3729 2467 3784 bono
2499 3728 2781 3800 proximis
2816 3729 3182 3800 praebeamus
3202 3729 3560 3803 exemplum,

1913 3827 1969 3878 et
1999 3827 2194 3878 tamen
2226 3837 2328 3892 per
2358 3817 2740 3873 intentionem
2773 3817 3042 3890 placandi
3065 3819 3181 3874 Deo
3202 3818 3310 3876 soli
3333 3837 3566 3894 semper

1914 3916 2182 3984 Optemus
2241 3911 2550 3964 secretum.
2585 3907 2749 3961 Tunc
2805 3911 3000 3962 autem
3053 3923 3281 3980 agrum,
3311 3909 3565 3968 venditis

1914 3999 2209 4065 omnibus,
2241 4013 2674 4068 comparamus,
2717 4013 2850 4050 cum
2909 4013 3012 4068 pro
3067 3997 3336 4052 exercitio
3397 3998 3563 4054 bona

1912 4089 2064 4154 vitae,
2097 4088 2155 4142 id
2189 4090 2278 4141 est
2307 4083 2564 4140 thesauri
2598 4083 2870 4152 caelestis,
2895 4085 2954 4138 in
2987 4084 3102 4140 ﬁne
3129 4085 3286 4141 illius
3317 4085 3563 4143 abscon-

1915 4177 2018 4232 diti
2061 4173 2468 4248 acquisitione,
2501 4171 2776 4228 omnibus
2825 4173 3222 4246 voluptatibus
3263 4178 3321 4230 et
3369 4175 3564 4233 carnis

1915 4264 2220 4322 desideriis
2242 4261 2956 4330 abrenuntiamus,omnia
2978 4263 3395 4336 caduca,quasi
3415 4269 3564 4323 ster-

1915 4373 2050 4413 cora
2078 4357 2444 4426 reputamus,
2477 4355 2534 4405 et
2567 4367 2670 4422 pro
2701 4367 2766 4406 eo
2797 4349 3072 4423 quaelibet
3113 4353 3262 4409 dura
3292 4353 3413 4426 pati
3445 4371 3563 4412 non

1914 4443 2385 4502 reformidamus.
2421 4439 2584 4496 Sicut
2614 4443 2810 4495 autem
2841 4456 3048 4513 agrum
3074 4457 3178 4513 per
3204 4456 3268 4498 se
3305 4442 3564 4501 sterilem

1836 4553 1881 4618 Ι)
1913 4540 1970 4592 et
1998 4534 2189 4601 vilem,
2209 4531 2525 4588 thesaurus
2553 4529 2608 4583 in
2641 4546 2706 4584 eo
2738 4529 3116 4585 absconditus
3147 4531 3566 4604 concupiscibi-

1915 4625 2030 4681 lem
2063 4627 2120 4678 et
2149 4619 2508 4693 emptibilem
2558 4619 2710 4685 facit,
2747 4618 2831 4674 sic
2879 4618 3350 4676 exercitationem
3401 4621 3565 4678 bona

1916 4715 2066 4781 vitae,
2098 4713 2232 4768 licet
2263 4729 2364 4784 per
2395 4729 2456 4766 se
2487 4709 2616 4764 vilis
2649 4709 2725 4764 sit
2749 4714 2806 4763 et
2835 4709 3062 4765 inutilis
3104 4709 3445 4768 hominibus
3476 4712 3566 4768 vi-

1917 4805 2348 4870 deatur,tamen
2375 4799 2691 4855 thesaurus
2722 4803 2945 4856 acterna:
2968 4798 3349 4856 beatitudinis
3369 4800 3429 4857 in
3450 4801 3567 4860 ﬁne

1919 4892 2076 4948 illius
2117 4888 2494 4945 absconditus
2543 4905 2670 4942 eam
2721 4888 3237 4960 concupiscibilem
3268 4893 3324 4946 et
3353 4907 3566 4964 magno

1920 4977 2375 5052 comparabilem
2436 4977 2643 5032 reddit.
2680 4977 2978 5048 Spernunt
3037 4977 3252 5050 quippe
3299 4978 3568 5038 homines

1921 5068 2204 5126 animales
2234 5067 2412 5121 vitam
2445 5065 2832 5136 spiritualem,
2867 5067 2992 5120 etsi
3024 5066 3243 5122 venalis
3276 5073 3571 5134 esset,ere-

1925 5160 1997 5215 do
2029 5158 2182 5230 quod
2218 5173 2329 5211 non
2365 5157 2622 5210 emerent
2649 5155 2832 5209 illam.
2866 5155 3045 5211 Nobis
3094 5161 3288 5212 autem
3321 5158 3423 5228 qui
3451 5159 3572 5216 veri

1924 5246 2236 5305 Christiani
2300 5260 2527 5308 sumus,
2561 5261 2662 5314 per
2711 5262 2771 5299 se
2819 5245 3246 5315 pretiosissima
3303 5245 3570 5318 habetur,

1925 5338 2099 5394 etiam
2131 5335 2258 5391 sine
2291 5331 2545 5404 praemio,
2580 5337 2800 5403 quanto
2850 5335 3041 5407 magis
3091 5351 3225 5390 cum
3257 5335 3494 5406 praemio
3519 5340 3576 5392 et

1925 5444 2058 5483 cum
2091 5423 2293 5480 tanto?
2326 5423 2528 5477 Nonne
2559 5423 2754 5494 magni
2789 5426 2878 5476 est
2910 5439 3014 5493 per
3063 5439 3125 5480 se
3169 5428 3321 5478 recte
3367 5424 3574 5492 vivere,

1925 5516 2212 5572 mundum
2247 5527 2345 5565 cor
2375 5510 2606 5578 habere,
2641 5511 2919 5566 omnibus
2960 5527 3226 5571 veracem
3256 5513 3314 5566 et
3343 5527 3578 5583 aequum

1924 5623 2072 5674 esse,
2104 5604 2397 5660 daemones
2427 5603 2484 5654 et
2513 5602 2656 5660 vitia
2704 5600 2958 5673 calcare,
2985 5598 3298 5662 virtutibus
3327 5601 3384 5653 et
3413 5596 3581 5655 bonis
