3984 6082
433 293 590 366 16!.

1128 300 1529 368 RADULPHI
1571 287 1956 363 ARDENT‘IS
1999 296 2374 361 HOMILDE.
2407 331 2486 346 —
2513 295 2589 362 II.
2637 299 2740 362 DE
2785 297 3134 364 SANCTIS.

3677 285 3842 354 {621

427 434 706 508 operibus
733 423 1270 504 'ﬁorere,rnundana
1299 435 1496 492 omnia
1511 432 2076 506 vilipendere,Dcum
2108 429 2162 498 Α
2187 434 2422 505 piscium
2450 436 2779 503 congregati.
2817 433 3009 502 Quam,
3041 425 3168 488 cum'
3194 431 3414 504 impleta
3443 425 3844 493 esset,educen-

432 524 734 582 conscium
766 525 1000 597 habere,
1035 531 1282 582 mortem
1312 541 1429 580 non
1474 525 1701 589 timere,
1736 523 1836 578 sed
1885 522 2082 594 potius

433 615 810 687 exepectare?
841 615 1044 671 Nonne
1075 614 1195 670 haec
1235 629 1452 686 magna
1498 617 1636 668 sunt
1683 629 1786 684 per
1835 612 1940 667 se?
1969 611 2081 667 Sed

427 708 652 778 quanto
671 702 1210 776 incomparabiliter
1231 703 1380 758 ﬁunt
1401 703 1628 774 majora
1647 719 1782 756 cum
1806 701 2082 756 thesauro

430 798 657 849 sternte
688 791 1068 848 beatitudinis
1085 793 1114 847 ‘t

505 883 568 938 In
599 881 856 938 secunda
879 897 1113 954 quoque
1145 880 1440 953 parabole,
1474 880 1744 936 hortatur
1764 896 1872 934 nos
1895 877 2084 934 Domi-

431 987 548 1028 nus
578 971 650 1026 ad
683 969 860 1038 idem,
894 987 1027 1026 cum
1060 971 1295 1026 subdit:
1319 972 1520 1026 Iterum
1547 971 1731 1026 simile
1759 977 1837 1025 est
1855 985 2085 1040 reqnum

429 1059 710 1126 caelorum,
734 1059 792 1115 id
824 1063 912 1116 est
941 1059 1242 1133 negotium
1274 1059 1612 1131 acquirendi
1644 1075 1888 1132 regnum
1915 1056 2083 1113 caelo-

431 1165 586 1216 rum,
619 1150 833 1206 homini
859 1152 1187 1221 negotiatori
1211 1151 1481 1222 quaerenti
1520 1148 1684 1208 bonas
1729 1149 2081 1218 margaritas.

429 1238 588 1296 Sane
616 1255 820 1295 omnes
850 1238 1120 1294 homines
1158 1239 1342 1296 bonas
1392 1238 1740 1310 margaritas
1788 1241 2082 1309 quaerunt,

427 1327 495 1384 id
529 1332 618 1384 est
643 1327 1053 1395 beatitudines,
1089 1329 1188 1384 sed
1221 1327 1568 1400 inquirendo
1599 1330 1655 1383 et
1699 1326 2086 1382 aestimatione

429 1417 725 1473 ’falluntur
753 1417 1294 1490 plerique.Quidam
1325 1418 1484 1473 enim
1517 1417 1809 1472 aestimant
1839 1415 2088 1471 beatitu-

429 1507 634 1563 dinem
686 1521 816 1563 esse
863 1507 924 1562 in
972 1506 1335 1563 abundantia
1363 1505 1722 1564 divitiarum.
1753 1504 1993 1577 quidam
2025 1503 2083 1559 in

429 1594 654 1652 honore
684 1595 969 1662 saeculari,
1003 1596 1242 1668 quidam
1272 1595 1332 1650 in
1361 1598 1647 1668 potestate
1675 1593 2087 1664 bumana,qui~

430 1684 570 1740 ‘dam
599 1683 660 1739 in
710 1683 895 1757 gloria
940 1684 1270 1757 temporali,
1306 1683 1546 1756 quidam
1577 1683 1637 1738 in
1670 1681 1954 1755 corporali
1986 1699 2086 1737 vo-

2193 532 2268 580 tes
2296 531 2348 580 et
2372 538 2521 579 secus
2552 523 2702 579 littus
2729 523 2969 579 sedentes
2993 523 3268 594 elegerunt
3295 521 3455 576 bonos
3479 520 3541 575 in
3562 535 3692 575 vasa
3720 533 3844 578 sua.

2190 613 2364 668 malos
2395 620 2574 669 autem
2602 614 2753 684 foras
2779 615 3066 668 miserunt.
3100 611 3273 667 Porro
3306 613 3520 666 sancta:
3568 607 3847 664 Ecclesia

2191 701 2526 774 praedicatio
2558 719 2785 774 sagenae
2817 700 3354 772 comparatur,quia
3375 701 3431 756 et
3451 698 3849 772 piscatoribus

2193 794 2284 846 est
2341 790 2676 856 commissa,
2706 795 2771 844 ut
2817 807 2920 860 per
2966 805 3095 846 eam
3126 806 3160 844 a
3191 786 3468 844 ﬂuctibus
3517 785 3743 850 saeculi,
3779 786 3845 839 ad

2189 877 2360 934 littus
2419 883 2644 934 aeterna:
2711 879 2911 950 patriae
2976 879 3301 942 trabamur,
3360 875 3448 932 vel
3501 875 3561 930 in
3623 879 3844 931 aeterna

2195 970 2403 1024 mortis
2449 969 2739 1041 profunda
2783 968 3211 1042 demergamur.
3239 967 3385 1022 Hinc
3429 966 3721 1021 Dominus
3753 983 3846 1037 per

2193 1058 2509 1115 Jeremiam
2542 1073 2555 1112 :
2591 1080 2618 1108 «
2650 1059 2795 1114 Ecce
2826 1074 2930 1130 ego
2974 1057 3204 1112 mittam
3255 1057 3326 1112 ad
3376 1073 3479 1111 vos
3530 1055 3841 1127 piscatores

2196 1147 2414 1203 multos
2446 1148 2576 1214 (Jer.
2609 1150 2746 1215 xvr).
2785 1169 2813 1196 »
2845 1147 3163 1219 Postquam
3211 1146 3370 1201 enim
3401 1145 3721 1200 audierunt
3749 1143 3839 1198 Pe-

2193 1241 2321 1291 trus
2347 1240 2405 1291 et
2433 1237 2713 1304 Andreas,
2745 1236 3002 1291 Jacobus
3043 1239 3100 1291 et
3142 1235 3419 1301 Joannes,
3455 1253 3485 1283 «
3519 1231 3840 1304 Sequimini

2197 1324 2524 1390 me,faciam
2555 1340 2658 1380 vos
2691 1324 2810 1380 ﬁeri
2843 1324 3162 1398 piscatores
3195 1323 3502 1378 hominum
3535 1323 3790 1391 (Mar-cn),
3815 1341 3838 1368 η

2193 1418 2462 1470 texerunt
2491 1413 2602 1469 sibi
2635 1430 2911 1487 sagenam
2944 1429 3013 1469 ex
3040 1411 3196 1469 Novo
3219 1416 3274 1468 et
3291 1411 3484 1468 Veteri
3507 1411 3842 1467 Testamen-

2193 1506 2274 1569 to,
2308 1507 2366 1558 et
2393 1503 2452 1558 in
2484 1519 2644 1558 mare
2674 1503 2880 1558 mundi
2912 1518 3038 1558 eam
3069 1502 3358 1557 miserunt
3396 1503 3525 1572 quas
3571 1517 3644 1556 ex
3691 1500 3840 1556 omni

2191 1608 2406 1666 genere
2457 1591 2709 1664 piscium
2763 1595 3099 1665 congregat.
3147 1591 3293 1657 Quia
3345 1591 3418 1646 ad
3476 1594 3844 1662 peccatorum

2191 1681 2423 1737 veniam
2455 1682 2750 1752 sapientes
2780 1685 2837 1736 et
2865 1682 3078 1748 fatuos,
3109 1680 3324 1737 liberos
3371 1682 3428 1736 et
3477 1679 3845 1746 servos,divi-

433 1772 795 1846 luptate.Sed
828 1788 1032 1830 omnes
1059 1773 1121 1829 hi
1151 1772 1560 1846 decipiuntur:
1587 1772 1867 1844 quoniam
1899 1772 2084 1827 abun-
2193 1775 2285 1826 tes
2315 1775 2372 1826 et
2400 1787 2705 1843 pauperes,
2740 1771 2919 1826 fortes
2951 1769 3293 1826 etinﬁrmos
3337 1771 3522 1824 vocat.
3555 1767 3726 1825 Unde
3758 1785 3849 1840 per

429 1862 634 1918 dantia
669 1862 1002 1918 divitiarum
1051 1862 1466 1936 temporalium
1514 1877 1691 1935 egens
1741 1864 1862 1929 est;
1898 1859 2084 1916 honor
2116 1858 2162 1870 “’
2192 1858 2566 1916 Psalmistam
2603 1865 2714 1916 Deo
2747 1859 2982 1914 dicitur.
3008 1883 3038 1910 «
3069 1859 3153 1914 Ad
3187 1863 3244 1914 te
3275 1858 3466 1914 omnis
3499 1871 3634 1914 caro
3663 1859 3849 1914 veniet

425 1951 726 2008 mcularis
754 1951 1077 2008 inhonorus
1109 1955 1484 2024 est,potestas
1505 1951 1767 2006 humana
1787 1949 2081 2022 impotens

426 2045 554 2109 est;
589 2040 774 2114 gloria
801 2040 1161 2114 temporalis,
1194 2040 1342 2096 falsa
1365 2045 1486 2108 est;
1517 2039 1788 2111 voluptas
1819 2055 2084 2111 corpora-

429 2129 838 2198 lis,fastidiosa
867 2129 1048 2186 est.Et
1078 2129 1320 2202 insuper
1348 2128 1811 2200 unumquodque
1831 2128 2079 2184 istorum

430 2229 650 2276 vanum
679 2223 736 2274 et
764 2222 1237 2274 momentaneum
1260 2222 1363 2275 est.
1375 2219 1682 2290 Propterea
1703 2218 1958 2290 prudens
1981 2234 2079 2274 ne-

429 2309 685 2382 gotiator
713 2324 848 2363 cum
874 2308 1030 2363 videt
1061 2308 1216 2380 quod
1249 2308 1307 2362 in
1340 2307 1432 2362 his
1462 2307 1739 2364 omnibus
1769 2324 1914 2362 veras
1945 2307 2080 2362 bea-

431 2395 704 2454 titudinis
751 2396 1130 2469 margaritam
1177 2396 1437 2452 invenire
1483 2412 1598 2452 non
1631 2399 1841 2468 potest,
1873 2395 2082 2468 quaerit

429 2499 539 2560 per
567 2501 792 2542 sacram
825 2485 1207 2557 Seripturam,
1241 2490 1297 2542 et
1324 2485 1546 2542 invenit
1573 2503 1675 2558 per
1697 2485 1873 2540 ﬁdem
1903 2488 1962 2540 et
1982 2485 2080 2540 bo-

429 2591 572 2632 nam
603 2573 997 2647 operationem
1029 2573 1408 2647 margaritam
1437 2577 1660 2630 aeternae
1699 2573 2079 2630 beatitudinis

429 2663 495 2721 in
523 2663 638 2720 alia
665 2657 784 2720 vita
810 2663 1128 2736 repositam
1158 2680 1306 2731 esse,
1337 2666 1396 2719 et
1425 2661 1567 2719 dicit
1598 2679 1612 2718 :
1648 2683 1678 2714 ‹‹
1708 2663 1771 2718 In
1803 2661 2079 2719 omnibus

430 2752 694 2826 requiem
724 2751 985 2826 quaesivi,
1009 2755 1067 2808 et
1095 2752 1156 2808 in
1186 2751 1523 2808 hereditate
1552 2751 1784 2808 Domini
1809 2751 2082 2807 morabor

429 2832 621 2915 (Facti.
653 2841 826 2913 xxiv).
861 2863 890 2892 ››
923 2841 1109 2915 Igitur
1138 2843 1209 2897 ad
1239 2840 1402 2897 illam
1434 2839 1813 2896 obtinendam
1844 2839 2078 2896 inarde-

432 2925 567 2997 scit,
599 2933 834 3003 propter
861 2947 990 2988 eam
1019 2931 1218 2987 omnia
1245 2928 1592 3003 temporalia
1621 2928 1866 3003 negligit
1892 2932 1949 2985 et
1976 2927 2080 2985 tri-

429 3012 829 3093 buit.Pr0pter
857 3037 985 3078 eam
1016 3019 1288 3076 omnibus
1311 3020 1434 3076 suis
1456 3021 1631 3076 rebus
1652 3023 1709 3075 et
1729 3019 1966 3075 sibimet
1985 3019 2083 3074 ab-

430 3109 748 3178 renuntiat,
779 3127 908 3166 eam
941 3109 1128 3166 solam
1159 3109 1470 3176 desiderat,
1501 3126 1628 3164 eam
1661 3125 1764 3181 per
1809 3107 2081 3180 quaelibet

433 3207 642 3270 aspera
675 3177 908 3254 festinat
937 3198 1340 3271 possidere.De
1363 3177 1694 3268 cujusmodi
1718 3177 2004 3251 desiderio
2025 3199 2082 3252 et
2111 3177 2154 3244 α

433 3285 743 3343 dilectione
774 3288 920 3342 bene
943 3303 1044 3359 per
1064 3286 1435 3343 Salomonem
1459 3285 1706 3340 dicitur:
1733 3308 1759 3333 «
1786 3285 1972 3340 Fortis
1992 3289 2082 3340 est

430 3377 503 3431 ut
532 3391 691 3431 mors
720 3373 954 3430 dilectio
986 3375 1161 3446 (Cant.
1193 3377 1336 3443 vm),
1370 3396 1398 3424 »
1435 3373 1573 3445 quia
1614 3371 1882 3427 videlicet
1931 3373 2082 3428 sicut

433 3477 596 3520 mors
627 3479 841 3536 corpus
869 3463 1170 3529 interimit,
1205 3463 1287 3520 ita
1315 3463 1386 3518 ab
1418 3478 1615 3518 amore
1656 3461 1882 3526 mundi,
1914 3460 2082 3516 dilec-

432 3547 515 3608 tio
545 3557 770 3608 eterna
802 3553 1182 3608 beatitudinis
1213 3551 1594 3608 occidit.Nam
1626 3567 1798 3622 quem
1833 3550 2081 3622 perfecte

429 3639 902 3708 inebriaverit,ad
929 3644 1156 3698 terrena
1177 3640 1464 3697 desideria
1491 3639 1649 3695 velut
1677 3638 2077 3695 insensibilem

433 3729 642 3786 reddit.
673 3730 874 3802 Neque
901 3730 1057 3785 enim
1090 3729 1212 3786 haec
1243 3731 1432 3793 beata,
1466 3729 1636 3800 cujus
1667 3727 1840 3783 hodie
1870 3726 2078 3783 natali-

426 3816 561 3874 titia
587 3817 1125 3887 celebramus,mori
1153 3835 1256 3892 pro
1287 3817 1534 3874 Domino
1565 3817 1854 3890 potuisset
1879 3817 1936 3872 in
1961 3833 2081 3873 cor-

429 3907 708 3980 pore,nisi
733 3923 766 3963 a
785 3907 1032 3964 terrenis
1065 3907 1368 3965 desideriis
1399 3911 1631 3962 mortua
1659 3911 1814 3962 esset
1844 3905 1901 3960 in
1925 3922 2080 3962 men-

429 4000 508 4054 te.
541 3998 745 4054 Erecta
773 3997 932 4054 enim
981 3999 1043 4053 in
1090 3997 1326 4054 virtutis
1375 3995 1728 4062 constantia,
1761 3994 2078 4052 blanditias

429 4089 488 4143 et
515 4087 728 4154 minas,
755 4087 1174 4159 promissiones
1205 4091 1262 4144 et
1297 4089 1588 4143 tormenta
1633 4101 1796 4157 asque
1844 4090 2079 4157 propter

429 4185 596 4245 spem
627 4169 942 4231 indicibilis
973 4178 1028 4230 et
1049 4174 1428 4230 beatitudinis
1450 4179 1673 4230 aeternae
1695 4173 2073 4230 conculcavit.

427 4261 576 4317 Ante
604 4272 770 4334 reges
799 4267 857 4318 et
886 4263 1162 4335 prasides
1191 4264 1368 4320 ducta
1408 4263 1518 4319 fuit
1565 4261 1875 4318 sublimior
1908 4262 2076 4332 judi-

430 4351 893 4418 cante,sseviente
923 4351 1143 4409 fortior.
1161 4353 1305 4419 Quid
1338 4353 1410 4408 ad
1438 4353 1558 4407 haec
1588 4369 1695 4408 nos
1725 4351 1953 4407 barbati
1987 4351 2076 4406 di-

428 4449 557 4496 cere
585 4441 1032 4513 possumus,qui
1062 4441 1288 4514 puellas
1318 4441 1573 4496 cmlestia
1602 4457 1803 4512 rapere
1831 4457 1932 4512 per
1962 4441 2076 4495 fer-

428 4524 562 4584 r'um
590 4528 878 4600 videmus,
903 4546 1052 4612 quos
1095 4531 1182 4586 ira
1231 4531 1550 4603 perturbat,
1582 4529 1860 4602 superbia
1887 4529 2070 4600 inﬂat,
2107 4545 2152 4609 Ι)

429 4617 673 4674 ambitio
703 4624 970 4687 excaecat,
998 4619 1228 4675 luxuria
1257 4618 1562 4692 inquinat?
1592 4619 1700 4686 Qui
1733 4619 1781 4674 si
1826 4617 2073 4691 adipisci

431 4723 681 4780 regnum
713 4707 990 4764 ccelorum
1021 4726 1124 4781 per
1151 4709 1498 4781 sanguinem
1530 4707 1826 4775 nolumus,
1847 4707 1936 4762 vel
1968 4707 2077 4762 hoc

429 4796 600 4852 nobis
630 4801 799 4870 turpe
830 4797 924 4865 sit,
960 4799 1116 4870 quod
1147 4798 1462 4854 Dominum
1510 4814 1613 4870 per
1657 4813 1859 4868 pacem
1909 4796 2075 4868 sequi

426 4889 833 4958 aspernamur.
867 4887 1009 4943 Ecce
1039 4887 1188 4942 nulli
1229 4890 1495 4942 nostrum
1543 4885 1688 4941 dicit
1735 4885 1888 4940 Deus
1922 4901 1934 4939 :
1964 4889 2075 4941 Pro

425 4989 519 5029 me
546 4988 793 5040 morere,
823 4975 927 5030 sed
979 4979 1209 5030 tantum
1258 4972 1606 5046 cupiditates
1631 4970 1897 5028 carnales
1929 4970 1988 5026 in
2015 4975 2076 5027 te

423 5060 755 5128 eccide.Qui
775 5077 912 5134 ergo
934 5063 992 5118 in
1017 5080 1158 5135 pace
1187 5064 1326 5120 vitia
1357 5061 1548 5119 carnis
1578 5063 1787 5117 nostrae
1819 5064 2076 5116 mactare

424 5148 964 5223 nolumus,quando
995 5151 1054 5207 in
1081 5152 1230 5208 bello
1257 5168 1492 5208 carnem
1523 5151 1713 5224 ipsam
1743 5167 1846 5222 pro
1879 5148 2070 5205 Domi-

421 5254 498 5296 no
527 5241 901 5296 mactandam
926 5241 1276 5297 offeramus?

490 5327 553 5384 In
584 5328 754 5384 tertia
781 5343 914 5386 vero
962 5330 1241 5402 parabole
1289 5331 1556 5388 hortatur
1603 5346 1710 5386 nos
1757 5327 2067 5396 Dominus,

419 5415 738 5473 infernales
777 5435 980 5490 pinnas
1029 5436 1366 5492 praecavere,
1399 5437 1533 5476 cum
1586 5419 1785 5475 subdit
1817 5435 1829 5472 :
1863 5419 2068 5474 Iterum

417 5506 605 5563 simile
631 5515 709 5563 est
731 5523 964 5581 regnum
991 5509 1250 5566 arctorum
1296 5515 1350 5565 et
1393 5509 1687 5580 judicium
1735 5507 1898 5580 regni
1952 5523 2066 5562 cm-

418 5592 609 5653 lorum
641 5611 868 5671 sagenaa
915 5601 1104 5657 missae
1151 5601 1212 5653 in
1258 5613 1426 5665 mare,
1457 5606 1508 5654 et
1553 5614 1621 5652 ea:
1667 5599 1817 5652 omni
1871 5612 2066 5664 genere

2192 1949 2360 2021 (Psal.
2395 1949 2565 2020 LXIV).
2600 1971 2628 1999 »
2659 1951 2794 2016 Quze
2825 1965 3042 2022 sagena
3079 1952 3218 2004 tunc
3261 1948 3500 2003 domum
3546 1944 3847 2003 universa-

2186 2036 2321 2093 iiter
2349 2037 2688 2110 replebitur,
2721 2054 2857 2093 cum
2889 2037 2949 2092 in
3001 2038 3116 2093 ﬁne
3165 2053 3273 2092 suo
3319 2035 3566 2092 humani
3617 2037 3842 2109 generis

2191 2142 2427 2183 summa
2456 2125 2857 2182 concludetur.
2886 2128 3070 2193 Quam
3103 2125 3363 2181 educunt
3392 2129 3449 2181 et
3479 2133 3657 2203 secus
3685 2124 3840 2180 littus

2190 2216 2413 2283 sedent,
2447 2232 2582 2270 cum
2615 2217 2685 2271 ad
2719 2217 2895 2271 ﬁnem
2927 2215 3133 2270 mundi
3167 2231 3296 2270 eam
3346 2214 3612 2281 trahunt,
3651 2218 3710 2270 et
3737 2213 3838 2288 ipsi

2180 2304 2414 2377 judices
2442 2305 2666 2371 sedent,
2699 2309 2755 2360 et
2783 2305 2921 2360 boni
2953 2305 3190 2378 quidem
3232 2304 3422 2378 pisces
3453 2303 3517 2360 in
3546 2303 3712 2360 vasis
3742 2303 3839 2360 eli-

2189 2394 2574 2468 guntur,mali
2604 2411 2736 2450 vero
2771 2395 2926 2451 foras
2954 2392 3363 2466 projiciuntur,
3398 2393 3540 2465 quia
3583 2393 3755 2450 electi
3781 2394 3833 2448 in

2187 2482 2452 2540 cmlestes
2481 2484 2818 2540 mansiones
2865 2483 3248 2556 recipiuntur,
3280 2487 3339 2540 et
3385 2483 3621 2556 reprobi
3672 2481 3834 2556 longe

2188 2571 2248 2627 in
2281 2576 2526 2629 aeternas
2565 2573 2834 2629 tenebras
2882 2573 3288 2646 projiciuntur.
3323 2569 3491 2628 Nunc
3540 2571 3705 2628 enim
3749 2573 3837 2627 bo-

2189 2678 2296 2719 nos
2327 2661 2630 2735 malosque
2660 2662 3052 2718 communiter
3080 2660 3350 2718 Ecclesiae
3380 2677 3605 2735 sagena
3656 2661 3836 2719 conti-

2187 2755 2288 2808 net
2319 2767 2332 2807 :
2366 2751 2467 2808 sed
2499 2749 2666 2809 littus
2696 2751 2920 2808 indicat
2949 2751 3090 2824 quid
3119 2749 3483 2808 trahebat.Et
3503 2751 3705 2824 pisces
3725 2751 3840 2824 qui-

2189 2839 2322 2895 dem
2355 2840 2506 2912 capti
2539 2857 2655 2896 non
2687 2845 2936 2913 possunt
2966 2840 3326 2909 mutari,nos
3353 2843 3488 2896 vero
3520 2857 3631 2913 per
3663 2840 3835 2914 pceni-

2187 2929 2430 2985 tentiam
2458 2931 2528 2986 de
2559 2929 2712 2986 malo
2735 2929 2795 2986 in
2829 2930 3048 2986 bonum
3098 2945 3417 3002 possumus
3460 2929 3833 2987 commutari.

2189 3019 2341 3074 Dum
2371 3018 2504 3074 licet
2522 3020 2894 3092 ergo,fratres
2913 3019 3115 3088 mei,in
3139 3019 3352 3075 melius
3372 3018 3554 3074 vitam
3579 3024 3835 3076 nostram

2188 3113 2692 3180 permutemus,ne
2722 3110 2780 3164 in
2813 3110 2928 3165 ﬁne
2959 3127 2994 3164 a
3023 3113 3359 3165 sanetorum
3381 3108 3668 3165 societate
3688 3126 3838 3182 sepa-

2193 3197 2388 3268 rati,in
2417 3203 2693 3254 aeternam
2724 3198 3162 3254 damnationem
3193 3197 3771 3270 projiciamur.Unde
3790 3201 3836 3253 et

2191 3286 2340 3342 hanc
2369 3287 2704 3358 parabolam
2736 3286 3021 3344 Dominus
3050 3304 3344 3359 exponens
3366 3287 3568 3343 subdit
3593 3305 3608 3342 :
3634 3287 3731 3343 Sic
3747 3289 3837 3342 erit

2189 3377 2249 3431 in
2280 3379 2742 3433 consummatione
2769 3378 2984 3436 saeculi.
3018 3378 3262 3433 Exibunt
3291 3377 3496 3449 angeli,
3532 3385 3586 3433 et
3621 3394 3833 3450 separa-

2191 3465 2325 3522 bunt
2347 3466 2522 3522 malos
2551 3467 2612 3522 de
2641 3467 2818 3523 medio
2839 3469 3133 3540 justorum,
3165 3473 3215 3522 et
3259 3469 3476 3522 mittent
3517 3481 3610 3523 eos
3659 3469 3718 3522 in
3756 3482 3833 3521 ra-

2186 3556 2404 3610 minum
2433 3557 2600 3624 ignis,
2627 3555 2708 3611 ibi
2731 3558 2838 3612 erit
2861 3557 3020 3627 fletus
3055 3563 3106 3613 et
3149 3555 3354 3612 stridor
3397 3555 3678 3611 dentium.
3707 3559 3830 3622 Hoc,

2187 3642 2396 3699 fratres
2427 3644 2561 3711 mei,
2596 3643 2789 3716 potius
2815 3641 3148 3700 timendum
3185 3649 3276 3700 est
3322 3659 3500 3716 quam
3549 3659 3832 3717 exponen-

2189 3731 2563 3804 dum.Aperte
2592 3732 2749 3788 enim
2775 3734 3156 3806 reproborum
3183 3737 3473 3789 tormenta
3491 3729 3834 3790 denuntian-

2187 3823 2283 3875 tur
2313 3836 2384 3876 ne
2415 3819 2629 3893 aliquis
2661 3821 3173 3896 perignorantiam
3193 3839 3256 3879 se
3279 3824 3670 3891 excusaret,'si
3692 3828 3834 3880 ater-

2188 3925 2264 3990 na
2280 3909 2576 3966 damnatio
2593 3911 2840 3967 obscure
2857 3911 3452 3985 designaretur.Unde
3467 3917 3525 3968 et
3543 3911 3828 3968 subditur:

2185 3997 2544 4054 Intellexistis
2573 3999 2692 4056 haec
2719 4003 2906 4056 omnia
2929 4003 2950 4056 Ρ
2970 4003 3173 4057 Dicunt
3200 4003 3256 4058 ei
3274 4019 3293 4055 :
3314 4002 3513 4057 Etiam.
3547 4003 3640 4056 Ad
3673 3999 3831 4058 disci-

2186 4086 2356 4159 pulos
2373 4087 2648 4161 dirigitur
2661 4105 2852 4146 sermo
2875 4090 2974 4162 qui
2999 4089 3183 4147 futuri
3196 4093 3366 4146 erant
3385 4089 3642 4146 aliorum
3668 4087 3832 4162 magi-

2185 4175 2535 4248 stri,quibus
2567 4178 2768 4233 datum
2801 4186 2889 4234 est
2918 4196 3091 4235 nosse
3121 4177 3395 4251 mysteria
3415 4179 3583 4251 regni
3607 4179 3830 4248 Deﬂete-

2184 4265 2326 4321 teris
2349 4269 2544 4322 autem
2575 4266 2635 4321 in
2666 4267 3054 4340 parabolis.ln
3086 4271 3296 4341 quarta
3324 4268 3565 4324 demum
3597 4268 3831 4340 parabo-

2182 4352 2433 4422 la,docet
2463 4355 2749 4411 Dominus
2781 4373 2888 4412 nos
2927 4355 3355 4428 praedicatores,
3387 4361 3694 4428 quatenus
3722 4361 3830 4412 tan-

2184 4459 2362 4514 quam
2392 4443 2594 4499 scribae
2621 4447 2678 4500 et
2707 4445 2919 4500 notarii
2951 4446 3098 4516 ejus,
3131 4445 3306 4501 verba
3358 4461 3468 4501 sua
3511 4444 3575 4502 in
3617 4443 3827 4502 tabulis

2183 4531 2375 4587 cordis
2397 4531 2614 4604 scripta
2633 4537 3024 4600 teneamus,et
3046 4533 3270 4590 caeteris
3290 4550 3358 4589 ea
3376 4532 3677 4591 instanter
3696 4552 3824 4608 pra-

2184 4619 2465 4687 dicemus,
2501 4637 2636 4676 cum
2665 4621 2864 4677 subdit
2897 4640 2910 4678 :
2943 4621 3068 4678 Ideo
3105 4623 3285 4678 omnis
3329 4622 3510 4679 scriba
3559 4623 3748 4680 doctus
3775 4626 3824 4677 in

2182 4725 2347 4777 regno
2375 4708 2656 4776 actorum,
2687 4711 2745 4767 id
2777 4715 2866 4767 est
2893 4711 2953 4766 in
2982 4710 3258 4780 Ecclesia,
3285 4712 3491 4768 simitis
3539 4721 3621 4768 est
3665 4713 3823 4769 homi-

2271 4800 2691 4870 patrifamilias,
2721 4801 2819 4872 qui
2863 4802 3075 4873 profert
3113 4799 3178 4856 de
3209 4801 3463 4857 thesauro
3491 4817 3596 4856 sua
3619 4817 3759 4858 nova
3781 4808 3824 4854 et

2181 4889 2380 4942 vetera.
2413 4889 2574 4953 Quod
2623 4887 2930 4962 tripliciter
2959 4887 3208 4962 intelligi
3239 4893 3450 4962 potest.
3484 4884 3820 4948 Paterfami-

2183 4973 2292 5030 lias
2321 4975 2476 5030 enim
2509 4978 2726 5048 profert
2751 4979 2822 5034 de
2851 4977 3146 5034 thesauris
3179 4978 3305 5034 suis
3333 4994 3515 5036 novos
3539 4984 3596 5036 et
3609 4984 3819 5036 veteres

2183 5063 2634 5130 fructus,vinum
2665 5083 2879 5123 novum
2905 5072 2962 5122 et
2989 5067 3402 5139 vetus,quibus
3435 5083 3535 5124 cor
3573 5069 3819 5126 conviva-

2178 5169 2310 5208 rum
2362 5170 2603 5211 suorum
2651 5155 2986 5212 corroboret
3031 5159 3089 5212 et
3137 5156 3382 5214 reﬁciat.
3413 5155 3508 5214 Sic
3537 5161 3596 5214 et
3625 5159 3816 5214 doctus

2177 5243 2523 5314 praedicator
2550 5245 2767 5318 profert
2795 5245 2868 5301 de
2895 5245 3175 5302 thesauro
3217 5245 3493 5302 doctrina
3541 5261 3663 5304 suae
3706 5250 3813 5301 tam

2178 5343 2386 5385 novam
2415 5347 2594 5402 quam
2623 5337 2873 5389 veterem
2896 5331 3107 5406 legem,
3134 5331 3352 5405 quibus
3373 5347 3475 5388 cor
3493 5333 3809 5390 auditorum

2176 5433 2419 5474 suorum
2450 5421 2754 5476 conﬁrmet
2783 5425 2840 5477 et
2866 5427 3085 5494 pascat.
3113 5423 3383 5479 Secundo
3405 5420 3810 5494 paterfamilias

2175 5508 2395 5579 profert
2423 5510 2494 5564 de
2521 5511 2794 5567 thesauro
2827 5525 2933 5568 suo
2957 5517 3085 5568 tam
3131 5515 3352 5567 veteres
3403 5507 3641 5567 divitias
3667 5527 3700 5567 a
3721 5521 3807 5582 pa-

2173 5595 2362 5654 tribus
2395 5597 2518 5655 suis
2549 5599 2860 5659 derelictas
2891 5603 3068 5672 quam
3107 5607 3286 5657 navas
3313 5615 3351 5656 a
3382 5598 3578 5673 seipse
3626 5597 3804 5670 aequi;
