3988 6074
223 309 385 383 1628

666 317 968 381 THOMJE
993 315 1325 380 EBORAG.
1351 315 1553 378 EPIC.
1585 315 1971 378 EPISTOLA
2015 313 2116 376 AD
2147 312 2511 376 ARCHIEP.
2545 314 2646 377 ΕΤ
2673 315 2920 378 EPISC.
2953 317 3187 379 ANGL.

3474 318 3502 381 ι
3513 316 3632 383 826

221 453 388 511 sitas.
421 453 514 508 Sic
546 454 601 507 et
639 452 845 507 doctus
881 450 1224 522 praedicator
1252 450 1470 521 profert
1500 451 1567 503 de
1597 449 1869 503 thesauro
1900 450 1952 515 Α
1984 449 2132 519 quod
2170 452 2345 513 amet,
2366 447 2568 502 audiat
2597 449 2668 503 de
2699 449 2985 521 supplicio
3013 451 3164 521 quod
3191 447 3413 522 timeat,
3433 460 3631 512 utter-

221 540 497 599 doctrinze
528 557 648 598 suae
681 545 800 596 tam
834 544 1057 596 veteres
1087 539 1406 594 sententias
1439 543 1495 593 et
1539 537 1864 609 parabolas,

217 642 253 688 a
279 630 572 688 veteribus
621 630 894 686 Patribus
941 629 1321 701 conscriptas,
1376 645 1552 700 quam
1585 644 1763 683 novas
1795 628 1865 682 ad

215 719 548 792 exemplum
580 719 957 791 antiquarum
989 718 1360 790 excogitatas.
1387 715 1578 772 Tertio
1611 731 1863 788 quoque,

211 808 634 883 paterfamilias
667 807 884 881 profert
929 808 1001 863 de
1051 808 1328 862 thesauro
1377 806 1697 878 prudentiae
1747 822 1864 860 sua

211 898 632 972 promissiones
665 913 946 952 novorum
988 896 1383 969 praemiorum,
1416 901 1518 950 aut
1549 895 1742 950 minas
1769 909 1864 950 ve-

211 989 406 1044 terum
466 985 913 1059 suppliciorum,
968 984 1184 1058 quibus
1225 984 1510 1040 familiam
1560 1001 1727 1039 suam
1767 987 1867 1038 aut

209 1075 426 1141 trahat,
460 1077 562 1130 aut
591 1073 897 1129 deterreat.
929 1072 1018 1128 Sic
1050 1075 1108 1127 et
1135 1073 1340 1128 doctus
1384 1071 1726 1143 praedicator
1757 1071 1868 1126 scit

213 1177 365 1220 nova
394 1164 650 1236 proferre
679 1163 750 1217 de
783 1161 1066 1218 suavitate
1097 1161 1261 1233 regni
1292 1159 1566 1227 caelestis,
1591 1164 1648 1214 et
1675 1163 1867 1214 vetera

215 1253 290 1309 de
318 1258 539 1309 terrore
567 1250 838 1324 supplicii
880 1250 1244 1323 gehennalis.
1275 1248 1498 1305 Veteris
1545 1249 1700 1304 enim
1731 1249 1864 1303 Adae

212 1343 494 1399 meritum
526 1345 648 1398 erat
689 1342 762 1398 ad
807 1341 1036 1396 inferna
1081 1339 1450 1406 descendere,
1484 1337 1731 1410 novique
1760 1337 1866 1393 ho-

212 1432 395 1489 minis
418 1429 640 1488 Christi
671 1430 944 1487 meritum
976 1433 1064 1484 est
1094 1428 1304 1484 caelum
1333 1427 1592 1483 introire.

285 1520 403 1578 Hoc
429 1537 568 1594 ergo
613 1519 674 1576 in
724 1518 1096 1576 conclusione
1144 1518 1308 1590 ponit
1353 1517 1508 1589 quod
1558 1515 1860 1588 praemisit.

209 1606 378 1669 Prius
436 1609 591 1666 enim
637 1610 709 1665 de
755 1607 916 1682 regni
968 1606 1358 1664 similitudine
1404 1605 1772 1673 thesaurum,
1807 1609 1864 1661 et

204 1697 422 1758 bonam
439 1698 823 1772 margaritam
843 1696 1137 1771 produxit,
1153 1700 1286 1768 post
1305 1696 1374 1751 de
1395 1695 1684 1750 malorum
1708 1710 1862 1750 com-

202 1788 479 1848 bustione
510 1787 835 1860 subjunxit.
885 1787 1030 1842 Hinc
1073 1785 1427 1842 concludens
1459 1784 1660 1841 subdit
1693 1802 1705 1840 :
1741 1784 1860 1841 Ideo

205 1880 388 1936 omnis
417 1878 600 1934 scriba
631 1877 816 1934 doctus
845 1878 903 1932 in
931 1891 1096 1946 regno
1125 1876 1381 1931 caelorum
1427 1875 1630 1929 similis
1659 1882 1734 1929 est
1759 1890 1860 1945 pa-

205 1968 550 2042 trifamilias,
567 1969 664 2040 qui
685 1967 897 2038 profert
916 1966 981 2021 de
1007 1967 1258 2021 thesauro
1286 1979 1382 2020 suo
1409 1979 1550 2019 nova
1577 1971 1630 2019 et
1657 1971 1854 2018 vetera.

206 2061 289 2116 Ac
320 2058 368 2114 si
401 2061 597 2130 aperte
629 2055 820 2112 dicat:
848 2053 948 2111 Ille
978 2056 1184 2111 doctus
1213 2054 1272 2109 in
1302 2053 1561 2110 Ecclesia
1592 2053 1862 2125 prazdica-

209 2152 304 2204 tor
357 2151 463 2217 est,
511 2146 612 2218 qui
659 2145 818 2202 novit
863 2145 1117 2218 proferre
1165 2161 1313 2199 nova
1354 2144 1426 2199 de
1473 2143 1862 2215 promissione

211 2236 380 2311 regni
408 2234 786 2301 caelorum,“
817 2239 1006 2290 vetera
1039 2233 1109 2289 de
1139 2232 1591 2289 comminatione
1622 2232 1866 2305 gehenn-

212 2323 360 2383 lium
391 2327 918 2392 tormentorum,ut
934 2323 1020 2379 vel
1052 2340 1236 2396 poena:
1264 2326 1520 2378 terreant
1551 2338 1698 2394 quos
1729 2339 1869 2394 prae-

1979 541 2210 610 pentem
2244 538 2511 592 animum
2542 543 2599 592 et
2625 543 2790 592 terrae
2821 538 3196 596 vehementer
3224 541 3626 614 inhaerentem,

1977 630 2034 682 et
2063 626 2110 683 si
2144 644 2258 682 non
2289 626 2484 681 trahat
2512 628 2584 682 ad
2612 643 2857 699 regnum
2887 645 3070 698 amor,
3089 629 3285 686 trahat
3302 631 3390 687 vel
3422 637 3627 690 terror.

1975 716 2119 772 Ecce
2149 716 2306 771 enim
2340 717 2410 771 de
2435 716 2806 787 expressione
2837 717 3114 788 gehennae
3145 719 3362 776 dicitur
3383 739 3397 777 :
3417 722 3499 778 Ibi
3527 727 3634 782 erit

1973 807 2132 876 ﬂetus
2161 813 2211 861 et
2238 805 2443 861 stridor
2473 805 2737 861 dentium.
2773 802 2920 872 Quia
2948 823 3082 878 ergo
3128 814 3473 879 praesentem
3501 812 3629 885 glo-

1976 895 2122 950 riam
2181 900 2509 967 sequuntur
2564 894 2823 950 lamenta
2890 901 3189 968 perpetua,
3250 898 3346 954 hic
3393 917 3626 972 vanam,

1976 983 2184 1041 fratres
2216 985 2350 1052 mei,
2371 984 2631 1040 latitiam
2665 984 2982 1057 fugiamus,
3003 1002 3074 1041 ne
3105 985 3223 1042 illic
3253 987 3312 1042 in
3345 994 3629 1048 aeternum

1976 1073 2315 1129 deﬂeamus.
2349 1072 2530 1129 Nemo
2563 1073 2715 1128 enim
2750 1077 2941 1146 potest
2968 1079 3027 1130 et
3055 1075 3148 1131 hic
3197 1078 3450 1149 gaudere
3496 1095 3629 1136 cum

1975 1162 2207 1230 saeculo,
2259 1167 2316 1218 et
2365 1161 2481 1218 illic
2531 1179 2773 1235 regnare
2822 1179 2957 1219 cum
2991 1169 3123 1220 Deo.
3160 1165 3322 1222 Unde
3354 1167 3629 1226 Salomon

1974 1252 2058 1307 ait
2088 1268 2101 1307 :
2137 1275 2165 1302 «
2209 1253 2310 1307 Est
2353 1255 2590 1324 tempus
2635 1251 2830 1321 ﬂendi,
2881 1257 2938 1308 et
2985 1257 3073 1310 est
3115 1259 3352 1328 tempus
3403 1258 3632 1315 ridendi

1973 1341 2178 1410 (Eccle.
2213 1344 2319 1410 ιιι).
2357 1363 2384 1391 ››
2435 1340 2552 1409 Hic,
2601 1340 2808 1398 fratres
2857 1342 2994 1411 mei,
3038 1347 3127 1400 est
3171 1349 3408 1418 tempus
3454 1347 3632 1407 ﬂendi

1974 1434 2174 1486 nostra
2201 1430 2289 1486 vel
2322 1429 2512 1486 aliena
2541 1434 2777 1503 peccata
2803 1449 2815 1500 ;
2849 1431 2909 1486 in
2942 1431 3057 1488 alia
3085 1449 3218 1490 vero
3247 1433 3368 1491 vita
3395 1440 3631 1512 tempus

1973 1517 2200 1574 ridendi
2236 1535 2249 1574 :
2284 1535 2417 1573 cum
2452 1535 2554 1591 pro
2601 1518 2870 1576 evasione
2903 1519 3318 1592 periculorum,
3351 1528 3478 1581 tum
3525 1541 3630 1599 pro

1973 1605 2280 1676 adeptione
2352 1609 2705 1662 aeternorum
2781 1607 3151 1680 gaudiorum.
3224 1613 3630 1686 Temporalem

1970 1692 2153 1766 igitur
2180 1693 2442 1749 laetitiam
2477 1694 2535 1749 in
2568 1695 2742 1751 fletus
2773 1697 3124 1768 poenitentiae
3168 1707 3630 1773 commutemus,

1973 1783 2165 1839 carnis
2220 1781 2624 1856 voluptatibus
2683 1786 3189 1856 abrenuntiemus,
3219 1785 3279 1844 in
3328 1791 3631 1852 laboribus

1963 1871 2208 1943 justitiae
2241 1889 2347 1928 nos
2379 1889 2772 1946 exerceamus,
2790 1891 3064 1933 excessus
3097 1883 3327 1936 nostros
3350 1883 3631 1955 operibus

1972 1961 2384 2018 misericordias
2435 1963 2815 2034 redimamus,
2851 1966 2924 2021 ob
2971 1967 3328 2026 desiderium
3373 1972 3631 2032 scelestis

1972 2051 2233 2108 thesauri
2265 2056 2468 2107 nostra
2511 2052 2960 2125 distribuamus,
2995 2059 3194 2115 omnia
3242 2061 3464 2119 caduca
3491 2080 3630 2136 pro-

1974 2145 2104 2213 pter
2129 2141 2325 2213 ipsum
2356 2145 2640 2214 tanquam
2675 2147 2929 2200 stercora
2959 2145 3474 2219 reputemus,i'liuc
3506 2167 3632 2209 sus-

1977 2229 2163 2302 piriis,
2216 2230 2357 2286 illuc
2413 2231 2719 2287 desideriis
2769 2235 3134 2308 festinemus,
3179 2243 3471 2310 quatenus
3529 2257 3660 2315 per-

1978 2319 2456 2376 intercessionem
2484 2321 2664 2393 hujus
2695 2325 3037 2391 sanctae,cui
3065 2325 3236 2384 hodie
3263 2329 3627 2402 festivamus,

216 2415 344 2472 mia
373 2431 490 2471 non
514 2413 874 2471 'demulcent.
907 2413 1122 2469 Audiat
1158 2410 1568 2484 unusquisque
1595 2412 1665 2466 de
1692 2426 1868 2482 regno
1977 2410 2212 2466 tandem
2246 2409 2360 2465 laeti
2393 2409 2691 2482 pervenire
2721 2411 3040 2471 valeamus.
3075 2417 3276 2476 Amen.

219 2613 3628 2670 Ἀ

1664 2829 1816 2871 ANNO
1855 2830 2062 2871 DOMINI
2101 2830 2176 2870 HC

1475 3010 2355 3172 THOMAS

773 3308 1987 3444 EBORACENSIS‘
2092 3309 3078 3449 EPISCOPUS

1047 3680 1733 3770 EPI'PAPHIUM
1795 3679 2421 3770 GUILLELMI
2478 3683 2799 3772 REGIS

1037 3858 1206 3930 (Vide
1234 3859 1293 3914 in
1327 3857 1657 3925 Guillelmo,
1687 3859 2020 3930 Patrologiae
2050 3862 2171 3914 tom
2203 3858 2435 3929 CXLIX,
2470 3858 2578 3915 col.
2613 3860 2798 3931 1271.)

1112 4151 1690 4239 EPISTOL/E
1748 4153 1890 4236 AD
1953 4151 2726 4243 LANFBANGUM

995 4328 1159 4401 (Vide
1189 4327 1248 4383 in
1281 4327 1624 4396 Lanfranco,
1654 4327 1987 4396 Patrologiae
2015 4330 2156 4383 tom.
2187 4327 2296 4395 GL,
2330 4327 2436 4384 col.
2471 4330 2578 4385 518
2605 4333 2662 4386 et
2694 4331 2840 4404 seq,)

749 4803 844 4860 AD
883 4800 1476 4859 ARCHIEPISCO‘POS
1515 4801 1606 4858 ET
1643 4800 2020 4858 EPISCOPOS
2059 4802 2193 4858 PER
2229 4802 2556 4860 ANGLIAM
2595 4803 3076 4864 CONSTITUTOS

1339 4958 1427 5016 De
1456 4955 1724 5018 sanitate
1753 4953 1872 5016 sibi
1901 4954 2146 5018 caelitus
2173 4956 2482 5019 restituta.

929 5117 1096 5190 (Rog.
1127 5131 1200 5173 es
1236 5115 1529 5184 Hovensu,
1561 5115 1760 5172 Annal.
1793 5119 1956 5188 parte
1985 5132 2026 5184 ι,
2059 5133 2118 5189 p.
2146 5116 2274 5187 263,
2308 5116 2447 5175 edit.
2478 5116 2664 5174 Lond.
2700 5117 2884 5190 1596.)

276 5437 541 5508 Tuoms,
575 5437 676 5495 Dei
708 5437 896 5512 gratia
922 5437 1305 5496 Eboracensis
1352 5437 1846 5511 archiepiscopus,
1883 5439 1924 5507 C
1957 5438 2216 5496 Eboraco
2255 5437 2707 5512 archiepiscopis
2751 5440 3134 5512 successuris,
3167 5442 3227 5499 in
3257 5446 3610 5518 perpetuum

201 5525 512 5600 episeopis,
548 5527 861 5584 abbatibus
900 5543 1003 5601 per
1047 5526 1316 5600 Angliam
1345 5529 1468 5582 tam
1517 5527 1850 5584 constitutis

203 5631 383 5686 quam
419 5615 481 5674 in
513 5620 815 5690 posterum
845 5616 1227 5685 successuris,
1261 5619 1318 5673 et
1346 5615 1617 5674 omnibus
1647 5616 1758 5675 sibi
1787 5617 1851 5674 in

1960 5527 2232 5586 salutem.

2031 5620 2174 5675 Cum
2207 5620 2473 5674 nostrum
2505 5616 2582 5675 sit
2605 5619 2862 5678 ofﬁcium
2884 5620 3160 5679 omnibus
3188 5625 3465 5694 praestare
3494 5622 3611 5695 pie-
