3984 6082
407 305 562 373 1627

1616 308 1994 372 RIGHARDI
2037 310 2138 372 DE
2181 309 2604 374 DUMELLIS.

3660 305 3826 373 1628

401 443 543 500 tatis
573 437 944 515 obsequium,
963 438 1056 498 his
1085 444 1282 498 tamen
1315 441 1565 499 maxime
1595 447 1932 499 sanctorum
1956 445 2053 499 Dei
2081 446 2138 512 Α
2169 449 2226 500 et
2274 460 2563 501 consensu
2612 443 2992 501 Eboracensis
3038 441 3302 518 capituli,
3336 443 3410 501 do
3459 448 3518 501 et
3565 444 3823 502 concedo

403 531 686 589 debemus
717 529 1065 604 obsequium
1098 535 1308 587 nostra:
1336 531 1661 588 devotionis
1690 532 2049 604 impendere,

405 639 440 678 a
469 621 686 694 quibus
720 637 826 677 nos
857 624 1084 677 constat
1103 619 1393 692 peculiare
1419 621 1682 678 muneris
1703 621 2051 677 beneﬁcium

404 710 779 783 percepisse:
822 725 930 765 nos
959 709 1198 781 quidem
1250 708 1477 780 ﬂagello
1527 710 1625 766 Dei
1679 710 1964 782 castigati,
1999 714 2055 766 et

403 799 654 856 febrium
684 797 1067 871 languoribus
1087 815 1190 870 per
1206 797 1508 853 biennium
1533 799 1705 854 modo
1729 799 2052 856 incredibili

403 889 612 954 exusti,
645 903 781 944 cum
835 904 1040 943 omnes
1085 886 1295 942 medici
1343 885 1527 942 solius
1575 889 1783 944 mortis
1832 888 2052 944 exitum

403 977 573 1034 nobis
602 975 930 1049 prominere
961 975 1384 1048 promitterent,
1419 976 1618 1048 nilque
1649 995 1910 1049 unquam
1947 978 2055 1032 fuit

401 1066 463 1122 in
496 1083 610 1139 quo
643 1065 930 1122 continua:
962 1081 1170 1120 noxam
1221 1064 1588 1136 aegritudinis
1635 1069 2050 1138 temperarent,

401 1172 506 1228 per
553 1154 745 1210 visum
797 1169 932 1226 ergo
981 1153 1374 1210 commonitus
1420 1154 1491 1209 ad
1549 1155 1814 1210 tumbam
1866 1155 2054 1210 sancti

402 1244 727 1311 Cuthberti,
743 1259 984 1316 gemens
1007 1246 1063 1298 et
1085 1243 1338 1298 fremens
1360 1244 1713 1314 pernoctavi,
1728 1244 1828 1316 qui
1851 1245 2052 1300 morbo

401 1333 580 1390 simul
607 1337 664 1390 et
695 1332 847 1390 mole
868 1331 1166 1404 fatigatus,
1201 1332 1341 1387 dum
1373 1349 1646 1388 somnum
1679 1333 1965 1404 subripui,
1992 1333 2051 1388 in

399 1421 590 1478 visum
641 1422 784 1478 mihi
835 1421 1039 1476 beatus
1087 1419 1440 1475 Cuthbertus
1487 1420 1690 1487 astitit,
1723 1421 1822 1494 qui
1871 1439 2050 1477 manu

401 1528 510 1568 sua
542 1509 777 1584 singula
807 1509 1072 1564 membra
1103 1525 1232 1564 mea
1261 1509 1332 1564 de
1361 1508 1703 1565 inﬁrmitate
1747 1528 1877 1566 mea
1923 1528 2050 1583 per-

399 1616 642 1656 currens
671 1616 805 1654 mox
833 1597 1173 1671 vigilantem
1206 1597 1278 1652 ab
1301 1597 1460 1652 omni
1483 1598 1822 1655 inﬁrmitate
1841 1617 2051 1655 sanum

399 1687 671 1757 reddidit,
706 1691 764 1744 et
793 1703 886 1744 me
915 1686 1026 1744 sibi
1068 1686 1130 1742 in
1177 1686 1455 1743 omnibus
1503 1688 1776 1744 devotum
1826 1689 1966 1756 fore,
1995 1693 2052 1745 et

398 1794 763 1852 quaecunque
793 1777 851 1833 in
885 1794 1014 1832 mea
1044 1776 1300 1844 dimcesi,
1324 1777 1448 1848 ipse
1477 1777 1564 1832 vel
1596 1777 1688 1833 sui
1721 1780 2050 1849 possessuri

395 1872 582 1934 erant,
615 1867 686 1922 ab
731 1865 891 1923 omni
941 1865 1301 1938 fatigatione,
1335 1882 1541 1921 secura
1587 1870 1644 1922 et
1691 1866 1873 1923 libera
1920 1885 2048 1924 esse

395 1957 704 2030 praecepit;
738 1955 956 2029 quique
1005 1955 1156 2010 beati
1201 1955 1551 2011 confessoris
1590 1956 1831 2027 adjutus
1871 1957 2047 2012 benc-

395 2046 566 2114 ﬁciis,
598 2063 664 2102 eo
693 2045 744 2100 ei
773 2043 1032 2100 devotior
1059 2043 1273 2110 exstiti,
1309 2060 1423 2116 quo
1468 2045 1692 2115 majora
1722 2045 2046 2116 persolvere

395 2134 590 2191 debui.
621 2132 937 2190 Willielmo
969 2132 1203 2188 interim
1232 2131 1610 2189 Dunelmensi
1653 2133 1944 2206 episcopo,
1976 2135 2046 2190 de

394 2225 532 2281 sede
577 2222 894 2296 apostolica
941 2220 1166 2276 litteras
1210 2221 1470 2293 Gregorii
1511 2239 1672 2294 papae
1706 2223 1941 2295 septimi
1973 2225 2044 2280 ad

393 2309 691 2366 Willielmi
723 2308 878 2382 regis
909 2307 1220 2364 concilium
1254 2309 1410 2380 apud
1456 2312 2043 2368 Westmonasterium

393 2399 707 2467 deferente,
740 2396 1052 2468 canonicos
1095 2396 1166 2452 de
1213 2396 1460 2453 ecclesia
1515 2415 1623 2454 sua
1681 2417 1944 2457 amovere
1989 2406 2046 2458 et

392 2487 711 2544 monachos
723 2485 1368 2556 substituere,omnium
1389 2504 1676 2544 consensu
1692 2488 2040 2562 impetravit.

393 2576 616 2643 Quibus
673 2574 992 2649 plurimum
1051 2574 1309 2648 gavisus,
1370 2592 1438 2631 ex
1484 2582 1767 2649 praecepto
1819 2580 2042 2650 praefati

393 2683 574 2739 papas,
607 2669 663 2721 et
693 2662 1032 2736 eximperio
1063 2663 1285 2719 domini
1337 2664 1490 2738 regis
1540 2665 1840 2722 Willielmi
1891 2668 2042 2724 beati

391 2754 730 2821 Cuthberto,
757 2757 814 2809 et
841 2755 970 2824 ejus
999 2753 1292 2826 episcOpo,
1325 2758 1381 2809 et
1411 2755 1687 2811 omnibus
1739 2758 2042 2814 monachis

391 2843 444 2900 ei
489 2842 896 2912 servientibus,
931 2859 1220 2898 consensu
1266 2847 1323 2898 et
1371 2843 1755 2915 permissione
1803 2847 2043 2918 capituli

394 2933 653 2999 Eboraci,
689 2937 743 2988 et
773 2931 953 2988 totius
985 2931 1190 3004 synodi
1222 2933 1682 3001 confirmatione,
1715 2935 1869 3000 dedi,
1903 2953 2042 2991 con-

391 3021 632 3091 cessi,et
660 3020 931 3094 prasenti
951 3020 1154 3076 charta
1187 3021 1617 3090 conﬁrmavi,et
1646 3027 1777 3095 post
1806 3025 2044 3096 propria

391 3128 570 3168 manu
602 3127 778 3184 super
808 3109 989 3166 altare
1018 3113 1219 3166 sancto
1261 3109 1576 3167 Cuthberto
1605 3112 1812 3168 obtuli.
1844 3113 2044 3169 Sciant

2163 533 2278 589 Deo
2308 537 2364 589 et
2395 537 2593 589 sancto
2625 532 3034 601 Cuthberto,et
3062 533 3339 590 omnibus
3370 533 3500 605 ejus
3527 532 3824 607 episcopis

2163 623 2546 690 suceessuris,
2571 627 2627 678 et
2647 622 2922 678 omnibus
2953 621 3258 678 monachis
3289 622 3509 678 ibidem
3539 621 3602 678 in
3633 627 3826 694 poste-

2163 729 2295 766 rum
2341 711 2576 781 futuris,
2611 715 2674 766 ut
2730 728 2934 767 omnes
2991 710 3268 767 ecclesias
3325 727 3714 784 quascunque
3762 710 3822 766 in

2163 801 2433 872 prmsenti
2465 800 2525 854 in
2557 799 2885 856 dicecesana
2914 799 3193 872 parochia
3221 817 3351 856 mea
3380 799 3710 872 possident,
3735 799 3822 855 vel

2161 891 2222 944 in
2254 894 2556 962 posterum
2587 889 2864 944 canonice
2915 889 3217 962 acquirere
3265 892 3538 962 poterunt
3580 905 3822 944 conces-

2164 978 2327 1034 sione
2358 995 2582 1054 regum,
2618 977 2923 1050 largitione
2971 976 3255 1044 ﬁdelium,
3287 977 3376 1034 vel
3405 977 3821 1033 aediﬁcaverint

2164 1066 2224 1122 in
2282 1067 2513 1139 proprio
2571 1068 2751 1123 fundo
2810 1070 3119 1133 terrarum,
3175 1066 3431 1122 habeant
3477 1065 3720 1132 liberas,
3767 1071 3820 1122 et

2164 1155 2391 1227 quietas
2450 1155 2689 1211 omnino
2745 1155 2805 1210 in
2854 1159 3201 1228 perpetuum
3234 1172 3269 1210 a
3299 1171 3391 1210 me
3435 1159 3493 1210 et
3539 1155 3818 1212 omnibus

2163 1245 2600 1300 successoribus
2633 1244 2800 1314 meis,
2833 1245 2906 1300 ab
2937 1244 3214 1300 omnibus
3245 1261 3371 1316 quae
3401 1244 3473 1299 ad
3505 1260 3600 1300 me
3629 1243 3721 1300 vel
3747 1246 3815 1300 ad

2162 1349 2530 1390 successores
2563 1351 2723 1390 meos
2749 1334 3063 1406 pertinent.
3089 1335 3275 1400 Quare
3302 1331 3433 1388 volo
3457 1337 3516 1388 et
3546 1333 3818 1406 praecipio

2163 1428 2228 1477 ut
2258 1439 2461 1478 omnes
2491 1422 2769 1479 ecclesias
2810 1440 2949 1479 suas
2996 1422 3055 1477 in
3089 1439 3266 1478 manu
3312 1438 3424 1477 sua
3469 1425 3735 1490 teneant,
3768 1428 3820 1477 et

2162 1512 2356 1583 quiete
2387 1529 2484 1567 eas
2515 1511 2872 1584 possideant,
2907 1516 2964 1567 et
2993 1511 3239 1568 vicarios
3267 1528 3405 1567 suos
3435 1510 3496 1566 in
3527 1511 3614 1567 eis
3642 1510 3820 1568 libere

2161 1605 2402 1673 ponant,
2453 1601 2554 1673 qui
2608 1600 2750 1656 mihi
2803 1606 2860 1656 et
2909 1601 3350 1658 successoribus
3397 1601 3546 1657 meis
3578 1600 3653 1656 de
3681 1618 3824 1657 cura

2159 1694 2390 1744 tantum
2412 1689 2720 1745 intendant
2741 1689 3074 1746 animarum
3097 1709 3110 1759 ;
3128 1689 3274 1763 ipsis
3294 1705 3428 1744 vero
3449 1689 3521 1744 de
3541 1689 3824 1746 omnibus

2161 1778 2382 1834 caeteris
2414 1778 2799 1851 eleemosynis
2843 1784 2898 1835 et
2940 1779 3239 1836 beneﬁciis
3269 1778 3520 1835 concedo
3551 1779 3823 1851 insuper,

2156 1869 2459 1935 conﬁrmo,
2495 1873 2552 1923 ct
2579 1867 2871 1940 prazcipio,
2905 1873 2972 1924 ut
3010 1873 3133 1924 tam
3184 1867 3294 1941 ipsi
3329 1887 3506 1942 quam
3549 1869 3819 1943 ipsorum

2153 1957 2353 2013 vicarii
2370 1955 2536 2012 liberi
2553 1961 2610 2012 et
2627 1956 2805 2029 quieti
2830 1957 2888 2012 in
2907 1962 3253 2030 perpetuum
3271 1958 3388 2015 sint
3409 1959 3482 2014 ab
3504 1959 3669 2014 omni
3695 1958 3822 2014 red-

2155 2045 2276 2100 ditu
2302 2045 2587 2117 synodali,
2604 2049 2660 2100 et
2679 2047 2751 2100 ab
2773 2045 3050 2101 omnibus
3066 2045 3321 2114 auxiliis,
3345 2046 3820 2120 gravaminibus,

2152 2135 2243 2191 vel
2269 2135 2616 2202 redditibus,
2633 2134 3056 2203 exactionibus,
3072 2135 3160 2191 vel
3185 2136 3478 2210 hospitiis,
3500 2142 3623 2192 tam
3649 2154 3684 2192 a
3705 2154 3819 2206 me,

2154 2241 2332 2297 quam
2362 2242 2395 2279 a
2423 2224 2682 2291 decanis,
2703 2224 3152 2293 archidiaconis,
3176 2225 3264 2282 vel
3296 2226 3563 2282 omnium
3597 2231 3824 2282 nostro-

2154 2331 2286 2368 rum
2315 2313 2570 2381 vicariis,
2605 2319 2662 2370 et
2693 2313 3020 2382 ministris;
3054 2315 3166 2371 sub
3214 2315 3590 2372 anathemate
3641 2315 3820 2372 etiam

2153 2403 2455 2476 prohibeo,
2478 2420 2549 2458 ne
2580 2402 2796 2476 aliquis
2819 2403 2992 2469 ultra,
3012 2391 3295 2476 ipsos,vel
3315 2421 3520 2461 eorum
3549 2404 3815 2472 clericos,

2152 2491 2351 2564 aliqua
2381 2493 2490 2548 sub
2523 2493 2826 2548 occasione
2857 2493 3079 2566 fatiget,
3101 2493 3190 2550 vel
3221 2495 3296 2550 ad
3325 2495 3602 2568 synodos,
3623 2493 3712 2550 vel
3734 2511 3818 2550 ca-

2153 2581 2339 2654 pitula
2382 2581 2484 2648 ire,
2536 2581 2650 2637 nisi
2697 2581 2879 2637 velint
2926 2587 3152 2655 sponte,
3197 2583 3596 2656 compellant;
3630 2585 3733 2640 sed
3766 2585 3812 2640 si

2152 2670 2305 2742 quis,
2325 2687 2463 2742 erga
2495 2687 2593 2726 eos
2620 2670 2708 2726 vel
2732 2687 2870 2728 suos
2901 2671 3158 2744 aliquam
3191 2671 3490 2745 querelam
3515 2673 3810 2740 habuerit,

2151 2760 2223 2814 ad
2255 2755 2480 2815 curiam
2511 2760 2700 2816 sancti
2745 2761 3067 2830 Cuthberti,
3101 2761 3456 2818 Dunelmum
3501 2762 3720 2830 veniat,
3752 2765 3814 2817 ut

2150 2847 2228 2902 ibi
2263 2848 2493 2920 qualem
2525 2850 2792 2906 debuerit
2830 2849 3236 2906 rectitudinem
3270 2851 3571 2924 percipiat,
3608 2868 3811 2907 omnes

2150 2935 2306 2992 enim
2337 2936 2657 3005 libertates,
2678 2943 2737 2994 et
2768 2937 3103 3012 dignitates,
3123 2957 3272 3012 quas
3302 2956 3429 3013 ego,
3461 2939 3554 2996 vel
3580 2941 3696 2997 mei
3728 2957 3810 2996 se-

2151 3043 2368 3098 quaces
2397 3026 2457 3082 in
2488 3027 2750 3084 ecclesiis
2773 3027 3022 3101 propriis
3045 3027 3131 3084 vel
3163 3029 3335 3085 terris
3365 3030 3588 3085 nostris
3620 3047 3814 3102 posse-

2151 3116 2435 3186 derimus,
2470 3116 2616 3188 ipsis
2647 3121 2703 3173 et
2731 3121 2931 3173 saneto
2963 3118 3278 3174 Cuthberto
3309 3119 3368 3174 in
3399 3120 3681 3176 omnibus
3719 3137 3810 3176 ec-

390 3199 571 3273 igitur
598 3204 720 3256 tam
741 3204 1054 3273 praesentes
1075 3217 1252 3272 quam
1276 3200 1454 3255 futuri
1479 3201 1630 3272 quod
1655 3217 1759 3273 ego
1781 3201 2040 3260 Thomas
2071 3191 2114 3256 C
2149 3205 2344 3260 clesiis
2377 3210 2435 3261 et
2464 3206 2633 3261 terris
2682 3207 2808 3262 suis
2845 3206 3024 3264 libere
3053 3207 3113 3263 in
3145 3212 3495 3281 perpetuum
3544 3209 3809 3266 concedi-

390 3289 774 3346 Eboracensis
827 3287 1324 3361 archiepiscopus,
1385 3306 1454 3344 ex
1523 3296 1808 3362 praecepto
1878 3310 2039 3365 papa:

387 3379 647 3453 Gregorii
679 3377 932 3450 septimi,
952 3381 1010 3433 et
1029 3377 1471 3434 conﬁrmatione
1493 3379 1714 3434 domini
1743 3379 2042 3438 Willielmi

390 3467 566 3541 regis,
585 3467 694 3523 sub
716 3465 1049 3523 testimonio
1073 3465 1417 3522 universalis
1437 3465 1757 3540 Anglorum
1789 3469 2040 3537 concilii,

2150 3299 2378 3360 mus,et
2400 3295 2621 3367 absque
2653 3294 3129 3368 tergiversatione
3157 3297 3284 3354 sine
3313 3295 3677 3364 calumnia,a
3698 3316 3808 3368 me,

2153 3383 2417 3455 meisque
2448 3384 2906 3454 successoribus,
2924 3383 3138 3442 liberas
3157 3390 3216 3444 et
3245 3385 3475 3460 quietas
3509 3387 3812 3444 conﬁrma-

2155 3488 2310 3527 mus.

1837 3886 1989 3926 ANNO
2030 3886 2234 3927 DOMINI
2275 3888 2354 3928 MC.

860 4064 1942 4226 RICHARDUS
2034 4072 2286 4223 DE
2392 4075 2801 4230 DUM
2813 4071 3354 4233 ELLIS

1710 4353 1936 4410 ABBAS
1983 4352 2474 4411 PRATELLINUS

1519 4645 1995 4734 NOTITIA
2053 4645 2680 4737 HISTORICA

1246 4824 1502 4896 (Fanum.
1535 4823 1867 4881 Bibliotheca
1895 4823 2035 4880 med.
2066 4831 2119 4882 et
2143 4826 2248 4898 inf.
2283 4827 2423 4896 Lat.,
2452 4828 2597 4884 tom.
2628 4826 2722 4895 VI,
2755 4843 2812 4900 p.
2838 4828 2932 4897 77)

456 5003 782 5060 Richardus
812 5004 883 5059 de
910 5003 1214 5073 Dumellis,
1250 5004 1432 5060 abbas
1457 5002 1828 5069 Pratellinus,
1859 5004 2014 5075 quod
2046 5005 2468 5060 monasterium
2500 5005 2938 5061 Northmanniaa
2970 5011 3060 5062 est
3089 5006 3148 5062 in
3172 5007 3402 5064 dioecesi
3433 5009 3805 5076 Lexoviensi,

386 5072 540 5156 circa
572 5091 791 5156 annum
825 5076 962 5156 _10§7
984 5072 1330 5156 fundatum,
1352 5077 1496 5156 vixit
1525 5093 1620 5156 an.
1656 5077 1830 5156 11.00,-
1847 5072 1904 5130 et
1933 5076 2166 5156 scripsit
2191 5079 2652 5156 Commentartum
2691 5079 3128 5156 fusissimumj}:
3168 5081 3364 5156 priora
3407 5072 3806 5156 ngmhcupite

387 5144 662 5211 Genescos,
696 5144 795 5215 qui
825 5145 1073 5201 habetur
1101 5147 1158 5201 in
1192 5147 1542 5204 bibliotheca
1569 5144 1990 5202 ‘Lambethana.

2072 5166 2106 5202 χ
2135 5165 2200 5202 eo
2243 5149 2508 5219 quaedam
2540 5149 2598 5203 in
2633 5149 2754 5204 rem
2787 5167 2955 5206 suam
2988 5149 3230 5206 adduxit
3258 5151 3550 5210 Henricus
3581 5149 3802 5210 Ψευ-

387 5219 486 5270 ton
519 5215 579 5270 in
608 5215 878 5272 Auctario
909 5217 981 5272 ad
1011 5217 1130 5272 Jac.
1165 5218 1383 5275 Usserii
1414 5219 1730 5276 Historiam
1764 5217 2157 5291 dogmaticam
2189 5215 2605 5292 de'Scripturis
2639 5225 2695 5276 et
2723 5221 2908 5278 sacris
2933 5221 3282 5279 vernaculis.
