3984 6082
92 280 250 348 1629

1047 271 1456 339 COMMENT.
1501 272 1582 334 IN
1629 267 1964 334 GENESIN
2006 265 2517 331 FRAGMENTA.

3337 257 3494 326 1630

96 434 3491 468 Μ

229 582 923 698 FRAGMENTA
1009 573 1806 691 COMMENTARII
1891 570 2443 684 RICHARDI
2533 573 2680 681 DE
2765 570 3340 685 DUMELLIS

1459 781 1576 870 ΙΝ
1640 778 2148 871 GENESIM

682 971 1021 1037 (WARTHON,
1055 965 1371 1020 Auctarium
1400 961 1470 1016 ad
1499 960 1804 1018 Historiam
1832 957 2194 1029 dogmaticam
2219 959 2268 1014 J.
2307 957 2526 1025 Usserti,
2561 958 2636 1026 4ο,
2671 975 2729 1030 p.
2761 957 2913 1028 395.)

167 1311 370 1368 Exstat
400 1307 837 1380 manuscriptus
869 1305 929 1362 in
967 1304 1320 1361 bibliotheca
1347 1301 1749 1360 Lambethana
1778 1301 1832 1378 Α
1863 1300 2262 1357 exhortatione
2305 1301 2376 1356 ad
2423 1300 2578 1356 viam
2635 1301 2895 1358 veritatis
2946 1304 3238 1362 reducere.
3273 1309 3504 1365 ——1bid.

99 1399 443 1457 fusissimus
473 1397 531 1452 in
563 1397 758 1470 priora
801 1413 970 1451 xxvm
1018 1395 1306 1451 Geneseos
1365 1392 1557 1466 capita
1586 1392 1750 1448 Com-

98 1487 445 1554 mentarius,
506 1487 676 1558 cujus
733 1485 1010 1557 prologus
1081 1484 1166 1539 sic
1217 1483 1447 1554 incipit:
1502 1483 1752 1537 Anselmo

101 1578 528 1636 Cantuariensis
572 1575 841 1632 Ecclesiae
895 1575 1313 1645 archiepiscopo,
1368 1572 1593 1644 quidam
1649 1572 1751 1626 Do-

97 1669 328 1724 minicee
356 1667 534 1722 crucis
563 1681 750 1720 servus
780 1672 830 1719 et
857 1665 1108 1719 minister
1152 1664 1389 1719 cmobii
1435 1661 1750 1726 Pratellini,

101 1764 214 1814 etc.
251 1755 617 1812 Inibiauctor
633 1753 832 1810 omnia
855 1753 969 1808 fere
982 1752 1053 1807 ad
1078 1750 1755 1824 Scripturarum,impor—

100 1851 246 1902 tune
301 1845 476 1901 etiam
538 1842 868 1914 aliquoties,
931 1839 1079 1896 solet
1132 1841 1398 1908 trahere;
1447 1846 1621 1911 atque
1671 1837 1754 1892 illi

102 1935 350 2009 mystice
378 1932 821 1989 accommodare
853 1947 945 1986 res
965 1930 1217 1985 maxime
1238 1945 1600 1996 communes,
1618 1932 1759 2001 puta

102 2024 317 2081 coelum
351 2022 556 2088 solem,
616 2037 822 2093 aquas,
885 2017 1248 2092 paradisum,
1300 2023 1407 2074 etc.
1458 2018 1550 2073 Sic
1598 2017 1756 2073 enim

102 2113 210 2170 lib.
246 2130 265 2168 1
324 2112 396 2168 ad
453 2109 630 2166 illud:
689 2109 963 2165 Producat
993 2117 1142 2164 terra
1199 2110 1422 2164 herbam
1469 2109 1757 2174 virentem,

105 2207 425 2276 postquam
457 2199 769 2255 utilitatem
831 2198 1144 2270 Scripturae
1199 2198 1315 2253 late
1363 2197 1755 2270 praedicasset,

103 2292 229 2348 ait:
263 2313 292 2342 «
327 2289 475 2358 Quid
504 2291 594 2344 est
621 2287 802 2344 herba
830 2287 1022 2342 virens
1051 2286 1208 2342 aliud
1233 2302 1419 2358 quam
1433 2284 1759 2341 sensuslit—

104 2387 246 2436 terte
277 2377 562 2451 simplicis
583 2378 741 2448 ?quae
774 2376 905 2432 rudi
938 2375 1466 2448 populo,jumentis
1495 2373 1763 2430 videlicet

108 2469 333 2527 summi
366 2467 559 2540 Regis,
595 2465 878 2540 pabulum
910 2464 1280 2521 salutiferum
1331 2465 1758 2520 subministrat.

108 2558 412 2632 Scriptum
443 2562 532 2613 est
556 2556 753 2612 enim:
789 2557 904 2628 Qui
947 2555 1040 2610 dat
1087 2556 1353 2626 jumentis
1409 2571 1587 2609 escam
1621 2556 1762 2624 ipso-

1861 1390 2010 1456 Quid
2043 1390 2224 1462 igitur
2267 1388 2551 1461 accipitur
2597 1391 3032 1448 convenientius
3083 1412 3186 1466 per
3225 1397 3506 1456 cherubin

1861 1484 1998 1548 (Gen
2028 1479 2236 1551 m),qui
2256 1479 2539 1551 plenitudo
2567 1482 2814 1538 scientia:
2833 1480 3306 1554 interpretantur,
3332 1504 3508 1559 quam

1863 1584 2030 1623 sacra
2056 1567 2372 1640 Scriptura,
2407 1585 2510 1640 per
2559 1585 2736 1640 quam
2796 1570 2964 1627 nobis
2994 1588 3143 1628 onus
3175 1578 3510 1633 nostrarum

1864 1657 2275 1724 miseriarum;
2309 1662 2366 1712 et
2396 1657 2524 1726 iter,
2577 1674 2692 1729 quo
2739 1659 3084 1715 revertimur
3125 1663 3197 1718 ad
3237 1665 3510 1735 patriam,

1866 1747 2008 1803 satis
2039 1746 2271 1802 abunde
2319 1763 2550 1818 quoque
2603 1746 3066 1805 declaratur?In
3123 1768 3192 1807 ea
3230 1753 3512 1812 nimirum

1866 1835 2286 1908 promissiones
2315 1835 2511 1908 gloriae
2537 1835 2788 1892 cmiestis
2820 1838 3270 1912 describuntur;
3306 1861 3514 1902 rursus

1867 1925 1926 1981 in
1960 1926 2163 1980 eadem
2221 1925 2392 1979 minae
2452 1929 2818 1997 terroresque
2865 1927 3208 1999 gehennalis
3259 1931 3515 1989 incendii

1867 2013 2270 2080 continentur;
2296 2031 2443 2085 quae,
2480 2013 2539 2068 ni
2571 2013 2760 2084 fallor,
2787 2016 3022 2072 nomine
3052 2019 3304 2076 ﬂammei
3338 2021 3516 2094 gladii

1867 2104 2335 2176 praeﬁgurantur,
2386 2107 2494 2158 etc.
2543 2103 2721 2159 Visne
2772 2105 2959 2161 redire
2997 2107 3069 2161 ad
3127 2109 3518 2180 paradisum?

1867 2192 2032 2258 Volo,
2077 2191 2286 2264 inquit.
2337 2193 2526 2259 Adito,
2587 2192 2851 2265 inquam,
2909 2195 3232 2265 cherubin;
3293 2199 3403 2255 hoc
3432 2205 3522 2258 est

1870 2286 2131 2338 scrutare
2171 2282 2462 2353 profunda
2508 2282 2786 2350 mysteria
2839 2300 3138 2342 sacrarum
3189 2287 3518 2361 Scriptura-

1872 2389 2042 2439 rum;
2077 2388 2325 2443 quarum
2360 2370 2684 2426 eruditione
2730 2371 2911 2428 habes
2942 2374 3129 2430 redire
3159 2377 3232 2431 ad
3283 2379 3520 2449 paradi-

1873 2479 2002 2516 sum
2033 2479 2046 2529 ;
2083 2477 2256 2533 quem
2290 2460 2625 2532 perdideras
2657 2478 2758 2532 per
2800 2461 2972 2532 primi
3005 2465 3264 2535 parentis
3297 2468 3521 2540 appeti-

1871 2557 1996 2606 tum
2023 2551 2448 2606 illecebrosum.
2483 2549 2750 2621 Alioquin
2782 2549 3077 2608 clauditur
3105 2553 3210 2610 tibi
3249 2554 3341 2612 via
3360 2574 3526 2629 para-

108 2665 262 2705 rum.
295 2647 438 2702 Ecce
487 2645 682 2701 virens
739 2643 939 2710 herba,
975 2644 1130 2698 unde
1187 2641 1561 2714 parvulorum
1593 2642 1761 2697 intel-
1798 2677 1840 2740 Β
1872 2639 2125 2710 disi,nisi
2157 2639 2240 2694 tui
2273 2638 2464 2695 cordis
2492 2655 2692 2694 aurem
2725 2639 2968 2696 consilio
3001 2658 3178 2698 sacra:
3209 2644 3522 2718 Scripturis

107 2737 304 2794 lectus
335 2737 636 2792 educatur.
671 2764 742 2774 —-
771 2736 846 2789 Et
873 2731 1214 2799 stella.Quid
1247 2736 1386 2788 sunt
1429 2731 1588 2787 aliud
1621 2730 1764 2786 slel-
1801 2728 1838 2740 “’
1873 2728 2262 2785 summiseris.
2298 2751 2327 2779 »

109 2827 184 2884 lae
214 2825 276 2882 in
304 2826 673 2881 ﬁrmamento
706 2823 927 2895 positae,
962 2838 1140 2894 quam
1186 2819 1502 2877 electorum
1533 2819 1762 2887 animae,

112 2933 246 2989 quae
281 2913 500 2970 sanctis
529 2911 845 2984 Scripturis
873 2909 1225 2982 invigilant?
1259 2932 1287 2959 »

189 3005 265 3060 Et
292 3003 395 3058 lib.
430 3019 470 3057 ιι
502 3000 788 3072 adillud:
834 3001 1063 3056 Crescite
1117 3007 1167 3055 et
1211 2999 1684 3070 multiplicamini,
1716 3005 1770 3054 et

113 3095 317 3167 replete
345 3108 516 3164 aquas
543 3091 738 3145 maris.
773 3112 800 3139 «
835 3091 910 3143 Et
941 3089 1069 3144 bene
1117 3104 1280 3159 aqua:
1320 3087 1523 3159 reptile
1553 3088 1769 3159 produ-

117 3199 252 3240 cere
283 3181 581 3248 dicuntur,
632 3177 772 3251 quia
821 3178 879 3233 S.
933 3177 1234 3249 Scriptura
1290 3175 1562 3248 parvulos
1592 3193 1768 3232 sensu

117 3271 296 3346 quasi
325 3259 513 3325 vivido
543 3268 733 3324 calore
783 3267 952 3332 fovet,
1004 3266 1267 3322 membra
1316 3264 1551 3321 illorum
1591 3265 1771 3320 infor-

120 3364 250 3416 mat
274 3377 287 3428 ;
322 3373 628 3430 quousque
642 3359 946 3429 provectus
967 3355 1308 3410 eorumdem
1326 3353 1771 3426 intelligentiam

115 3447 483 3522 superiorem
515 3445 896 3519 mysticarum
928 3443 1292 3499 locutionum
1333 3443 1566 3515 pernice
1596 3460 1773 3499 cursu

115 3539 284 3595 adire
314 3535 521 3592 valeat.
556 3566 625 3575 —
650 3533 868 3590 Crescit
897 3531 1188 3605 siquidem
1233 3537 1500 3588 creatura
1527 3533 1776 3588 rationa-

112 3627 192 3684 lis
227 3628 290 3683 in
323 3625 414 3682 sui
445 3623 732 3680 Creatoris
763 3621 1104 3689 devotione;
1140 3620 1566 3694 multiplicatur
1594 3623 1773 3677 bono-

115 3733 254 3774 rum
289 3731 532 3788 operum
563 3710 1109 3778 consummatione;
1143 3709 1326 3782 replet
1355 3727 1539 3783 aquas
1571 3709 1771 3777 maris,

114 3822 224 3880 per
254 3802 762 3875 investigationem
795 3799 942 3873 legis
962 3799 1394 3873 mysticae.Cum
1417 3799 1571 3855 enim
1604 3799 1774 3872 pauci

114 3893 580 3968 profunditatem
605 3893 942 3947 sanctarum
963 3889 1396 3960 Scripturarum
1418 3887 1772 3960 intelligunt,

115 3983 294 4056 quasi
325 3997 514 4055 pauca
541 3978 772 4052 reptilia
803 3995 967 4052 aquae
997 3979 1342 4050 producant.
1392 3978 1466 4032 At
1511 3978 1608 4032 ubi
1644 3994 1775 4033 vero

1949 2820 2068 2876 Lib.
2099 2837 2154 2875 v.
2188 2817 2393 2874 Miram
2419 2817 2874 2890 profunditatem
2908 2819 3236 2878 divinarum
3269 2825 3527 2898 Scriptu-

1876 2925 2094 2975 rarum,
2129 2925 2255 2980 quae
2285 2911 2496 2963 cuncta
2515 2912 2883 2964 sacramenta
2903 2909 3198 2968 catholicae
3228 2913 3525 2987 religionis
3607 2977 3610 2981 ,

1878 2998 2196 3066 continent,
2227 2997 2596 3069 depraedicat.

1951 3084 2076 3140 Lib.
2105 3101 2181 3138 1x.
2212 3107 2238 3134 «
2273 3083 2532 3139 Vertitur
2581 3087 2778 3140 autem
2813 3085 2921 3142 iste
2952 3086 3082 3144 fons
3129 3087 3299 3162 [vitae]
3327 3091 3384 3146 in
3417 3107 3526 3164 pu-

1879 3178 2040 3230 teum
2065 3174 2236 3245 juxta
2265 3172 2644 3244 capacitatem
2681 3172 3021 3246 legentium.
3056 3177 3280 3250 Quippe
3333 3196 3527 3236 sermo

1881 3263 2113 3318 divinus
2145 3262 2409 3318 minimis
2439 3266 2495 3317 et
2526 3262 2753 3335 magnis
2786 3281 2912 3320 sese
2941 3265 3264 3337 capabilem
3297 3269 3524 3338 reddit;

1880 3357 1937 3408 et
1966 3352 2240 3408 omnibus
2289 3351 2488 3407 omnia
2536 3352 2724 3408 factus
2769 3355 3128 3411 conscendit.
3179 3357 3528 3414 Benedictus

1885 3443 2165 3498 Dominus
2195 3442 2368 3509 Deus,
2403 3440 2501 3514 qui
2537 3441 2792 3512 parvulis
2841 3442 3162 3500 hauritorio
3193 3446 3530 3504 carentibus

1883 3532 2246 3604 Scripturam
2269 3547 2459 3596 suam,
2476 3531 2647 3601 juxta
2669 3548 2889 3587 morem
2914 3533 3112 3602 fontis,
3136 3533 3198 3589 in
3225 3536 3532 3608 superﬁcie

1883 3626 2048 3677 terrae
2081 3625 2440 3687 manantem,
2473 3621 2544 3675 ad
2594 3621 2916 3692 potandum
2965 3622 3274 3695 propinat;
3307 3625 3532 3683 caeteris

1881 3726 2017 3766 vero
2041 3712 2167 3782 jam
2201 3725 2412 3766 sensus
2459 3709 2802 3765 exercitatos
2849 3709 3204 3769 habentibus
3234 3717 3410 3786 atque
3433 3732 3533 3772 va-

1883 3798 2142 3854 lentibus
2165 3802 2367 3870 potum
2386 3796 2616 3853 trahere
2629 3799 2699 3853 de
2712 3798 3109 3870 profunditate
3126 3802 3277 3858 sacri
3293 3803 3529 3878 eloquii,

1885 3889 2130 3944 Puteum
2163 3887 2314 3960 (Gen.
2347 3905 2459 3956 xw,
2494 3885 2580 3959 14)
2608 3887 2854 3944 viventis
2883 3892 2940 3944 et
2980 3890 3234 3948 videntis
3265 3909 3358 3950 me
3387 3911 3535 3967 prae-

1890 3982 2051 4050 parat
2079 3976 2426 4034 etl'odiendo.
2461 3998 2489 4028 »

115 4074 191 4130 ad
221 4069 479 4129 solidum
501 4069 697 4126 cibum
719 4049 1069 4140 capiendum
1091 4067 1282 4123 idonei
1316 4065 1450 4123 facti
1473 4067 1778 4132 fuerint,et
1807 4049 1848 4116 C
1892 4049 1903 4050 ί
1960 4067 2084 4122 Lib.
2117 4084 2172 4120 κ.
2208 4065 2541 4120 Remissum
2565 4069 2740 4138 atque
2757 4066 2975 4123 sensim
2995 4084 3344 4127 evanescens
3365 4070 3423 4126 in
3436 4071 3536 4128 Ec-

115 4161 405 4218 interiora
434 4157 847 4233 mysteriorum
879 4161 1053 4230 prout
1082 4155 1434 4228 intelligant,
1459 4155 1588 4211 aliis
1621 4173 1776 4212 reve-

114 4248 658 4317 laverint,creseere
688 4245 927 4319 quidem
958 4249 1015 4301 et
1062 4243 1471 4317 multiplicare,
1506 4249 1563 4299 et
1593 4261 1778 4316 aquas

119 4337 312 4397 maris
341 4337 588 4410 implere
614 4335 904 4392 videntur.
931 4333 1113 4408 Igitur
1142 4351 1306 4406 aqua
1339 4332 1518 4389 maris
1549 4333 1777 4405 replen-

113 4432 244 4494 tur,
277 4443 412 4483 cum
439 4424 772 4499 tripertitus
802 4440 1011 4480 sensus
1043 4439 1218 4480 sacrae
1242 4421 1388 4495 legis
1411 4421 1780 4495 simplicibus

118 4517 306 4574 etiam
337 4515 632 4588 panditur.
686 4512 833 4580 Quid
884 4517 1025 4568 sunt
1081 4528 1318 4584 pascua,
1371 4511 1484 4567 nisi
1543 4512 1601 4567 S.
1633 4511 1780 4567 Scri-

116 4610 470 4679 ptura,quae
503 4600 742 4658 mundis
768 4600 1124 4657 animalibus
1147 4599 1486 4656 alimoniam
1509 4600 1780 4672 praestat?

118 4694 270 4751 Inde
299 4692 655 4749 fortudinem
702 4689 964 4746 interiori
1008 4689 1232 4745 homini
1290 4689 1778 4756 subministrat,»

117 4787 238 4839 etc.
267 4784 342 4838 De
365 4781 621 4854 paradiso
642 4799 661 4836 :
691 4802 719 4830 «
752 4780 892 4845 Quis
935 4783 1024 4836 est
1069 4778 1378 4851 paradisus
1435 4778 1550 4846 ille,
1605 4796 1779 4850 quem

120 4869 412 4928 Dominus
442 4868 746 4942 plantavit,
779 4867 915 4923 etin
947 4884 1062 4940 quo
1083 4867 1383 4922 hominem
1407 4866 1531 4939 ipse
1561 4869 1776 4940 posuit,

118 4957 246 5018 nisi
276 4963 478 5015 sancta
502 4956 776 5025 Ecclesia,
822 4955 910 5012 vel
960 4972 1127 5011 sacra
1169 4956 1490 5028 Scriptura,
1525 4957 1622 5012 ubi
1655 4975 1779 5013 om-

119 5066 238 5108 nes
269 5047 494 5121 species
526 5046 869 5103 deliciarum
901 5044 1299 5112 inveniuntur,
1335 5049 1391 5100 et
1421 5046 1519 5100 ubi
1552 5046 1780 5118 lignum

117 5138 280 5207 vita),
314 5135 542 5210 lignum
574 5152 805 5208 quoque
833 5133 1087 5191 seientite
1118 5132 1254 5189 boni
1281 5139 1337 5189 et
1357 5133 1496 5189 mali
1518 5134 1783 5206 plantan-

120 5233 232 5286 tur
249 5227 278 5283 ‘I
309 5248 338 5278 »

201 5314 332 5372 Lib.
364 5331 457 5373 lu:
491 5339 520 5367 ‹‹
549 5316 844 5372 Dominum
871 5322 1056 5370 autem
1102 5315 1164 5369 in
1204 5311 1471 5384 paradiso
1517 5312 1782 5370 deambu-

119 5409 272 5474 lare,
305 5410 395 5463 est
425 5422 529 5478 per
556 5405 786 5461 diversa
817 5403 945 5460 loca
987 5419 1288 5459 sacrarum
1320 5401 1778 5474 Scripturarum,

118 5512 261 5570 quze
291 5493 549 5568 quotidie
578 5494 639 5550 in
667 5492 924 5551 Ecclesia
971 5491 1328 5558 lectitantur,
1371 5490 1620 5546 salutem
1653 5492 1778 5548 ani-

119 5601 366 5645 marum
395 5599 674 5658 quaerere,
723 5586 782 5641 et
826 5581 1147 5640 multifaria
1188 5585 1431 5638 cunctos
1483 5579 1779 5639 deviantes

1885 4156 2064 4212 clesia
2093 4156 2152 4212 S.
2187 4154 2497 4227 Scripturis
2530 4153 2793 4210 studium
2826 4156 3018 4212 deﬂet.
3051 4190 3120 4198 —
3152 4181 3182 4209 ‹‹
3208 4160 3536 4234 Appropin-

1887 4249 2102 4319 quante
2123 4246 2247 4316 jam
2271 4243 2520 4300 termino
2538 4244 2742 4300 mundi
2764 4244 3102 4314 labentis,et
3124 4248 3538 4322 refrigescente

1887 4334 2167 4392 charitate
2198 4332 2662 4406 quamplurium,
2693 4333 2852 4408 rigor
2909 4335 3148 4408 quidem
3196 4337 3537 4397 Christiena

1887 4423 2188 4498 religionis
2219 4423 2430 4496 oppido
2463 4422 2724 4496 frigescit
2746 4427 2822 4493 ;et
2852 4441 3028 4497 opera
3058 4442 3235 4482 sacra:
3267 4425 3537 4486 lectionis

1889 4531 2064 4586 quam
2093 4517 2322 4569 constat
2351 4529 2479 4569 esse
2511 4512 2774 4568 fomitem
2805 4513 2987 4569 animi
3018 4515 3092 4569 ad
3124 4532 3380 4588 superna
3400 4533 3541 4591 gau-

1889 4602 1985 4658 dia
2017 4601 2330 4667 tendentis,
2365 4601 2545 4657 ferme
2576 4603 2808 4658 redacta
2833 4606 2922 4659 est
2949 4601 3010 4658 in
3041 4603 3316 4660 nihilum.
3352 4628 3381 4656 ››

1962 4691 2086 4747 Lib.
2119 4709 2195 4747 χι.
2230 4691 2310 4746 De
2337 4691 2603 4747 versione
2636 4691 2772 4748 LXX
2801 4691 3113 4750 Ptolomaeo
3157 4709 3290 4768 rege
3327 4712 3538 4768 procu-

1887 4786 2052 4836 rante
2086 4781 2238 4836 facta
2267 4780 2519 4850 locutus,
2551 4780 2681 4836 infit
2705 4799 2718 4837 :
2746 4804 2773 4833 ‹‹
2825 4782 2972 4838 Nam
3021 4787 3388 4841 sacramenta
3418 4802 3540 4843 rea-

1888 4867 2022 4922 liter
2050 4866 2282 4922 illarum
2306 4867 2630 4923 litterarum
2650 4868 3016 4942 sapientibus
3037 4875 3095 4926 et
3123 4871 3539 4944 insipientibus

1889 4961 2224 5029 patuerunt.
2263 4979 2288 5005 ››
2311 4989 2378 4996 -
2411 4957 2479 5012 Et
2504 4961 2636 5027 post
2656 4975 2843 5029 pauca
2873 4959 3072 5016 subdit
3095 4977 3144 5014 :«
3160 4960 3281 5027 [Vir
3306 4964 3541 5036 pius]ne

1891 5047 2124 5118 quando
2156 5045 2405 5113 deﬁciat,
2442 5045 2841 5103 fortitudinem
2866 5064 3042 5103 sacrae
3069 5048 3336 5106 lectionis
3366 5068 3542 5125 oppo-

1892 5135 2065 5192 sitam
2090 5134 2201 5190 sibi
2221 5134 2634 5207 conspicit.Est
2654 5141 2848 5192 autem
2862 5153 3054 5194 sermo
3076 5137 3416 5195 Dominicus
3437 5141 3543 5198 mi-

1890 5223 2072 5280 rabile
2085 5223 2388 5296 speculum
2408 5222 2722 5296 unicuique
2739 5225 2836 5297 qui
2853 5225 2980 5295 jam
3003 5242 3196 5282 arcem
3215 5228 3543 5287 sanctitatis

1891 5313 2171 5380 ascendit,
2205 5313 2294 5368 vel
2325 5312 2638 5369 ascendere
2699 5312 2962 5370 molitur.
2999 5338 3026 5364 ››
3053 5346 3120 5356 -
3151 5315 3411 5387 Denique
3441 5333 3544 5389 pa-

1814 5424 1858 5488 D
1891 5409 2009 5460 tres
2054 5401 2306 5458 familias
2355 5403 2767 5470 omnes,etiam
2827 5400 3110 5473 plebeios,
3153 5407 3218 5458 ut
3264 5406 3546 5478 conjuges

1889 5499 2064 5565 atque
2095 5491 2307 5546 liberos
2339 5506 2477 5547 suos
2508 5507 2685 5549 sacrze
2735 5489 3050 5562 Scriptura
3080 5491 3414 5564 cognitione
3444 5510 3548 5566 pro

1891 5582 2166 5640 facultate
2199 5597 2307 5636 sua
2336 5579 2630 5653 imbuant,
2650 5581 2947 5640 hortatur.
