3988 6074
439 269 592 340 1831
706 266 1068 334 ALBERlCl
1097 266 1268 330 OST.
1299 263 1546 329 EPISC.
1575 265 1701 328 ΕΡ.
1734 266 1836 329 ΑΒ
1867 264 2062 330 MON.
2089 268 2440 334 MONAST.
2477 272 2542 336 S.
2573 273 2922 339 ORIER'I‘II
2965 275 3566 345 AUXI'I‘ANENSIS.

505 409 630 468 Lib.
663 425 755 464 xv.
784 430 812 458 «
845 404 953 474 Qui
980 405 1120 460 sunt
1149 400 1232 456 illi
1263 401 1361 472 qui
1387 405 1688 455 remanent
1718 402 1788 455 ad
1820 402 2079 458 sarcinas
2111 405 2158 468 Α
2263 405 2450 460 Codex
2505 407 2738 479 quidem
2813 411 3246 468 Lambethanus
3302 413 3521 470 nullius
3577 416 3847 471 auctoris

435 500 714 574 compede
745 493 1131 569 copulationis
1144 490 1357 546 uxoriae
1386 488 1637 545 devincti
1657 489 1809 545 ?Nisi
1842 490 2079 563 quidam

431 589 772 648 Christiana
785 582 1210 659 plebis,quibus
1235 579 1620 635 committitur
1642 579 1870 634 sarcina
1892 586 2080 636 custo-

432 680 656 736 dienda:
687 676 856 749 legis,
889 675 1076 729 forma
1101 667 1678 740 videlicet;simplicis
1708 669 2073 737 eruditionis,

430 787 534 842 per
563 783 740 841 quam
773 764 1045 837 procurat
1087 758 1369 814 familiam
1421 774 1610 812 suam.
1645 758 1769 813 Non
1801 759 1956 815 enim
1988 763 2078 815 est

427 875 615 932 parvae
646 853 859 920 laudis,
890 848 1190 905 hominem
1223 847 1438 902 habere
1467 845 1775 918 conjugem
1809 846 1932 901 suis
1965 848 2074 902 im-

425 946 603 1022 periis
633 945 954 1018 parentem,
975 945 1031 994 et
1057 937 1205 992 filios
1228 936 1441 990 habere
1463 935 1728 991 subditos
1750 936 1895 991 disci
1904 935 2072 1007 plina:

426 1033 737 1111 spirituali.
772 1030 878 1098 Qui
929 1043 1064 1084 cum
1109 1025 1401 1098 profunda
1453 1025 1734 1096 mysteria
1771 1042 2071 1080 sacrarum

423 1125 860 1197 Scripturarum
886 1120 959 1174 ob
991 1116 1323 1172 tarditatem
1345 1114 1561 1186 ingenii
1584 1119 1882 1185 nequeunt
1905 1131 2074 1186 pene-

421 1219 598 1284 trare,
629 1213 783 1269 circa
812 1206 1140 1280 simplicem
1185 1203 1545 1259 intellectum
1577 1202 1830 1258 historiae
1855 1205 2068 1275 juben-

422 1307 522 1364 tur
540 1304 772 1374 degere.
799 1321 838 1349 τ»

2191 511 2401 549 nomen
2433 497 2775 567 praefert.Ab
2807 501 3015 556 abbate
3032 506 3226 558 tamen
3247 504 3503 575 quodam
3527 505 3847 563 Pratellino
3949 543 3951 546 ι

2188 583 2584 656 conscriptum
2617 587 2795 644 fuisse
2827 606 3068 660 opus,ex
3091 590 3218 664 ipso
3250 593 3506 666 epistola:
3535 611 3847 667 nuncupa-

2187 672 2346 726 toriae
2379 673 2543 728 initio
2575 681 2820 732 constat.
2856 678 3212 736 Richardum
3237 683 3502 738 abbatem
3531 684 3716 740 fuisse
3742 685 3842 740 do-

2187 766 2275 817 cet
2307 764 2486 818 codex
2518 781 2628 820 ms.
2659 765 2717 820 in
2751 770 3104 825 monasterio
3139 770 3447 827 Pratellino
3469 779 3842 840 asservatus;

2185 867 2214 905 e
2246 867 2359 923 quo
2383 853 2734 926 descriptam
2758 857 3146 928 prrei'atoriam
3175 861 3247 915 ad
3267 860 3609 917 Anselmum
3633 863 3843 936 episto-

2183 939 2300 994 lam
2333 943 2721 1000 Gerberonius
2751 944 3040 1018 evulgavit
3081 948 3142 1004 in
3195 966 3419 1022 nupera
3447 968 3693 1023 operum
3725 955 3836 1008 An-

2184 1029 2348 1084 selmi
2383 1031 2654 1104 editione,
2681 1050 2811 1106 pag.
2847 1037 2968 1091 451.
2993 1037 3347 1094 Richardum
3380 1040 3634 1113 denique
3656 1041 3832 1098 istum

2182 1118 2253 1173 de
2297 1119 2579 1177 Dumellis
2629 1139 2950 1196 cognomen
3010 1127 3256 1184 traxisse
3313 1129 3579 1185 indicant
3628 1130 3829 1187 fratres

2178 1209 2633 1277 Sammarthani,
2666 1215 2807 1268 tom.
2847 1213 2940 1285 IV,
2971 1232 3102 1289 pag.
3132 1218 3258 1273 756.

422 1446 3828 1492 W

1083 1597 1928 1700 ‘BICEARDI
1995 1603 2208 1701 DE
2271 1603 3150 1711 DUMELLIS

819 1808 1368 1899 EPISTOLA
1427 1807 1571 1892 AD
1631 1806 1721 1894 S.
1782 1807 2413 1899 ANSELMUM
2471 1813 3429 1908 (JANTUABIENSEM

1303 1989 1783 2055 Commentarii
1823 1990 1931 2053 sui
1971 1990 2040 2053 in
2083 1990 2392 2056 Genesim
2432 1996 2950 2077 nuncupatoria.

704 2163 869 2239 (Vide
918 2160 1067 2218 inter
1113 2155 1406 2231 Epistolas
1459 2156 1516 2212 S.
1569 2154 1852 2224 Anselmi,
1905 2155 2007 2211 lib.
2057 2173 2135 2224 IV,
2185 2174 2275 2229 ep.
2329 2159 2451 2227 102,
2504 2162 2860 2231 Patrologiae,
2909 2166 2952 2219 t.
3000 2163 3182 2234 CLIX,
3231 2166 3340 2223 col.
3388 2170 3541 2239 251).

425 2306 3825 2364 εει-Μ

1847 2469 2014 2515 ANNO
2057 2469 2269 2517 DOHINI
2311 2471 2393 2516 HC

1530 2587 2699 2801 ALBERICI

1189 2899 2109 3008 OSTIENSIS

2244 2904 3050 3013 EPISCOPI

1838 3106 2384 3195 EPISTULA

429 3325 434 3330 -
493 3291 598 3362 λὰ
636 3290 1002 3359 monachos
1039 3287 1432 3353 monasterii
1465 3284 1540 3351 Β.
1572 3285 1852 3382 Orientii
1882 3285 2380 3382 Auxitanensis,
2405 3290 2506 3382 de
2531 3290 3104 3382 concordiainter
3141 3293 3726 3382 archiepiscopum

1153 3375 1627 3443 Auxitanensis
1664 3375 1976 3442 Ecclesiae
2014 3381 2079 3442 et
2121 3376 2189 3443 S.
2233 3377 2513 3444 Orientii
2550 3381 3068 3450 monasterium.

1003 3544 1116 3615 ωε
1141 3547 1500 3613 Bassianus,
1517 3543 1731 3601 Chron.
1763 3543 1828 3600 de
1857 3542 2076 3615 ῑἘθιίεε
2104 3573 2108 3595 4

2179 3543 2330 3613 luch,
2364 3548 2638 3613 Preuves,
2667 3559 2735 3604 ιιο
2765 3546 2971 3620 partio,
3004 3563 3062 3621 ρ.
3089 3548 3209 3622 49.)

477 3853 820 3920 Amanicas,
847 3845 952 3906 Dei
983 3845 1171 3921 gratia
1191 3845 1476 3903 Ostiensis
1497 3825 2059 3920 episcopus,aposto-
2087 3865 2133 3930 Β
2164 3852 2515 3904 conventum
2566 3850 2624 3906 in
2681 3867 3035 3924 unoquoque
3092 3870 3245 3912 anno
3291 3855 3712 3930 congregabit:
3765 3865 3823 3918 et

404 3943 530 4003 ιὶοω
557 3938 718 4001 sedis
745 3939 995 4014 legatus,
1021 3935 1306 3994 fratribus
1357 3934 1695 3991 monasterii
1726 3935 1783 3991 S.
1817 3935 2057 3991 Orientii

407 4030 816 4100 Auxitanensis
830 4029 1079 4086 salutem
1097 4031 1154 4082 et
1169 4029 1397 4100 gratam
1416 4024 1788 4080 concordiam
1803 4025 2056 4081 maxima

407 4099 668 4196 exparte
697 4119 849 4176 inter
902 4099 1457 4174 reverendissimum
1513 4113 1819 4170 dominum
1867 4115 2055 4171 archi-

409 4200 751 4289 episcopum
776 4205 1159 4272 Auxitanum,
1209 4207 1265 4260 et
1317 4204 1577 4276 priorem
1626 4208 1932 4273 vestrum;
1967 4223 2057 4261 se-

407 4301 668 4360 cundum
695 4296 954 4371 gratiam
983 4297 1042 4352 et
1088 4291 1550 4350 benevolentiam
1604 4310 1773 4348 suam
1807 4294 2058 4350 reddidit

403 4390 569 4449 vobis
595 4388 742 4463 ipse,
773 4390 832 4444 et
862 4403 924 4443 se
955 4385 1026 4441 de
1056 4387 1260 4440 caetero
1283 4380 1705 4438 monasterium
1729 4383 1789 4439 S.
1814 4382 2056 4438 Orientii

404 4478 552 4537 velle
582 4476 840 4552 diligere,
864 4476 1178 4539 honorare,
1211 4475 1268 4529 et
1297 4475 1647 4537 sustentare,
1672 4471 2056 4543 praesentibus

405 4567 697 4641 episcopis
726 4568 783 4623 et
811 4562 1144 4631 abbatibus,
1182 4561 1242 4618 in
1291 4558 1601 4634 praesentia
1648 4563 1851 4616 nostra
1900 4561 2054 4633 apud

406 4657 726 4716 Senonicas
777 4650 1145 4727 repromisit;
1196 4650 1269 4708 ad
1336 4647 1763 4720 reparationem
1825 4666 2056 4722 quoque

406 4739 746 4804 monasterii
772 4738 946 4798 vestri
969 4752 1156 4810 usque
1176 4735 1248 4792 ad
1280 4733 1482 4792 decem
1505 4752 1691 4792 annos
1702 4737 2054 4810 populorum

2169 3937 2428 3994 actiones
2459 3955 2662 3995 omnes
2680 3941 2882 3996 tamin
2916 3943 3282 4017 presbyteros
3304 3962 3482 4017 quam
3500 3945 3560 4002 in
3579 3952 3823 4009 caeteros

2168 4025 2410 4083 clericos
2459 4027 2698 4084 omnino
2749 4029 3010 4086 remisit:
3063 4031 3218 4103 quod
3249 4032 3299 4090 si
3362 4035 3664 4094 comesde
3695 4054 3825 4095 om-

2169 4115 2342 4172 nibus
2372 4115 2580 4173 vestris
2628 4116 2887 4190 aliquam
2946 4137 3156 4177 novam
3208 4123 3700 4183 consuetudinem
3731 4144 3830 4185 ex-

2166 4205 2367 4277 egerit,
2402 4204 2678 4264 dominus
2738 4207 3212 4284 archiepiscopus
3261 4227 3396 4270 eum
3454 4229 3521 4274 eo
3574 4214 3830 4276 minime

2167 4293 2537 4367 participahit
2563 4314 2575 4363 ;
2609 4297 2708 4352 sed
2741 4300 2798 4352 et
2827 4297 2898 4354 de
2927 4298 3055 4372 ipso
3086 4300 3296 4356 comite
3321 4301 3476 4360 sicut
3503 4307 3562 4359 et
3590 4304 3666 4361 de
3683 4305 3828 4364 aliis

2167 4383 2548 4454 querimoniis
2577 4385 2786 4442 vestris
2817 4385 2987 4443 faciet
3030 4390 3185 4460 quod
3219 4389 3461 4462 justitia
3491 4391 3824 4456 dictaverit.

2168 4471 2284 4527 Hoc
2316 4477 2509 4528 autem
2539 4473 2806 4541 fecimus,
2835 4475 2992 4532 salvo
3025 4477 3083 4532 in
3123 4477 3412 4538 omnibus
3451 4483 3590 4552 jure
3619 4499 3830 4542 caeme-

2162 4559 2292 4616 terii
2317 4563 2538 4634 vestri,,
2570 4566 2630 4619 et
2659 4565 2881 4622 caeteris
2905 4566 3159 4636 querelis
3185 4568 3416 4638 vestris,
3441 4570 3630 4634 donec
3651 4576 3825 4648 Ηιιεο

2166 4648 2347 4706 abbas
2377 4650 2527 4707 hanc
2559 4653 2930 4712 concordiam
2962 4659 3118 4714 stare
3147 4658 3520 4717 concesserit.
