3984 6082
446 313 603 376 1635

823 311 1212 376 SULCARDI
1255 311 1610 378 MONACHI
1655 313 1804 376 LIB.
1849 313 1952 375 DE
1996 314 2504 378 FUNDA'I‘IONE
2547 313 2836 377 ABBAT.
2883 310 3460 376 WESTMONAST.

3699 309 3863 374 1636

1281 660 2112 762 ειπιαᾼιωι
2197 659 3010 762 MONAGI-II

1128 1074 1231 1133 DE
1277 1073 1789 1135 FUNDATIONE
1831 1075 2194 1136 ABBATIE
2238 1072 3150 1136 WESTMONASTERIENSIS

1757 1261 2057 1330 (Monastic.
2090 1260 2306 1330 Anglic.
2341 1260 2387 1326 Ι,
2416 1259 2532 1329 57.)
2563 1265 2566 1268 ’

511 1604 771 1661 Illustrat
794 1605 999 1661 ur’nem
1034 1604 1348 1660 Lundoniae
1371 1605 1563 1661 omnis
1585 1606 1840 1678 zequoria
1861 1607 2085 1662 subter-
2113 1613 2165 1677 Α
2197 1608 2399 1664 Evadit
2436 1623 2466 1662 e
2506 1606 2634 1662 navi
2671 1606 2740 1660 ad
2791 1605 3037 1672 siccum,
3068 1603 3286 1674 illoque
3319 1606 3642 1676 spectante,
3674 1607 3846 1659 terra

445 1695 635 1750 ﬂuens
664 1695 936 1750 vastitate
966 1695 1294 1763 Thamesis,
1328 1713 1484 1750 nunc
1513 1695 1785 1752 emittens
1827 1697 2083 1768 itemque

437 1782 724 1856 recipiens
741 1784 957 1839 ﬂuctus
976 1800 1150 1838 cursu
1175 1788 1231 1839 et
1248 1800 1487 1840 recursu
1522 1785 1710 1857 pelagi
1731 1791 1786 1841 et
1802 1785 2083 1857 ﬂuminis,

439 1871 821 1944 insulamque
851 1873 1102 1928 Thornei
1133 1872 1347 1928 dictam
1379 1873 1658 1946 tingit,ab
1679 1874 1823 1929 urbe
1854 1876 2084 1930 duobus

435 1961 809 2017 milliaribus.
844 1961 1267 2034 Complacitum
1308 1966 1394 2017 est
1443 1963 1580 2029 Deo,
1605 1967 1670 2017 ut
1719 1964 1994 2032 creditur,
2029 1968 2085 2019 et

435 2049 604 2106 beato
637 2049 1032 2123 apostolorum
1069 2050 1338 2123 principi,
1366 2051 1424 2106 in
1458 2051 1566 2106 hac
1595 2051 1790 2107 insula
1822 2053 2082 2107 mansio-

435 2156 569 2195 nem
601 2139 794 2212 parari
824 2139 1032 2205 sibi,in
1057 2156 1174 2211 qua
1193 2145 1249 2194 et
1267 2141 1418 2195 Deus
1442 2139 1500 2194 in
1525 2157 1630 2195 suo
1654 2141 2085 2213 colcreturapo-

435 2228 584 2285 stolo
614 2233 671 2284 et
702 2245 806 2300 per
834 2229 964 2298 ejus
996 2228 1384 2300 patronicium
1417 2229 1880 2284 etinterventum
1914 2231 2083 2286 mise-

434 2320 632 2373 reatur
670 2316 921 2388 supplici
966 2317 1178 2388 pepulo
1230 2335 1356 2371 suo.
1395 2319 1580 2373 Instat
1626 2335 1760 2390 ergo
1802 2320 2081 2391 przedives

433 2404 780 2461 Christicola
811 2406 1088 2460 Sebertus
1119 2405 1178 2460 in
1221 2405 1463 2461 fundata
1510 2407 1772 2474 ecclesia,
1807 2408 2082 2480 brevique

432 2497 693 2566 tempore
721 2495 1037 2567 perfectam
1069 2494 1577 2550 reddiditinstanti
1600 2495 1795 2551 labore
1813 2501 1868 2552 et
1885 2514 2078 2568 opera.

432 2582 807 2639 Commonuit
837 2584 1058 2638 interea
1086 2585 1214 2655 ejus
1244 2583 1510 2639 dicncesis
1544 2586 1848 2656 praesulem
1898 2586 2080 2640 Melli-

431 2676 661 2740 tum,ut
691 2672 860 2728 beato
893 2671 1110 2727 Mellito
1143 2672 1334 2728 cordis
1358 2677 1524 2728 Petro
1548 2674 1858 2729 fundatum
1883 2691 2082 2731 conse-

431 2765 620 2817 craret
649 2760 865 2817 locum.
895 2761 1104 2816 Addito
1153 2761 1256 2817 Dei
1291 2761 1558 2818 minister
1606 2780 1778 2836 opere
1827 2764 2079 2836 perfecto

430 2851 648 2924 gaudet
678 2850 748 2906 de
780 2849 932 2906 beati
969 2851 1112 2906 Petri
1147 2850 1385 2918 honore,
1422 2851 1694 2924 diemque
1739 2852 2080 2908 denominat

430 2941 622 3012 quoad
650 2940 1043 2996 dedicandum
1073 2939 1211 2995 velit
1240 2940 1552 2996 exsolvere.
1587 2942 1872 2997 Parantur
1898 2941 2076 2997 inter-

426 3045 496 3084 ea
525 3045 651 3102 quze
684 3034 850 3085 erant
879 3033 1056 3084 tantm
1088 3029 1440 3085 dedicationi
1490 3030 1818 3087 necessaria
1864 3035 1922 3086 et
1969 3048 2072 3086 an-

426 3117 780 3174 nuntiantur
809 3118 1267 3190 circumquaque
1299 3120 1672 3175 manentibus
1703 3118 1970 3186 Deicolis,
2006 3124 2073 3174 ut

427 3211 704 3262 accurant
733 3207 804 3262 ad
837 3205 1161 3263 cmlestium
1194 3206 1537 3279 nuptiarum
1570 3207 1818 3264 celebria
1857 3207 2070 3264 solem-

425 3295 542 3352 nia.
577 3296 808 3351 Statum
840 3295 995 3351 diem
1027 3296 1306 3367 praevenit
1346 3297 1460 3352 Deo
1512 3295 1761 3352 dilectus
1814 3297 2071 3368 pontifex

429 3383 711 3450 Mellitus,
746 3383 1036 3457 longeque
1086 3400 1120 3438 a
1158 3388 1493 3440 constructa
1535 3384 1777 3440 ecclesia
1825 3384 2068 3440 dimidio

423 3471 699 3528 milliario
716 3473 788 3528 ad
809 3489 1052 3544 vespera
1067 3478 1282 3528 sancta:
1306 3473 1418 3528 diei
1445 3472 1694 3529 tentoria
1711 3475 2070 3530 candescunt

422 3560 654 3617 eminus
672 3579 685 3626 ;
706 3565 902 3616 tumor
914 3561 1071 3616 enim
1086 3561 1399 3618 Thamesin
1411 3579 1478 3618 us
1490 3563 1884 3618 obtuderatun
1895 3563 2070 3634 dique

423 3648 824 3705 Tbornensem
858 3649 1113 3706 insulam
1132 3656 1187 3706 et
1220 3651 1435 3706 intrare
1466 3651 1794 3707 volentibus
1818 3669 1930 3706 non
1955 3653 2067 3708 nisi

424 3736 657 3810 navigio
687 3737 947 3810 aliquam
979 3740 1286 3796 aﬂ‘ectabat
1315 3740 1488 3794 viam.
1523 3739 1826 3794 Clauditur
1855 3740 2066 3796 caelum

421 3829 712 3883 nocturna
742 3827 988 3900 caligine
1011 3833 1067 3884 et
1088 3828 1463 3900 requiescunt
1483 3828 1714 3901 singula
1736 3828 1964 3885 coalitus
1985 3829 2070 3884 in-

425 3914 587 3972 dulto
619 3933 847 3988 sopore,
881 3917 1240 3990 diurnosque
1267 3917 1494 3973 labores
1526 3923 1820 3973 nocturnze
1867 3918 2066 3974 absol-

420 4009 526 4060 vnt
555 4005 834 4078 reliquiae,
869 4023 1002 4062 cum
1035 4006 1284 4064 caelestis
1313 4006 1574 4078 dignatio
1623 4024 1857 4063 omnem
1905 4025 2064 4065 acce-

418 4097 594 4166 ptans
624 4094 987 4152 devotionem
1020 4095 1262 4152 humilis
1293 4098 1349 4151 et
1377 4096 1561 4168 quieti
1591 4095 1782 4152 cordis
1800 4095 1952 4153 clare
1982 4097 2067 4152 in-

416 4182 607 4238 tendit
625 4181 790 4240 electi
822 4183 1068 4257 gloriam
1085 4185 1336 4241 clientis.
1359 4185 1588 4253 Audite,
1605 4189 1893 4258 quzeso,et
1922 4203 2064 4241 cun-

421 4269 533 4326 ctis
571 4272 867 4329 mentibus
897 4273 1176 4347 percipite
1204 4291 1383 4346 quam
1416 4273 1656 4329 sublimi
1688 4276 2066 4348 praerogativa

2103 2993 2152 3058 B

2197 1697 2444 1769 infigens
2473 1695 2748 1751 baculum
2779 1698 2937 1750 creat
2953 1697 3085 1766 post
3101 1709 3162 1748 se
3177 1693 3398 1748 fontem
3425 1692 3698 1759 ﬂuidum,
3721 1709 3848 1765 pro-

2194 1802 2512 1857 cessusque
2543 1783 2846 1857 paululum
2878 1783 3020 1838 item
3071 1782 3366 1855 inﬂgendo
3397 1797 3573 1852 quem
3621 1782 3848 1838 ferebat

2195 1875 2472 1930 baculum
2507 1878 2787 1946 potestate
2821 1890 2929 1929 sua
2958 1871 3155 1928 educit
3184 1876 3240 1928 et
3268 1869 3540 1938 alterum,
3574 1872 3678 1944 qui
3727 1871 3846 1928 duo

2195 1965 2382 2019 fontes
2413 1963 2584 2036 longo
2617 1963 2983 2018 deﬂuxerunt
3013 1965 3293 2033 tempore,
3327 1960 3510 2015 donec
3557 1960 3848 2016 absorbe-

2193 2057 2395 2108 rentur
2424 2053 2480 2106 in
2519 2051 2780 2106 ﬂuminis
2813 2050 2992 2118 alveo,
3024 2049 3190 2104 littus
3221 2049 3531 2104 devorante
3573 2065 3846 2120 aequoreo

2193 2141 2610 2196 reumate.lloc
2640 2141 2696 2194 in
2731 2139 2898 2194 ducis
2930 2138 3022 2194 sui
3051 2137 3268 2193 intuitu
3300 2142 3553 2208 peracto,
3585 2137 3755 2192 vadit
3774 2140 3844 2194 ad

2193 2231 2304 2285 sibi
2336 2230 2661 2302 delegatam
2693 2227 3394 2295 ecclesiam,comitantur
3413 2243 3549 2281 eum
3573 2226 3844 2284 ccelestes

2193 2319 2351 2373 chori
2373 2318 2658 2373 caelestem
2684 2316 3143 2372 melodificantes
3161 2314 3532 2370 harmoniam
3555 2331 3844 2386 vocesque

2193 2407 2462 2479 angelieas
2496 2407 2566 2461 ad
2601 2422 2786 2477 usque
2818 2404 3224 2459 celsitudinem
3269 2419 3624 2475 personuere
3666 2403 3839 2458 ethe-

2192 2514 2368 2551 ream.
2406 2497 2561 2550 Nova
2591 2495 2692 2550 Dei
2726 2499 2929 2566 nupta,
2963 2497 3338 2548 consecrante
3367 2508 3434 2547 eo
3483 2494 3584 2564 qui
3630 2491 3836 2547 caelum

2191 2585 2409 2640 claudit
2425 2589 2480 2640 et
2493 2585 2697 2656 aperit,
2712 2583 3047 2638 cmlestibus
3065 2581 3396 2654 resplendet
3418 2579 3834 2649 luminaribus,

2188 2679 2424 2747 totoque
2469 2673 2609 2728 solis
2659 2672 2889 2729 lucente
2940 2671 3164 2726 ambitu
3195 2669 3544 2726 candidatus
3577 2669 3833 2726 insulam

2187 2762 2445 2819 illustrat
2473 2761 2783 2829 exercitus,
2799 2763 3108 2834 patescunt
3130 2760 3381 2831 desuper
3397 2757 3636 2827 aethera,
3654 2758 3836 2832 quod-

2189 2868 2300 2924 que
2341 2851 2461 2925 agit
2507 2850 2810 2923 apostolus
2859 2849 2919 2904 in
2966 2853 3139 2916 terra,
3172 2851 3368 2904 actum
3401 2847 3554 2903 favet
3587 2848 3646 2902 in
3678 2847 3832 2903 caalis

2187 2941 2392 2996 divinae
2424 2939 2749 3012 majestatis
2776 2938 3054 3011 potentia.
3071 2938 3373 3010 Spectator
3393 2941 3595 3008 stupet
3623 2936 3832 2992 attoni-

2181 3034 2296 3098 tus,
2315 3029 2528 3085 nedum
2563 3028 2862 3084 discedere
2891 3030 3106 3100 posset,
3125 3024 3508 3098 permanendi
3531 3030 3690 3081 caret
3703 3025 3835 3081 viri-

2182 3119 2315 3186 bus,
2349 3123 2578 3174 tenetur
2607 3117 2731 3173 solo
2764 3116 3023 3188 corporis
3056 3120 3308 3172 tremore
3339 3114 3433 3170 sui
3465 3114 3662 3187 inops,
3694 3131 3830 3188 apo-

2180 3207 2386 3264 stolico
2436 3212 2582 3262 nutu
2635 3205 2868 3276 ligatus.
2914 3205 2974 3260 Si
3023 3222 3084 3261 se
3131 3204 3371 3260 haberet
3416 3203 3475 3258 in
3528 3221 3638 3260 suo
3673 3205 3826 3276 jure,

2180 3297 2420 3353 discessi
2431 3303 2549 3352 sset
2562 3296 2783 3367 utique,
2799 3295 2900 3351 sed
2914 3293 3197 3350 retinetur
3208 3291 3549 3366 apostolicis
3560 3293 3827 3361 vinculis,

2180 3386 2570 3442 absolvendus
2619 3384 2955 3440 testimonio
2999 3383 3264 3456 gloriosa:
3291 3381 3558 3438 visionis.
3595 3385 3829 3438 Peracto

2179 3476 2251 3530 ad
2283 3475 2435 3546 quod
2467 3481 2700 3530 venerat
2729 3473 3030 3542 ofﬁcio,ad
3053 3477 3294 3527 nautam
3327 3488 3500 3526 suum
3521 3472 3675 3526 redit
3703 3487 3832 3544 apo«

2179 3563 2363 3620 stolus
2419 3563 2896 3630 tremebundum,
2933 3578 3003 3617 ne
3057 3564 3261 3633 paveat
3291 3558 3553 3632 amplius
3601 3559 3830 3615 blandis

2178 3655 2385 3708 suadet
2416 3652 2786 3707 sermonibus
2821 3669 2834 3706 :
2874 3672 2901 3702 (ι
2930 3651 3031 3716 Ne,
3065 3650 3276 3721 inquit,
3297 3649 3508 3706 timeas
3541 3648 3829 3721 superbis

2177 3760 2305 3814 quae
2355 3740 2572 3798 audisti
2601 3744 2656 3796 et
2682 3739 2900 3808 vidisti,
2927 3743 3064 3795 sunt
3108 3739 3267 3794 enim
3307 3738 3389 3792 ita
3416 3755 3485 3794 ex
3530 3737 3831 3794 voluntate

2175 3830 2428 3901 Domini,
2461 3830 2721 3902 mihique
2753 3846 2825 3885 ne
2851 3824 3084 3884 dubites
3115 3828 3317 3883 audita
3337 3831 3395 3882 et
3423 3827 3551 3883 visa
3580 3828 3828 3895 edicere,

2175 3925 2242 3976 ut
2271 3920 2452 3976 sciam
2485 3923 2683 3975 utrum
2707 3919 2977 3975 obstante
3008 3933 3242 3989 pavore,
3275 3916 3536 3989 potueris
3564 3917 3829 3973 visorum

2171 4027 2355 4082 capax
2386 4026 2513 4065 esse
2543 4013 2600 4064 et
2629 4007 2767 4080 quid
2801 4023 2904 4080 per
2933 4011 2989 4062 te
3021 4005 3314 4062 notaveris
3346 4009 3573 4078 gestam
3609 4022 3738 4061 rem
3771 4009 3826 4061 et

2175 4104 2429 4154 actorem
2482 4097 2833 4170 signiﬁcare.
2879 4118 2908 4146 »
2961 4095 3213 4151 Docente
3261 4093 3492 4150 dulcius
3539 4093 3829 4166 apostolo,

2174 4204 2353 4259 pavor
2374 4185 2666 4257 abjicitur,
2683 4184 2898 4240 fiducia
2923 4182 3205 4256 loquendi
3226 4183 3547 4250 inducitur,
3565 4183 3832 4239 tandem-

2175 4294 2288 4350 que
2320 4275 2638 4347 resumptis
2656 4273 2900 4342 viribus,
2921 4274 2993 4330 ad
3010 4289 3358 4346 responsum
3372 4271 3633 4344 piscator
3653 4270 3832 4328 resol-

419 4359 822 4418 Tbornensem
868 4361 1124 4418 insulam
1180 4362 1454 4435 princeps
1503 4362 1900 4434 apostolorum
1949 4364 2061 4420 sibi
2093 4365 2135 4431 C
2173 4365 2364 4421 vitur:
2405 4387 2432 4414 «
2464 4362 2893 4426 Licet,domine
2923 4361 3347 4433 mi,scientiam
3378 4360 3829 4433 meamgrandis

417 4447 694 4522 dignatus
725 4449 803 4507 sit
843 4467 1183 4507 consecrare
1213 4456 1270 4507 et
1298 4468 1475 4523 quam
1526 4451 1876 4508 ﬂducialiter
1905 4453 1964 4508 in
1995 4470 2062 4509 ea

415 4537 533 4595 Deo
580 4538 894 4597 servientes
945 4541 1074 4612 ejus
1119 4541 1370 4596 debeant
1417 4539 1694 4612 suffragia
1726 4540 2058 4612 implorare.

415 4626 722 4694 Omnibus,
757 4633 821 4684 ut
867 4629 1090 4684 dictum
1135 4633 1242 4697 est,
1277 4645 1504 4684 sommo
1547 4629 1864 4701 oppressis,
1898 4631 2064 4688 adest

413 4714 540 4788 ipse
571 4722 772 4789 pastor
803 4721 1000 4774 noster
1031 4719 1236 4774 beatus
1268 4718 1685 4789 Petrus,super
1707 4717 1892 4790 ripam
1916 4720 2064 4776 Tha-

395 4806 620 4875 ‘misiw,
654 4807 843 4864 visum
877 4807 937 4863 in
969 4807 1084 4864 alia
1114 4806 1270 4862 ﬂuvii
1303 4811 1464 4878 parte
1495 4807 1846 4880 piscatorem
1879 4808 2061 4864 incla-

414 4900 537 4950 mat
565 4895 637 4950 ad
670 4913 732 4952 se
760 4898 974 4964 venire,
1010 4898 1108 4970 qui
1142 4897 1189 4950 si
1220 4895 1393 4952 vellet
1422 4901 1477 4951 et
1506 4897 1563 4950 in
1596 4895 1724 4968 ipsa
1751 4895 1944 4952 insula
1967 4915 2063 4970 po-

411 4986 564 5039 terat
614 4985 931 5056 aperuisse.
986 4987 1097 5042 Sed
1146 4984 1350 5053 voluit,
1402 4989 1468 5040 ut
1529 4985 1797 5053 arbitror,
1849 4990 2060 5044 testem

412 5070 628 5127 habere
660 5073 852 5144 operis
883 5076 1090 5147 agendi
1124 5074 1422 5130 hominem
1447 5073 1620 5129 officii
1654 5075 1766 5143 sui,
1793 5077 1948 5132 unde
1969 5077 2059 5132 bis

412 5162 618 5230 terque
646 5161 896 5217 accitum
930 5162 1277 5235 piscatorem
1312 5163 1639 5218 habetcum
1668 5163 1817 5218 navi.
1843 5165 2060 5220 Tradu-

414 5246 494 5303 cit
525 5249 760 5303 tandem
788 5254 1084 5320 petentem
1116 5250 1449 5323 apostolum
1482 5267 1598 5306 non
1632 5251 1757 5307 sine
1799 5253 2059 5310 admira-

414 5336 575 5392 tione
616 5340 836 5406 tamen,
878 5339 978 5411 qui
1027 5339 1263 5412 ignotus
1300 5339 1397 5394 ille
1444 5343 1501 5395 et
1545 5339 1605 5394 in
1647 5339 1747 5395 illa
1793 5343 2058 5398 omnium

419 5441 615 5481 rerum
645 5425 840 5497 quiete
871 5432 1096 5500 pertere
1125 5427 1296 5483 vellet
1323 5431 1486 5483 trans
1511 5428 2061 5488 ﬂuvium.’l‘ransve—

416 5517 548 5569 etus
563 5513 690 5570 caali
703 5513 953 5589 claviger
973 5520 1303 5572 commonet
1320 5515 1437 5570 illic
1459 5521 1794 5588 exspectare
1808 5521 2056 5588 socium,

412 5601 746 5686 laborisque
796 5605 888 5665 sui
932 5604 1328 5667 certissimum
1379 5603 1689 5682 pollicetur
1726 5609 2055 5682 prmmium.

2173 4452 2484 4510 excesserit
2511 4451 2677 4518 visio,
2693 4451 3003 4522 tejubente
3024 4451 3216 4506 dicam
3240 4450 3394 4522 quod
3418 4447 3827 4504 sentio.Voces

2173 4541 2537 4599 cantantium
2601 4541 2750 4596 mira
2845 4539 3129 4596 suavitate
3198 4537 3417 4604 audivi,
3486 4536 3822 4594 claritatem

2172 4631 2369 4704 magni
2431 4629 2673 4686 luminis
2737 4629 2878 4697 vidi,
2946 4632 3003 4684 et
3068 4629 3141 4684 ad
3212 4627 3354 4694 haec,
3421 4625 3578 4682 ultra
3647 4641 3824 4698 quam

2171 4721 2378 4788 sciam,
2434 4718 2696 4774 extimui.
2757 4720 2845 4774 Tu
2893 4735 3046 4785 vero,
3099 4715 3334 4772 domine
3399 4714 3503 4780 mi,
3554 4713 3694 4786 quis
3741 4713 3824 4769 vel

2171 4809 2312 4882 quid
2361 4809 2442 4865 sis
2493 4807 2710 4864 certius
2759 4807 2976 4874 nescio,
3031 4807 3130 4862 sed
3202 4803 3426 4877 aliquid
3498 4803 3641 4858 boni
3701 4818 3825 4859 esse

2171 4905 2224 4954 te
2252 4899 2492 4954 credens
2524 4915 2640 4952 non
2672 4897 2893 4952 dubito.
2922 4919 2950 4946 »
2978 4897 3142 4952 Tunc
3173 4893 3474 4966 apostolus
3506 4892 3591 4948 sic
3611 4892 3825 4964 recepit

2170 4989 2562 5042 confitentem.
2598 5009 2625 5036 ‹‹
2657 4987 2860 5053 Quem,
2895 4984 3106 5056 inquit,
3141 4985 3361 5039 bonum
3394 4982 3542 5036 bene
3574 4981 3822 5053 percipis

2169 5075 2428 5147 apertius
2457 5073 2733 5146 intellige,
2760 5090 2886 5144 qua;
2917 5072 3096 5128 etiam
3113 5086 3366 5142 expones
3384 5067 3537 5124 aliis.
3551 5067 3677 5140 Ego
3696 5081 3822 5122 sum

2169 5163 2380 5219 Christi
2399 5161 2700 5235 apostolus
2720 5167 2946 5230 Petrus,
2963 5160 3056 5217 cui
3074 5161 3224 5216 hanc
3246 5157 3557 5215 ecclesiam
3575 5155 3818 5211 fabrica.

2167 5255 2251 5310 vit
2296 5252 2441 5308 mihi
2491 5251 2588 5308 ille
2649 5269 2815 5308 meus
2874 5250 3100 5306 amicus
3147 5249 3446 5318 Sebertus,
3496 5261 3602 5318 pro
3655 5245 3821 5316 cujus

2170 5359 2365 5399 amore
2394 5346 2452 5398 et
2480 5341 2804 5410 devotione,
2838 5339 3070 5413 locique
3115 5340 3245 5411 ejus
3294 5343 3513 5393 aeterna
3557 5334 3818 5390 sanctiﬁ-

2168 5434 2414 5499 catione,
2439 5448 2542 5503 per
2571 5429 2862 5502 meipsum
2895 5429 3051 5486 volui
3083 5445 3212 5486 eam
3245 5427 3362 5484 Deo
3376 5430 3435 5482 et
3454 5423 3604 5480 mihi
3627 5439 3820 5480 conse-

2168 5523 2500 5586 crare.Quaa
2530 5521 2684 5576 facta
2713 5526 2851 5575 sunt
2870 5521 2999 5592 jam
3017 5513 3080 5576 tu
3111 5520 3238 5591 ipse
3266 5515 3465 5573 vidisti
3493 5519 3553 5572 et
3573 5513 3809 5578 audisti,

2170 5613 2231 5671 in
2259 5611 2353 5672 his
2383 5626 2511 5686 quae
2544 5613 2767 5669 restant
2796 5610 3195 5671 obsecundato
3227 5605 3396 5682 mihi,
3429 5605 3586 5680 facto
3618 5603 3715 5664 die
3729 5602 3816 5666 adi
