3988 6074
446 291 601 354 1039

1466 287 1716 349 AMATI
1761 283 2410 348 BURDEGALENSIS
2452 283 2820 346 ARCHIEP.

3687 278 3852 349 ιω

441 415 644 497 pacem
674 438 877 480 eorum
907 420 1371 478 reformavimus.
1404 420 1603 493 Neque
1632 435 1731 476 eos
1777 419 1848 475 ad
1900 417 2082 474 ullam
2110 418 2167 487 Α
2197 418 2256 474 S.
2290 416 2589 490 Stephani.
2623 415 2996 490 Turonisque
3041 415 3280 489 Maioris
3333 413 3694 486 Monasterii,
3750 413 3856 476 ubi

441 511 921 577 satisfactionem,
953 511 1095 583 quia
1122 511 1465 566 auctoritate
1495 509 1750 582 pollente
1781 526 1842 564 se
1864 507 2091 563 munie-

439 605 592 670 rant,
626 599 1042 674 compulimus,
1076 616 1267 672 neque
1295 598 1557 670 qualibet
1584 615 1688 672 pro
1719 597 1820 654 tali
1851 614 2091 654 excessu

437 689 810 746 absolutione
838 689 1176 762 purgandos
1207 687 1566 746 censuimus.
1601 709 1629 738 ››
1689 687 1790 743 Hic
1840 686 2091 759 legimus

435 780 712 835 Amatam
743 777 924 834 fuisse
954 800 984 829 ιε
1016 777 1374 834 destinatum
1407 800 1435 827 ››
1464 777 1523 832 in
1554 776 1848 833 Galliama
1878 778 2084 848 Grego-

434 868 521 926 rio
551 868 676 936 VII,
707 871 764 922 et
795 867 1033 939 quidem
1065 867 1286 923 missus
1311 873 1402 923 est
1430 867 1502 923 ab
1534 867 1676 922 urbe
1690 865 2088 937 Roma;conji-

431 956 632 1030 oitque
657 956 743 1012 vir
769 955 1148 1012 doctissimus
1177 956 1506 1028 Stephanus
1536 956 1808 1012 Baluzius
1839 956 1898 1010 in
1928 972 2079 1027 prae-

430 1046 650 1103 fatione
682 1047 753 1102 ad
785 1047 1110 1103 secundum
1143 1049 1369 1105 tomum
1403 1045 1931 1112 Miscellaneorum,
1952 1060 2086 1100 eum

428 1152 562 1192 esse
591 1137 869 1192 Amatum
902 1134 1072 1191 illum
1102 1135 1459 1193 monachum
1507 1135 1883 1192 Casinensem
1916 1135 2086 1205 cujus

429 1224 702 1282 meminit
733 1225 939 1281 Petrus
966 1224 1252 1283 diaconus
1282 1224 1342 1280 in
1372 1224 1562 1280 lib.De
1592 1223 1733 1280 viris
1757 1222 2085 1279 illustribus

426 1313 1001 1386 Casinensibus,cap.
1022 1315 1111 1381 20,
1136 1329 1430 1385 quemque
1459 1312 1598 1369 dicit
1627 1313 1736 1369 sub
1770 1313 1938 1385 Greg.
1974 1311 2079 1366 VII

424 1404 608 1460 fuisse
633 1401 1372 1476 episcopum,dissimulato
1402 1406 1600 1459 tamen
1633 1404 1760 1474 ejus
1782 1402 1936 1458 sedis
1967 1399 2082 1472 epi-

423 1492 678 1566 scopalis
726 1493 983 1548 nomine.
1040 1491 1294 1549 Aliunde
1323 1492 1480 1548 idem
1509 1492 1596 1547 vir
1629 1493 1834 1548 doctus
1865 1491 2075 1563 probat

423 1597 558 1638 eum
591 1580 772 1637 fuisse
801 1580 1179 1638 monachum.
1208 1582 1456 1638 Amatus
1489 1584 1720 1636 creatus
1749 1585 1838 1635 est
1866 1578 2083 1635 archie-

421 1669 698 1744 piscopus
728 1670 788 1725 in
814 1669 1064 1726 concilio
1092 1669 1500 1743 Burdigalensi
1527 1670 1620 1726 cui
1668 1673 1928 1742 prmerat,
1982 1685 2076 1724 an.

422 1760 581 1831 1088,
614 1759 712 1816 die
735 1759 766 1814 4
797 1759 1160 1830 Novembris,
1196 1758 1280 1814 uti
1311 1758 1528 1832 legitur
1559 1759 1620 1814 in
1641 1758 1922 1814 Chronico
1937 1757 2078 1813 Mal-

418 1845 1026 1905 leacensi.Concilium
1059 1847 1166 1904 hoc
1198 1848 1611 1922 Burdigalense
1642 1847 1884 1916 dictum,
1920 1847 2076 1919 quod

418 1943 575 1997 esset
604 1938 914 2011 provincia:
945 1937 1412 2010 Burdigalensis,
1462 1938 1690 1994 videtur
1720 1937 2074 1993 celebratum

417 2027 571 2100 apud
605 2029 934 2099 Santones;
969 2025 1027 2081 id
1061 2027 1216 2082 enim
1241 2027 1386 2082 forte
1410 2026 1937 2099 significantverba
1954 2024 2075 2080 haec

413 2115 687 2174 Ademari
717 2115 1180 2188 Engolismensis
1230 2115 1509 2187 episc0pi,
1533 2115 1592 2168 in
1625 2115 1831 2170 litteris
1860 2114 2076 2185 quibus

415 2207 683 2278 quaedam
714 2204 962 2277 largitur
1009 2204 1364 2260 monasterio
1416 2203 1613 2259 Sancti
1665 2203 1958 2271 Maxentii,
2007 2219 2075 2258 ex

413 2295 678 2364 ejusdem
709 2293 820 2350 loci
851 2293 1055 2349 tabula
1087 2310 1100 2349 :
1153 2316 1181 2343 «
1212 2294 1330 2366 Ego
1377 2293 1697 2350 Ademarus
1748 2292 1851 2348 Dei
1884 2292 2075 2364 gratia

415 2380 764 2454 Engolisma:
797 2380 955 2436 sedis
985 2381 1409 2454 episcopus,fui
1441 2381 1728 2437 Santones
1787 2381 1860 2436 ad
1900 2397 2070 2453 syno-

416 2471 578 2538 dum,
613 2470 672 2524 in
705 2487 821 2542 quo
853 2470 1015 2542 [qua]
1049 2471 1121 2525 ab
1149 2471 1426 2527 omnibus
1457 2471 1625 2526 nobis
1655 2473 1900 2526 Amatus
1929 2472 2070 2526 Bur—

415 2558 618 2632 digala:
649 2558 899 2615 civitatis
947 2559 1421 2632 archiepiscopus
1451 2560 1668 2616 electus
1698 2565 1805 2627 est,
1834 2560 1930 2614 ubi
1964 2577 2072 2615 no-

414 2647 506 2705 bis
552 2647 695 2704 satis
743 2648 1152 2704 convenienter
1190 2648 1372 2704 abbas
1430 2649 1616 2705 Adam
1663 2650 1724 2713 S,
1771 2649 2070 2720 Adjutoris

413 2737 686 2793 Maxentii
717 2736 953 2793 servivit
975 2740 1032 2793 et
1064 2736 1389 2794 honoravit.
1426 2761 1453 2788 »

479 2828 747 2897 Amatus,
779 2826 968 2881 factus
999 2825 1502 2900 archiepiscopus,
1556 2828 1764 2899 majori
1810 2827 2066 2882 auctori-

411 2914 1133 2987 tate,minorique,invidia
1165 2915 1719 2989 perrexitlegatione
1751 2916 1908 2972 sedis
1937 2933 2069 2987 apo-

411 3004 624 3061 stolica:
655 3004 841 3077 fungi.
876 3006 1010 3070 Qua:
1043 3022 1174 3061 vero
1223 3005 1470 3078 gesserit
1515 3009 1580 3060 ut
1631 3004 2068 3078 legatus_extra

411 3110 579 3150 suam
611 3092 970 3166 provinciam
999 3092 1210 3150 litteris
1261 3095 1542 3150 mandare
1592 3095 1778 3150 nostri
1829 3111 1944 3150 non
1975 3097 2064 3150 est

2200 524 2295 562 an.
2330 509 2467 563 1096
2491 507 2756 563 interfuit
2782 505 3026 562 concilio
3055 505 3255 562 habito
3301 505 3375 562 ab
3418 504 3654 565 Urbano
3699 519 3861 576 papa

2199 598 2270 665 ΙΙ,
2305 597 2776 670 subscripsitque
2807 597 3037 652 decreto
3067 611 3172 668 pro
3200 598 3262 652 8.
3291 594 3562 654 Martiae.

2271 687 2551 758 Ejusdem
2583 687 2701 744 fere
2730 689 2818 743 est
2847 684 3127 758 temporis
3159 683 3471 743 concilium
3489 685 3866 742 Santonense

2200 777 2355 849 quod
2387 776 2698 832 celebravit
2724 777 2988 832 Amatus.
3023 773 3344 831 Concilium
3395 774 3506 832 hoc
3545 773 3605 831 in
3638 770 3865 832 tabulis

2199 868 2257 925 S.
2291 866 2536 924 Joannis
2563 863 3028 938 Angeriacensis,
3061 866 3119 920 et
3153 867 3210 918 Β.
3261 862 3468 921 Hilarii
3518 857 3859 934 consignari

2198 957 2406 1012 docent
2436 953 2892 1022 Sammarthani,
2928 954 3039 1010 Sed
3069 957 3304 1026 tempus
3332 952 3598 1025 ejusdem
3631 949 3855 1012 indicti

2195 1046 2397 1102 tabula
2425 1043 2868 1116 Silvae-majoris
2897 1042 2957 1098 in
2991 1059 3108 1115 qua
3137 1042 3352 1116 legitur
3381 1059 3396 1098 :
3444 1065 3470 1094 «
3503 1043 3756 1099 Terram
3785 1040 3852 1100 de

2195 1135 2420 1204 Doeria,
2483 1139 2617 1202 etc.,
2666 1149 2845 1206 quam
2891 1131 3148 1189 ecclesia:
3179 1129 3609 1204 Silva-majoris
3654 1128 3846 1192 Helius

2192 1224 2464 1298 princeps
2496 1224 2565 1280 de
2596 1223 2844 1279 Didonia
2889 1238 3024 1278 cum
3075 1237 3251 1278 uxore
3299 1237 3408 1278 sua
3454 1218 3657 1277 Avicia
3685 1222 3747 1274 et
3775 1218 3842 1279 ti-

2191 1315 2428 1371 liis......
2487 1330 2591 1386 pro
2648 1311 2835 1368 salute
2883 1311 3215 1367 animarum
3281 1326 3526 1368 suarum
3578 1307 3838 1374 donavit,

2191 1409 2393 1477 postea
2421 1403 2748 1476 pignoravit
2775 1402 2958 1458 abbas
2977 1396 3841 1472 Malliaoensismobrsneseion-

2189 1493 2383 1550 tibus!
2416 1493 2517 1549 sed
2548 1495 2862 1564 postquam
2910 1489 3276 1559 rescivimus,
3333 1489 3487 1546 facta
3514 1485 3840 1560 proclama-

2188 1583 2346 1639 tione
2377 1582 2449 1638 ab
2481 1582 2692 1638 abbate
2743 1584 2943 1637 nostro
2987 1579 3268 1636 Achelmc
3315 1577 3376 1634 in
3423 1575 3676 1636 concilio
3707 1576 3841 1634 Sul-

2189 1672 2442 1739 tonensi,
2476 1669 3113 1743 recuperavimus.......
3157 1668 3383 1740 judicio
3429 1666 3840 1741 episcoporum

2188 1767 2244 1818 et
2273 1762 2718 1818 abbatum.......
2750 1760 3092 1816 conﬁrmato
3123 1758 3182 1814 in
3213 1775 3392 1814 manu
3440 1757 3509 1813 D.
3556 1753 3758 1813 Amati
3784 1756 3838 1814 8.

2188 1852 2356 1908 Rom.
2406 1849 2674 1906 Ecclesia:
2720 1848 2916 1922 legati,
2967 1846 3410 1920 Burdigalensis
3458 1860 3698 1918 quoque
3743 1841 3840 1900 Dei

2184 1941 2374 2014 gratia
2399 1939 3029 2012 archiepiscopi.........
3054 1939 3266 1993 Actum
3296 1940 3384 1993 est
3409 1935 3520 1998 hoc
3553 1951 3652 1990 an.
3670 1933 3839 1989 Dom.

2185 2028 2610 2085 lncurnationis
2644 2028 2801 2083 1091.
2836 2049 2864 2077 ››
2911 2026 3124 2082 Eodem
3176 2042 3327 2081 anno
3374 2022 3646 2079 Urbanus
3691 2037 3840 2094 papa

2183 2135 2397 2191 magna
2426 2134 2641 2190 pompa
2669 2115 2956 2172 dedicavit
2997 2114 3302 2172 ecclesiam
3350 2110 3834 2184 Burdigalensem

2183 2207 2274 2263 die
2305 2206 2739 2279 Maii,quamvis
2778 2205 2957 2275 hujus
3004 2202 3388 2261 dedicationis
3435 2201 3836 2257 anniversaria

2183 2297 2527 2354 solemnitas
2561 2314 2675 2352 non
2707 2296 2910 2352 eodem
2941 2294 3053 2363 die,
3087 2295 3186 2350 sed
3216 2295 3279 2348 21
3327 2290 3541 2365 Aprilis
3575 2289 3832 2346 celebre.

2180 2390 2296 2454 tur,
2333 2387 2475 2442 forte
2502 2387 2574 2442 ob
2607 2402 2959 2441 concursum
2991 2382 3122 2440 festi
3143 2383 3235 2439 SS.
3269 2379 3672 2456 apostolorum
3707 2379 3832 2435 Phi-

2181 2475 2320 2548 lippi
2351 2481 2408 2531 et
2436 2475 2876 2531 Jacobi.Missas
2906 2473 3153 2530 facimus
3183 2471 3612 2527 dedicationem
3643 2473 3701 2524 S.
3733 2472 3829 2524 Sa-

2180 2565 2403 2621 turnini
2461 2563 2683 2620 Tolosa:
2714 2567 2770 2618 et
2826 2562 3322 2618 consecrationem
3356 2559 3600 2630 majoris
3631 2558 3830 2613 altaris

2179 2654 2548 2724 Carolfensis,
2582 2653 2798 2725 quibus
2827 2667 3084 2725 praesens
3114 2649 3328 2722 legitur
3375 2648 3470 2704 his
3513 2647 3633 2702 fere
3683 2650 3825 2702 tem-

2179 2743 2455 2813 doribus;
2492 2743 2576 2797 uti
2606 2747 2663 2797 et
2691 2740 3025 2796 revelationi
3058 2739 3363 2812 sanguinis
3391 2735 3624 2792 Domini
3648 2735 3708 2790 in
3740 2751 3829 2790 eo-

2178 2834 2312 2888 dem
2345 2831 2725 2888 S.Salvatoris
2757 2829 3102 2885 Caroifensis
3147 2827 3541 2894 monasterio;
3593 2829 3652 2880 et
3699 2824 3830 2880 fun-

2177 2921 2398 2978 dationi
2430 2919 2672 2977 abbatia:
2703 2918 2961 2975 S.Maria:
2986 2918 3057 2974 de
3081 2918 3224 2973 Rota
3254 2917 3423 2988 cujus
3453 2914 3660 2971 charta
3691 2913 3830 2969 sub-

2177 3011 2462 3082 scriptum
2495 3010 2623 3080 ejus
2654 3025 2870 3064 nomen
2898 3007 3150 3080 prefert.

2243 3102 2410 3156 Anno
2443 3100 2580 3155 1097
2609 3114 2858 3170 pergens
2909 3095 2968 3150 in
3017 3094 3379 3167 Hispaniam,
3431 3092 3590 3148 Osce
3634 3091 3826 3163 majus

410 3163 664 3238 instituti
691 3200 704 3250 ;
737 3183 837 3238 sed
870 3200 995 3254 qus:
1027 3183 1165 3238 fecit
1197 3186 1261 3238 ut
1307 3183 1779 3256 archiepiscopus
1814 3183 2063 3238 breviter
2093 3163 2135 3230 Ο
2173 3188 2480 3261 templum,
2514 3163 2645 3259 post
2674 3163 3030 3241 deditionem
3082 3163 3245 3239 urbis
3295 3200 3330 3238 ο.
3358 3179 3576 3237 Mauris
3609 3180 3825 3235 factum

409 3275 549 3328 sunt
579 3271 900 3328 referenda.

475 3362 643 3417 Anno
677 3362 814 3416 1090
843 3360 1206 3416 conﬁrmavit
1240 3361 1594 3418 monasterio
1627 3361 2059 3432 Silvaemajoris,

408 3467 611 3506 omnes
641 3450 914 3506 ecclesias
944 3467 1092 3522 quas
1123 3450 1486 3518 Goscelinus,
1535 3452 1661 3522 ejus
1706 3455 2056 3519 antecessor,

407 3537 546 3594 huic
579 3539 817 3594 dederat
847 3538 1126 3604 coenobio,
1154 3540 1466 3596 sanctitate
1492 3545 1617 3594 tum
1643 3538 2018 3595 celeberrimo
2043 3556 2056 3607 ;

408 3627 578 3698 cujus
608 3625 1070 3682 confirmationis
1101 3628 1267 3682 testis
1298 3632 1355 3683 et
1385 3628 1676 3699 particeps
1717 3628 1826 3682 fuit
1856 3627 2059 3683 Petrus

407 3715 663 3771 decanus
691 3717 748 3770 et
777 3714 1224 3770 archidiaconus
1257 3717 1314 3771 S.
1343 3717 1606 3772 Andreae.
1661 3715 1862 3770 Eidem
1892 3732 2056 3771 sacro

407 3801 532 3858 loco
565 3803 722 3859 dedit
751 3802 1114 3859 ecclesiolam
1147 3805 1204 3860 S.
1256 3804 1400 3876 Lupi
1445 3804 1966 3873 Inter-duo-maria,
1999 3808 2058 3860 et

407 3892 740 3949 sanctuaria
771 3909 896 3964 qua:
929 3892 1000 3946 ad
1032 3891 1194 3947 illam
1227 3893 1611 3964 pertinebant.

474 3983 639 4038 Anno
675 3980 811 4036 1093
841 3979 1158 4054 Burdigalae
1190 3981 1504 4037 concilium
1536 3980 1837 4048 habuit,ex
1876 3982 2057 4039 Chro-

406 4070 536 4126 nico
567 4067 1214 4125 Malleacensi.Nomina
1244 4068 1564 4141 praesulum
1587 4068 1687 4140 qui
1719 4069 2052 4140 adfuerunt,

405 4157 575 4214 nobis
623 4157 958 4230 suppeditat
987 4157 1346 4212 chartarium
1376 4163 1432 4213 S.
1486 4157 1637 4214 Petri
1689 4158 1760 4214 de
1813 4156 2051 4230 ltegula,

405 4247 617 4319 quidve
646 4250 875 4318 gestum
906 4245 980 4302 sit
1011 4247 1071 4302 in
1104 4246 1212 4302 hoc
1242 4251 1408 4313 caetu,
1443 4247 1646 4315 docet;
1694 4263 1903 4318 nempe
1951 4246 2052 4302 0t—

403 4334 628 4408 gerium
660 4335 731 4390 de
763 4334 1101 4390 Landerone
1143 4335 1374 4408 Regula:
1408 4335 2050 4408 priorem.Bernardum

402 4427 729 4497 Aquensem
771 4422 1108 4496 episcopum
1147 4425 1513 4495 proclamasse
1564 4429 1621 4480 et
1668 4423 2051 4497 compellasse

2170 3279 2334 3333 Petro
2365 3277 2629 3332 Navarrae
2661 3278 2718 3330 et
2744 3276 3108 3346 Arragonum
3138 3271 3282 3345 regi,
3309 3269 3689 3337 consecravit,
3726 3273 3828 3325 aut

2170 3365 2434 3439 profanis
2463 3364 3011 3420 Mahumetanorum
3044 3361 3253 3416 ritibus
3283 3359 3567 3433 pollutam
3613 3357 3826 3414 lustra-

2167 3455 2268 3521 vit,
2302 3459 2359 3510 et
2402 3451 2792 3510 reconciliavit
2819 3469 2876 3508 vr
2905 3449 3032 3506 Kal.
3091 3449 3378 3518 Januarii,
3405 3446 3820 3504 assistentibus

2169 3544 2334 3600 Petro
2365 3541 2623 3609 Oscensi,
2672 3540 2923 3596 Fulcone
2971 3537 3401 3605 Barcinonensi,
3432 3537 3598 3593 Petro
3649 3541 3817 3592 Pam-

2168 3632 2493 3706 pelonensi,
2525 3635 2581 3686 et
2612 3629 2820 3686 Sancio
2849 3626 3226 3684 Lascurrensi
3257 3625 3567 3698 episcopis,
3602 3629 3672 3680 ut
3700 3641 3818 3680 me-

2169 3724 2357 3777 morat
2389 3724 2520 3792 post
2551 3718 2876 3774 Chronicon
2899 3716 3544 3772 MalleacenseJoannes
3558 3714 3821 3770 Mariana

2167 3811 2248 3867 De
2278 3810 2454 3865 rebus
2482 3808 2772 3880 Hispania:
2805 3806 2906 3862 lib.
2938 3825 2994 3874 x,
3048 3823 3096 3861 c.
3131 3809 3182 3861 2.
3234 3806 3359 3861 Non
3390 3805 3705 3860 tacendum
3736 3807 3822 3859 est

2167 3915 2304 3954 eum
2334 3895 2678 3969 suffragium
2712 3895 2920 3950 tulisse
2949 3894 3008 3949 in
3039 3892 3284 3949 concilio
3313 3891 3818 3948 Nemausensiba-

2165 3987 2286 4043 bito
2319 4004 2371 4043 Iv
2401 3987 2539 4042 Idus
2570 3983 2800 4054 Julii,in
2832 4001 2948 4056 quo
2980 3982 3287 4055 Philippus
3319 3981 3342 4037 Ι
3383 3997 3481 4036 rex
3511 3981 3821 4036 abstentus

2164 4081 2220 4132 et
2250 4074 2724 4131 excomunicatus
2779 4073 2850 4129 ob
2900 4073 3238 4129 Bertradam
3289 4071 3360 4126 de
3409 4070 3818 4135 Monte-Forti,

2165 4163 2438 4222 Fulconis
2465 4163 2721 4222 Andium
2754 4162 2985 4218 comitis
3016 4161 3349 4234 conjugem,
3364 4162 3591 4231 raptam
3625 4162 3682 4214 et
3711 4158 3822 4215 du-

2164 4259 2339 4321 ctam,
2367 4253 2595 4308 vivente
2629 4251 2842 4307 Bertha
2862 4249 3124 4323 legitima
3155 4265 3352 4318 uxore,
3393 4251 3527 4321 post
3556 4247 3818 4304 debitam

2162 4340 2722 4408 satisfactionem,ad
2754 4339 3020 4395 Ecclesia:
3050 4337 3339 4411 gremium
3371 4341 3676 4394 revocatus
3705 4341 3813 4405 est,

2159 4449 2228 4488 ex
2256 4432 2383 4487 eod.
2417 4430 2628 4486 Chron.
2662 4428 2821 4484 Mall.

402 4531 506 4587 pro
537 4513 902 4602 restitutione
941 4512 1095 4569 cella:
1145 4514 1204 4569 S.
1254 4513 1509 4602 Gaprasii
1560 4515 1632 4569 de
1680 4513 1954 4570 Pontonis
1984 4513 2044 4568 in
2084 4537 2131 4602 Β
2233 4522 2394 4576 Anns
2454 4520 2592 4575 1098
2644 4516 2954 4574 concilium
3011 4515 3320 4573 celebravit
3377 4513 3706 4589 Burdigala:
3756 4532 3813 4574 ui

402 4619 551 4676 pago
579 4601 883 4658 Ausciensi
912 4619 1089 4674 super
1116 4601 1452 4671 Adureium,
1484 4619 1663 4674 quam
1695 4601 1805 4659 sibi
1851 4601 2046 4658 vindi—

401 4696 564 4748 carat
589 4691 934 4763 episcopus;
986 4691 1086 4747 sed
1135 4707 1263 4746 eam
1295 4691 1718 4747 restituendam
1751 4708 1878 4747 esse
1910 4707 2045 4747 con-

403 4779 518 4836 cilii
548 4779 1130 4851 Patresjudicarunt.
1181 4780 1327 4836 Huic
1373 4779 1598 4852 judicio
1648 4781 2049 4854 subscripsere

403 4873 535 4941 post
553 4871 827 4925 Amatum
857 4867 1191 4925 Willelmus
1220 4869 1550 4924 Bernardus
1589 4870 1925 4927 Ausciensis
1956 4887 2048 4926 ar-

405 4957 1038 5030 chiepiscopus,Simon
1072 4957 1420 5030 Aginnensis
1451 4959 1784 5031 episcopus,
1815 4959 2048 5015 Bainal-

403 5045 514 5100 dus
543 5045 1382 5118 Petragorieensis,Ademarus
1401 5047 2048 5120 Engolismensis,Hodo

403 5133 2049 5207 Bigerrw,BertrandusConvennarum,PetrusAdurensis

403 5221 736 5295 Stephanus
765 5222 1186 5293 Vasatensis,et
1215 5225 1546 5282 Bernardus
1575 5225 1700 5298 ipse
1734 5225 2042 5300 Aquensis.

473 5316 643 5366 Anno
688 5311 828 5367 1095
883 5312 1037 5368 sedit
1064 5312 1126 5369 in
1157 5314 1398 5371 concilio
1447 5314 1897 5374 Claromontano
1937 5315 2047 5372 sub

403 5399 636 5457 Urbano
668 5399 717 5456 ΙΙ
746 5399 805 5457 in
839 5418 953 5474 quo
977 5419 1083 5475 pro
1116 5405 1508 5476 recuperanda
1537 5410 1692 5461 terra
1721 5405 2048 5462 sanctabel-

402 5490 526 5547 lum
547 5507 781 5548 sacrum
813 5492 1111 5548 decretum
1142 5498 1250 5549 est.
1292 5493 1503 5549 Eodem
1537 5511 1687 5549 anno
1719 5494 1905 5550 adfuit
1937 5495 2044 5550 Le-

401 5580 640 5644 movicis
668 5581 1093 5644 consecrationi
1139 5579 1518 5642 ecclesiarum
1564 5587 1619 5642 8.
1669 5582 1954 5643 Martialis
1988 5587 2048 5643 et

2157 4613 2350 4668 Nonas
2382 4609 2668 4677 Octobris,
2700 4606 2822 4662 ind.
2855 4621 2928 4662 vn.
2962 4605 3055 4663 cui
3086 4604 3485 4678 subscripsere
3507 4604 3814 4664 Roiandus

2156 4699 2421 4757 Dolensis
2476 4697 2970 4769 archiepiscopus,
3018 4695 3220 4752 Petrus
3263 4692 3641 4768 Aginnensis,
3695 4699 3807 4754 etc.

2156 4789 2370 4846 Charta
2409 4786 2565 4842 edita
2592 4786 2744 4842 inter
2772 4785 3162 4840 instrumenta
3189 4783 3299 4840 col.
3345 4784 3473 4848 276,
3513 4797 3682 4838 num.
3717 4781 3809 4849 14,

2158 4877 2412 4950 plurima
2441 4874 2555 4931 alia
2584 4876 2655 4930 de
2681 4874 2782 4930 illo
2812 4891 2917 4930 nos
2946 4874 3128 4929 docet.
3166 4871 3365 4928 Finem
3396 4870 3560 4927 dedit
3578 4876 3815 4930 contmr

2155 4967 2356 5023 versiae
2387 4964 2539 5020 inter
2568 4965 2857 5020 decanum
2882 4967 2940 5019 et
2969 4961 3282 5018 canonicos
3329 4961 3388 5018 S.
3439 4959 3711 5027 Andrem,
3743 4977 3812 5020 ac

2160 5054 2472 5112 Fulconem
2517 5053 2788 5110 abbatem
2836 5051 3272 5122 monachosque
3314 5049 3374 5106 S.
3421 5048 3648 5118 Crueis,
3706 5067 3811 5122 pro

2156 5143 2404 5199 ecclesia
2433 5143 2492 5198 S.
2524 5141 2822 5198 Michaelis
2870 5144 3032 5196 extra
3075 5139 3282 5196 urbem
3331 5154 3510 5210 super
3557 5138 3815 5197 Garunna

2157 5249 2293 5287 nam
2319 5251 2332 5302 ;
2367 5248 2546 5304 quam
2577 5229 2880 5287 monachis
2909 5227 3284 5300 adiudicavit,
3321 5230 3456 5302 post
3481 5227 3692 5288 datum
3737 5229 3810 5287 ab

2155 5321 2363 5378 abbate
2392 5325 2823 5378 sacramentum
2853 5318 2926 5374 de
2954 5315 3634 5390 possessioneﬂhartam
3657 5317 3811 5376 θιὼ

2153 5427 2215 5467 re
2246 5411 2636 5483 conscriptam
2683 5410 2914 5476 damus,
2965 5408 3039 5464 ad
3086 5406 3258 5478 cuius
3299 5403 3520 5464 calcem
3568 5409 3814 5464 11on

2153 5515 2347 5555 annus
2377 5498 2511 5556 Chr.
2545 5499 2700 5567 1090,
2733 5496 2951 5554 Urbani
2981 5513 3142 5570 papa:
3174 5495 3249 5565 II,
3276 5509 3374 5552 xu.

2224 5589 2474 5649 Mortem
2511 5587 2830 5665 oppetiisse
2868 5589 3150 5647 Amatam
3198 5601 3358 5648 anno
3404 5584 3544 5646 1101
3587 5586 3815 5646 docent
