3984 6082
466 384 630 485 1613.
784 459 788 461 ἓ
1465 384 1784 448 AMA'I‘US
1828 383 2036 449 eum)

2256 383 2468 449 ENSIS
2510 387 2872 452 ARCHIEP.
3351 440 3354 441 ν
3701 383 3829 449 1644

460 534 563 590 per
592 518 768 576 etiam
801 535 905 575 nos
936 519 1238 576 humiliter
1266 519 1509 592 rogavit,
1542 523 1607 574 ut
1635 519 1901 576 eamdem
1933 536 2102 576 suam
2132 525 2185 590 Α
2216 521 2559 578 auctoritate
2589 521 2692 578 Dei
2741 525 2800 578 et
2837 523 3040 578 nostra
3086 519 3196 576 sub
3245 517 3615 576 anathemate
3661 518 3830 592 prohi-

458 608 888 684 restitutionem
940 613 997 664 et
1064 610 1497 665 concessionem
1559 612 1770 664 sanctae
1830 608 2102 665 Romana
2212 611 2436 682 bentes,
2471 617 2535 668 ut
2570 611 2769 669 nullus
2820 610 3094 684 deinceps
3155 625 3224 665 ea
3275 609 3440 666 vobis
3495 609 3734 680 auferre,
3760 610 3830 667 vel

455 696 723 753 Ecclesiae
757 698 1101 754 auctoritate
1150 702 1206 754 et
1254 702 1453 754 nostra
1499 699 2004 765 conﬁrmaremus,
2039 703 2106 755 ut
2213 717 2552 758 concessam
2580 701 2744 758 vobis
2789 700 2850 756 in
2899 699 2984 758 eis
3022 698 3353 756 libertatem
3380 697 3593 755 violare
3649 715 3833 772 praesu-

457 785 538 842 ita
567 786 747 843 libere
778 791 835 844 et
864 787 1058 859 quiete
1100 788 1298 844 omnia
1343 805 1469 860 quae
1517 787 1865 844 venerabilis
1909 805 2104 845 comes
2214 795 2357 847 mat.
2391 790 2507 847 IIoc
2557 790 2733 847 etiam
2763 789 3044 846 veraciter
3087 787 3495 856 testiﬁcamur,
3529 789 3683 861 quod
3719 789 3830 845 Eblo

459 875 752 932 Goii'ridus
783 881 840 932 et
870 894 1014 932 uxor
1043 877 1170 948 eius
1219 879 1410 950 Agnes
1456 877 1756 934 comitissa
1811 877 2106 934 Pictaven-
2214 880 2285 937 de
2314 880 2515 936 Castro
2559 879 2810 937 Allionis
2860 879 3012 935 hanc
3062 877 3492 934 restitutionem
3535 877 3698 934 vobis
3738 877 3828 935 fac-

457 965 540 1022 sis
569 963 729 1022 vobis
760 965 1058 1033 dederant,
1089 984 1190 1024 vos
1237 972 1294 1023 et
1345 984 1710 1024 successores
1755 967 1931 1024 vestri
1971 969 2107 1040 jure
2215 973 2338 1026 tam
2397 970 2468 1026 de
2524 969 2770 1026 ecclesia
2814 970 2870 1025 S.
2913 967 3143 1042 Georgii
3204 971 3263 1024 et
3317 967 3447 1039 ejus
3504 967 3830 1039 pertinentiis

457 1062 734 1128 perpetuo
759 1055 1158 1126 possideretis,
1199 1056 1353 1113 sicut
1403 1056 1530 1130 ipso
1579 1073 1646 1113 eo
1695 1057 1789 1113 die
1839 1057 2104 1130 posside-
2217 1058 2541 1126 concessit,
2599 1058 2932 1132 imprecaris
2999 1057 3293 1124 omnibus.
3334 1055 3453 1113 illis
3516 1056 3618 1113 Dei
3680 1056 3828 1114 male-

459 1144 603 1201 bant
633 1160 748 1216 quo
797 1161 864 1201 ea
897 1149 1087 1202 vestro
1133 1147 1508 1204 contulerunt
1555 1146 1928 1203 monasterio.
1962 1151 2108 1203 Con-
2217 1147 2532 1206 dictionem
2565 1147 2666 1221 qui
2719 1164 2787 1204 ea
2831 1146 3366 1204 Vindocinensibus
3414 1145 3713 1203 monachis
3751 1163 3827 1202 au-

461 1233 770 1290 ﬁrmamus
799 1234 981 1308 igitur
1027 1237 1294 1293 eamdem
1341 1235 1793 1304 restitutionem,
1841 1241 1899 1293 et
1946 1236 2110 1294 illam
2218 1237 2455 1308 ferrent,
2485 1237 2574 1294 vel
2625 1253 2980 1312 quocunque
3026 1237 3200 1294 modo
3247 1251 3346 1294 eos
3399 1234 3536 1293 inde
3580 1235 3830 1308 inquieta-

463 1339 663 1397 quam,
702 1323 856 1382 sicut
903 1325 1154 1383 dicimus
1206 1325 1388 1394 vobis,
1421 1325 1748 1383 libertatem
1799 1327 2109 1396 concessit,
2223 1331 2375 1384 rent.

468 1531 3831 1565 Μ

1466 1732 1992 1824 SYNODUS
2077 1733 2890 1824 GERUNDENSIS

757 1941 1062 2005 Celebrate
1092 1939 1450 2022 temporibus
1483 1938 1770 2020 Gregorii
1787 1957 1986 2021 papae,
2019 1940 2272 2000 instante
2301 1939 2574 2021 episcopo
2605 1939 2824 2000 Amata
2853 1938 2984 2018 eius
3012 1937 3207 2018 legato
3237 1955 3397 1998 anno
3427 1938 3607 2000 1078.

476 2131 666 2204 (Eruit
697 2147 766 2187 ex
796 2147 905 2186 ms.
942 2129 1306 2187 Gerundensi
1342 2126 1790 2204 illustrissimus
1804 2127 2085 2204 do_min_us
2115 2126 2409 2204 Joseph‘us
2441 2127 2511 2204 d_e
2539 2127 2830 2204 Taverner
2860 2127 3206 2204 derdenne,
3239 2126 3559 2183 canonicus
3590 2123 3847 2182 Barchino-

1300 2199 1519 2256 nensis.
1553 2231 1620 2239 —
1650 2198 1845 2255 Edidit
1873 2199 1938 2254 D.
1975 2198 2272 2268 Man'rsna,
2306 2198 2559 2256 Axecdot.
2588 2203 2633 2254 t.
2670 2199 2763 2256 IV.
2797 2216 2855 2273 p.
2891 2199 3074 2268 1187.)
3257 2213 3262 2216 ·

536 2582 700 2638 Anno
728 2577 1042 2636 Dominicaz
1069 2575 1491 2633 Incarnationis
1513 2576 1945 2650 septuagesimo
1966 2582 2117 2634 octa-
2145 2581 2193 2647 B
2225 2578 2398 2635 modo
2421 2577 2761 2651 possideant
2781 2574 3207 2634 ecclesiasticos
3227 2573 3660 2647 honores,quos
3681 2575 3836 2646 patres

469 2688 538 2727 vo
569 2673 702 2743 post
730 2666 1108 2724 millesimum
1149 2665 1417 2722 convenit
1455 2665 1513 2720 in
1558 2665 1996 2746 Gerundensem
2029 2683 2119 2723 ec-
2229 2684 2430 2724 eorum
2461 2684 2565 2741 pro
2595 2667 2876 2723 beneﬁcio
2924 2665 3195 2722 Ecclesia
3246 2664 3604 2732 habuerunt,
3627 2660 3706 2719 vel
3732 2658 3836 2718 reti-

470 2759 708 2816 clesiam
738 2760 939 2814 sancta
969 2756 1228 2829 synodus
1256 2755 1662 2828 episcoporum
1695 2753 1782 2810 vel
1816 2756 2116 2827 abbatum,
2228 2756 2620 2830 nuerunt,qui
2653 2754 3091 2830 praetermiserit
3119 2753 3675 2812 excommunicetur.

471 2847 573 2905 ubi
601 2847 723 2904 vice
743 2845 966 2902 domini
987 2843 1246 2918 Gregorii
1278 2861 1440 2917 papa:
1472 2844 1702 2916 prmfnit
1732 2846 1973 2902 Amatus
2002 2846 2120 2919 epi-
2155 2856 2157 2860 '
3004 2853 3100 2910 VI.

469 2940 930 3011 scopus,sanctae
947 2935 1222 2991 Romana
1242 2932 1959 3007 Ecclesiaalegatus,aquo
1981 2951 2116 2990 cum
2295 2934 2555 2991 Decrevit
2591 2933 2766 2991 etiam
2815 2937 2880 2990 ut
2925 2931 3118 2990 clerici
3166 2947 3332 2988 arma
3378 2931 3718 2998 deterentes,
3744 2926 3831 2984 nisi

473 3023 812 3084 cse‘terorum
842 3023 1174 3082 cohibentia
1203 3028 1344 3079 sunt
1372 3022 1630 3096 plurima
1652 3023 1877 3080 sancita
1907 3039 2116 3079 secun-
2225 3024 2557 3081 dimiserint
2586 3040 2752 3080 arma
2779 3023 2901 3080 sint
2929 3022 3104 3080 alieni
3151 3040 3184 3078 a
3229 3037 3466 3094 corpore
3499 3024 3559 3077 et
3588 3018 3830 3092 sanguine

473 3115 616 3173 dum
636 3130 928 3172 canonum
959 3114 1209 3182 decreta,
1234 3112 1304 3168 de
1325 3111 1541 3184 quibus
1570 3111 1900 3168 referuntur
1929 3128 2118 3185 pauca
2226 3114 2474 3183 Domini,
2503 3118 2560 3170 et
2587 3114 2660 3170 ab
2692 3113 2965 3187 ingressu
3007 3112 3188 3168 totius
3217 3109 3472 3168 ecclesia:
3505 3115 3564 3166 et
3592 3107 3828 3164 Christia-

471 3221 546 3263 ne
573 3204 759 3262 nostri
793 3203 1054 3260 dividant
1084 3203 1147 3274 [Γ.
1181 3199 1476 3274 decidant]
1507 3199 1809 3258 memoria.
2223 3220 2434 3260 norum
2475 3203 2796 3277 sepultura,
2829 3207 2887 3260 et
2932 3202 3092 3260 omni
3143 3198 3560 3258 communione
3603 3195 3831 3255 ecclesia-

1271 3299 1314 3354 I.
2222 3293 2387 3362 stica,
2417 3309 2721 3366 nunquam
2753 3291 3008 3366 amplius
3039 3291 3100 3348 in
3120 3289 3333 3348 Christi
3361 3287 3624 3346 Ecclesia
3653 3287 3716 3344 ad
3744 3302 3832 3341 ma-

536 3382 818 3440 Primitus
866 3381 1023 3438 enim
1071 3377 1374 3436 constituit
1421 3379 1491 3436 de
1536 3378 1629 3436 his
1677 3379 1779 3451 qui
1827 3378 2114 3436 assistunt
2212 3385 2376 3455 jores
2406 3383 2655 3440 honores
2685 3383 2806 3439 sive
2854 3382 3074 3456 gradus
3133 3381 3183 3438 si
3244 3377 3490 3437 rebelles
3550 3373 3828 3435 exstiterint

463 3473 629 3531 altari
664 3473 725 3528 in
756 3469 1146 3527 ministrando
1179 3467 1406 3540 corpori
1444 3471 1501 3523 et
1538 3467 1824 3540 sanguine
1854 3467 2108 3537 Domini,
2219 3471 2601 3530 sublimandi.

461 3562 731 3621 videlicet
767 3558 1192 3626 sacerdotibus,
1221 3556 1431 3628 levitis,
1463 3556 1582 3613 sive
1625 3557 2020 3627 subdiaconis,
2052 3563 2110 3616 et
2979 3560 3106 3616 VII.

461 3652 565 3726 qui
611 3653 672 3708 in
711 3650 864 3708 clero
894 3647 1151 3720 deputati
1207 3646 1595 3704 excellentiori
1645 3648 1998 3704 devoverant
2046 3665 2107 3706 se
2286 3653 2427 3709 Item
2469 3650 2772 3708 constituit
2816 3667 2888 3706 ne
2935 3649 3183 3706 clericus
3231 3647 3472 3704 barbam
3508 3646 3598 3704 vel
3642 3658 3824 3703 comam

459 3741 609 3811 vitae,
634 3746 697 3798 ut
726 3740 786 3796 in
832 3737 991 3795 nullo
1036 3737 1418 3795 contubernio
1451 3736 1947 3794 communicenter
1975 3755 2106 3794 mu-
2217 3742 2458 3809 nutriat,
2497 3740 2585 3798 vel
2633 3757 2906 3798 coronam
2956 3738 3166 3812 capitis
3213 3737 3561 3806 abscondat,
3617 3753 3721 3792 non
3763 3749 3824 3788 rs-

460 3830 721 3888 lieribus.
747 3829 807 3886 Si
837 3827 968 3900 quis
990 3843 1120 3883 vero
1152 3827 1223 3881 de
1249 3831 1453 3881 caetero
1485 3825 1678 3898 palam
1709 3825 1993 3899 nupserit,
2016 3827 2104 3884 vel
2213 3832 2402 3888 dendo
2433 3830 2522 3887 vel
2579 3846 2789 3904 parum
2848 3828 3136 3896 faciendo,
3173 3831 3454 3900 tanquam
3519 3826 3822 3884 erubescens

459 3919 847 3977 concubinam
867 3916 1116 3983 duxerit,
1138 3915 1354 3989 gradus
1376 3915 1468 3972 sui
1494 3919 1550 3972 et
1581 3915 1820 3972 honoris
1849 3915 2104 3988 periculo
2135 3955 2176 3994 ρ
2215 3921 2370 3994 quod
2395 3920 2454 3975 in
2486 3917 2854 3976 hiereditaria
2874 3916 3089 3975 Christi
3119 3920 3274 3974 sorte
3296 3916 3374 3974 sit
3403 3915 3647 3982 electus,
3674 3925 3822 3984 neque

456 4010 779 4082 subjaceat,
803 4011 861 4065 et
906 4024 940 4063 a
981 4005 1156 4062 choro
1194 4009 1379 4073 exeat,
1404 4005 1784 4078 quoadusque
1830 4005 2105 4064 canonice
2136 4001 2178 4022 υ
2215 4010 2462 4067 ulterius
2484 4009 2690 4066 induat
2710 4007 3354 4065 militariaindumenta
3372 4005 3622 4062 diversis
3644 4001 3824 4060 variata

457 4098 798 4156 satisfaciat.
2211 4099 2524 4158 coloribus;

1249 4182 1318 4239 II.
2954 4187 3111 4244 VIII.

525 4279 669 4341 Item
719 4274 978 4332 decernit
1017 4277 1082 4330 ut
1122 4273 1323 4329 nullus
1377 4273 1785 4346 episcoporum
1843 4273 2099 4348 aliquem
2282 4280 2343 4336 In
2380 4277 2893 4352 consanguinitate
2925 4275 3242 4349 conjuncti,
3273 4275 3388 4332 nisi
3418 4273 3601 4349 digna
3629 4270 3821 4330 satiata

450 4367 728 4426 clericum
748 4365 808 4421 in
827 4363 1079 4420 Ecclesia
1101 4379 1209 4419 sua
1229 4363 1440 4418 audeat
1468 4379 1571 4435 per
1591 4363 1897 4434 pecuniam
1923 4365 2101 4422 subli-
2207 4369 2396 4426 ctione
2425 4372 2772 4442 separantur
2819 4366 3071 4440 separati
3102 4365 3176 4422 ab
3206 4364 3451 4423 ecclesia
3511 4367 3569 4421 et
3621 4372 3820 4434 corpore

449 4475 611 4515 mare
655 4456 775 4512 sive
823 4469 1181 4527 promovere,
1233 4451 1324 4509 vel
1381 4451 1805 4509 ecclesiasticos
1847 4453 2096 4511 honores
2204 4457 2421 4516 Christi
2453 4460 2750 4514 maneant.

445 4548 712 4604 vendere.
743 4543 845 4601 Ille
873 4560 1006 4600 vero
1029 4542 1129 4615 qui
1161 4541 1386 4610 emerit,
1412 4559 1526 4596 non
1558 4540 1750 4598 solum
1773 4541 1850 4598 sit
1869 4541 2094 4600 alienus
2987 4545 3077 4602 IX.

444 4654 480 4694 a
510 4635 796 4710 dignitate
840 4649 1018 4704 quam
1073 4631 1336 4704 pecuniis
1396 4629 1725 4702 acquisivit,
1758 4631 1860 4687 sed
1915 4632 2125 4688 etiam-
2270 4634 2678 4692 Concubinarii
2723 4651 2856 4692 vero
2905 4637 2964 4691 et
3011 4632 3292 4706 usurarii,
3318 4632 3433 4690 nisi
3482 4629 3816 4706 resipiscam.

443 4727 676 4800 proprio
722 4723 927 4798 gradu,
966 4725 1022 4778 et
1075 4719 1666 4778 excommunicationi
1718 4722 2086 4792 succumbat,
2199 4725 2800 4784 excommunicentur.

443 4817 626 4874 donec
656 4813 812 4886 quod
844 4810 1067 4868 malum
1100 4808 1354 4864 obtinuit
1383 4808 1660 4865 dimittat.
2989 4813 3054 4870 Χ,

1215 4908 1313 4964 ΙΙΙ.
2244 4907 2593 4961 Sanxerunt
2611 4903 2789 4959 etiam
2811 4906 2878 4959 ut
2908 4902 3176 4959 omnium
3203 4905 3496 4958 terrarum
3517 4893 3810 4959 decimatio,

513 4995 655 5050 Item
695 4989 1086 5063 promulgavit
1133 4989 1286 5061 quod
1336 4987 1538 5043 nullus
1587 4990 2081 5062 presbyterorum,
2195 5011 2374 5067 quam
2400 4993 2753 5050 exsecranda
2781 4991 3108 5048 inﬁdelium
3138 4991 3476 5048 Judworum
3501 4986 3712 5046 saevitia
3737 4999 3812 5039 ex-

438 5084 840 5148 diaconorum,
867 5077 1356 5133 subdiaconorum
1389 5076 1547 5134 ﬁlius
1576 5077 1636 5132 in
1668 5079 1868 5136 eadem
1899 5080 2086 5138 Eccle—
2193 5083 2438 5150 colebat,
2472 5083 2554 5138 ita
2581 5081 2666 5138 illi
2697 5081 3068 5138 exhiberetur
3096 5078 3350 5137 ecclesiae
3381 5079 3444 5135 in
3476 5080 3645 5151 cujus
3674 5086 3810 5147 paro-

437 5171 525 5229 sia
555 5167 850 5242 possideat
882 5169 1152 5237 paternos
1186 5167 1455 5222 honores.
2191 5172 2324 5229 chia
2353 5173 2568 5229 eaedem
2608 5175 2774 5228 terra:
2835 5170 2960 5227 sita
3018 5173 3236 5243 essent,
3259 5165 3742 5242 quemadmodum
3773 5157 3809 5214 si

1217 5265 1308 5320 IV.
2191 5278 2225 5319 a
2252 5261 2602 5319 Christianis
2637 5260 2986 5318 colerentur.

502 5351 649 5404 Item
683 5347 837 5419 quod
859 5347 1204 5404 clericorum
1236 5346 1340 5401 ﬁlii
1363 5347 1434 5402 ad
1459 5345 1692 5403 altiores
1722 5348 1940 5420 gradus
1966 5366 2080 5406 non
2111 5333 2160 5399 D
2969 5357 3063 5414 XI.

425 5437 902 5511 promoveantur;
921 5437 978 5491 in
999 5435 1252 5507 acceptis
1266 5438 1462 5491 autem
1480 5435 1760 5508 gradibus
1778 5442 2072 5508 maneant,
2257 5440 2401 5496 Item
2431 5443 2766 5496 statuerunt
2794 5442 2862 5496 ut
2891 5437 2942 5495 si
2971 5455 3099 5511 quis
3130 5435 3387 5496 ecclesia
3408 5453 3511 5511 per
3531 5430 3802 5510 pecuniam

423 5519 538 5581 nisi
567 5525 684 5581 vita
714 5522 830 5581 illis
860 5525 1175 5583 obstiterit.
2184 5535 2381 5586 essent
2399 5533 2768 5597 consecratae,
2784 5527 2875 5585 vel
2899 5545 2935 5585 a
2955 5527 3309 5598 Simoniaco,
3333 5544 3368 5584 a
3387 5525 3646 5599 legitimo
3665 5530 3802 5610 cano:

453 5632 464 5644 “
1207 5615 1274 5671 V-
1507 5628 1518 5638 '
2183 5617 2314 5675 nice
2370 5621 2788 5675 consecrentur
2837 5616 3132 5690 episcopo.
3163 5613 3356 5688 Siqui
3411 5611 3585 5670 etiam
3638 5603 3797 5690 clerici

483 5701 628 5765 Item
649 5704 1279 5800 filiikcldericorumﬁam
1299 5701 1438 5760 laici
1461 5721 1638 5779 quam
1662 5704 1873 5776 clerici,
1904 5707 2065 5764 nullo
2181 5706 2488 5781 pecuniam
2517 5705 2829 5780 praebendo
2859 5689 2947 5766 vel
2979 5723 3014 5764 a
3038 5704 3369 5764 Simoniaco
3392 5689 3794 5763 sunt-ordinati,
