3984 6082
170 271 329 358 ιϐιδ
1333 270 1694 334 SYNODUS
1735 269 1948 333 BURD

1955 269 2414 334 EGALENSIS.
3418 278 3574 347 1646

167 403 374 461 eodem
415 403 588 459 modo
619 419 654 458 a
682 401 965 460 catholico
995 403 1340 460 ordinentur
1365 403 1658 477 episeOpo.
1690 402 1814 459 Non
1847 403 1901 472 Α
1931 401 2186 474 pultura,
2219 407 2276 458 et
2331 401 2706 476 baptisteriis,
2740 404 3096 461 exactionem
3155 407 3276 464 ﬁeri
3337 411 3575 466 omnino

165 492 324 549 enim
370 492 429 548 in
478 492 572 549 his
630 493 696 548 ﬁt
746 493 1060 561 reiteratio,
1095 493 1195 549 sed
1255 493 1383 566 ipsa
1439 493 1816 560 consecratio,

165 580 445 656 quoniam
495 580 642 638 nihil
690 585 1100 656 praecesserat,
1155 582 1311 654 quod
1371 585 1564 638 ratum
1611 581 1814 637 haberi

163 673 362 742 queat.

929 777 1047 834 ΧΙΙ.

231 882 437 940 Clerici
471 887 671 941 autem
717 884 960 940 alterius
1007 883 1263 958 regionis
1296 902 1412 942 non
1463 885 1820 959 recipiantur

161 971 292 1029 sine
322 973 575 1046 propriis
605 971 898 1046 pontiﬁcis
930 973 1160 1030 litteris.

922 1107 1068 1164 XIII.

236 1204 469 1262 Scimus
500 1204 738 1278 quidem
787 1205 954 1263 laieis
997 1205 1271 1263 ecclesias
1321 1223 1436 1262 non
1469 1209 1815 1278 competere,

163 1294 268 1351 sed
301 1293 403 1350 ubi
433 1294 545 1350 illa;
590 1311 662 1351 ex
705 1298 830 1352 toto
877 1295 1094 1352 auferri
1142 1312 1259 1352 non
1316 1300 1584 1368 possunt,
1608 1293 1820 1351 saltem

163 1383 495 1441 oblationes
515 1384 837 1441 missarum
860 1389 962 1442 aut
982 1383 1191 1441 altaria
1211 1401 1313 1440 seu
1342 1384 1632 1458 primitias
1653 1383 1820 1440 laieis

162 1472 406 1529 omnino
459 1473 862 1547 prohibemus.
885 1474 968 1531 De
1016 1472 1366 1531 ecemeteriis
1395 1477 1615 1544 autem,
1643 1476 1700 1529 et
1730 1488 1818 1528 se-

1929 491 2330 564 prohibemus.

1993 583 2237 636 Amatus
2259 580 2568 654 episcopus
2591 586 2803 639 sanetae
2831 583 3102 640 Romanae
3134 585 3405 642 Ecclesia:
3421 585 3578 660 lega-

1924 673 2020 726 tus
2052 668 2146 726 his
2186 670 2565 744 synodalibus
2614 671 2797 745 gestis
2829 673 2951 730 vice
2983 673 3206 729 domini
3253 675 3368 731 mei
3417 692 3579 750 papa:

1925 758 2266 832 subscripsi.

1997 847 2382 921 Bereugarius
2405 850 2804 907 Gerundensis
2833 851 3146 925 episcopus
3178 854 3522 928 subscripsi.

1997 937 2382 1010 Berengarius
2410 939 2770 996 Ausonensis
2803 938 3113 1013 episcopus
3142 941 3488 1016 subscripsi.

1998 1025 2365 1082 Reimuudus
2395 1026 2698 1084 Elenensis
2729 1027 3038 1102 episcopus
3069 1031 3416 1104 subscripsi.

2000 1115 2383 1188 Raymuudus
2409 1116 2680 1174 Roteusis
2711 1118 3022 1191 episcopus
3054 1119 3398 1193 subscripsi.

1999 1204 2356 1261 Humbertus
2387 1206 2875 1264 Barchinonensis
2899 1207 3205 1281 episcopus
3232 1209 3578 1284 subscripsi.

1999 1292 2348 1350 Guillelmus
2379 1295 2792 1352 Conveniensis
2821 1297 3132 1370 episcopus
3169 1298 3514 1372 subscripsi.

2002 1381 2178 1439 Fulco
2211 1382 2655 1441 archidiaconus
2695 1402 2874 1460 agens
2919 1386 3073 1443 vices
3104 1387 3427 1460 Urgellensi
3459 1388 3580 1462 epi-

1929 1471 2091 1544 scopi
2126 1471 2472 1544 subscripsi.

1105 1796 1640 1886 SYNODUS
1711 1795 2648 1888 BURDEGALENSIS

901 1977 1117 2037 Amata
1149 1975 1484 2058 apostolicae
1511 1973 1664 2037 sedis
1695 1973 1886 2054 legato
1925 1973 2180 2056 praeside
2207 1993 2364 2038 anno
2399 1977 2555 2040 1080
2583 1975 2840 2040 habitus.

239 2266 448 2323 Omnia
496 2271 623 2323 orta
681 2266 974 2337 occidunt,
1008 2272 1068 2323 et
1124 2272 1297 2324 aucta
1345 2273 1680 2337 senescunt,
1714 2286 1820 2326 nec
1849 2273 1896 2338 Β
1927 2270 2076 2342 ipso,
2101 2271 2304 2326 eodem
2349 2273 2621 2342 precante
2652 2270 2968 2340 Willelmo,
2993 2275 3060 2328 ut
3107 2272 3157 2328 si
3207 2249 3580 2348 quandoque,

159 2355 429 2412 multum
462 2356 720 2412 hominis
751 2361 984 2428 tempus
1022 2358 1411 2430 protenditur,
1434 2359 1679 2430 ejusque
1710 2375 1827 2414 me-

154 2445 364 2502 ‘moria
394 2445 737 2502 brevissima
767 2447 1074 2518 probatur;
1109 2448 1208 2503 sed
1241 2464 1313 2503 ne
1341 2447 1552 2504 oblivio
1584 2465 1826 2520 prorsus

170 2534 466 2608 praeterita
488 2535 816 2604 absorbent,
841 2551 1077 2592 necesse
1098 2540 1206 2604 est,
1221 2540 1286 2592 ut
1307 2553 1501 2592 rerum
1523 2542 1823 2610 gestarum

170 2622 446 2681 notitiam
467 2623 662 2680 littera
679 2623 948 2693 retineat,
967 2629 1262 2697 quatenus
1283 2625 1422 2698 quid
1445 2625 1522 2681 sit
1543 2625 1823 2682 mutabile

159 2713 403 2770 futuros
433 2729 550 2770 non
581 2712 775 2770 lateat.
805 2713 988 2786 Igitur
1024 2713 1132 2770 hoc
1162 2731 1419 2787 praesens
1448 2731 1563 2770 non
1594 2716 1823 2788 ignorat

154 2797 448 2872 Ecclesia,
481 2803 584 2859 sed
615 2819 722 2860 nec
751 2801 1060 2876 posteritas
1090 2802 1225 2859 hinc
1263 2803 1478 2860 haereat
1523 2803 1818 2876 ambigua,

151 2891 327 2964 quod
362 2895 566 2948 nostra
592 2896 825 2965 gestum
864 2895 955 2948 est
985 2891 1310 2965 praesentia.
1332 2893 1450 2966 Ego
1478 2892 1676 2964 itaque
1706 2893 1821 2950 Ge-

167 2979 372 3037 raldus
402 2981 519 3037 Deo
548 2980 833 3055 largiente
859 2981 1062 3050 abbas,
1087 2980 1355 3053 quamvis
1388 2981 1684 3054 indignus,
1719 2981 1819 3037 diu

165 3073 503 3144 optaveram
525 3070 671 3144 eripi
701 3071 773 3128 de
802 3070 1120 3128 mundanis
1142 3069 1662 3142 ﬂuetibus,quibus
1690 3087 1822 3126 eon-

163 3160 458 3217 tundebar
476 3161 693 3232 aerius,
708 3177 885 3233 quam
909 3159 1156 3233 fragillis
1175 3160 1322 3216 ferre
1347 3164 1544 3232 posset
1561 3158 1816 3217 animus.

165 3248 453 3306 Caeterum
471 3249 719 3322 subjecti
738 3249 880 3304 mihi
903 3248 1100 3306 minus
1115 3249 1481 3317 obediebant,
1497 3265 1602 3304 nec
1615 3265 1818 3304 eorum

165 3337 354 3394 ferrea
371 3337 586 3394 molliri
611 3342 847 3410 pectora
869 3338 1194 3410 quiverunt,
1211 3355 1358 3411 quos
1381 3337 1616 3410 quidem
1643 3355 1820 3394 saecu-

164 3427 316 3484 laria
361 3428 496 3501 plus
543 3427 725 3484 nimio
789 3428 1022 3501 negotia
1076 3427 1507 3492 iuduraverant.
1559 3427 1820 3499 Denique

167 3521 531 3573 monstrante
551 3516 747 3573 divina
769 3516 1076 3574 clementia
1097 3521 1331 3589 portum
1353 3516 1580 3586 salutis,
1602 3515 1821 3589 placuit

165 3605 365 3662 animo
388 3611 556 3662 antra
579 3609 770 3679 petere
787 3605 1145 3673 solitudinis,
1161 3606 1261 3662 ubi
1285 3605 1447 3662 nulla
1469 3611 1624 3662 esset
1645 3623 1819 3662 saecu-

161 3694 310 3752 laris
338 3694 621 3752 habitatio
641 3695 918 3751 hominis.
941 3695 1139 3768 Itaque
1164 3695 1576 3751 eommendata
1595 3695 1818 3768 episeo-

163 3801 240 3859 po
262 3801 404 3840 eura
423 3783 722 3841 commissi
739 3785 954 3859 gregis,
973 3801 1245 3858 egressus
1273 3803 1405 3842 sum
1427 3787 1498 3842 de
1520 3791 1818 3842 monaste-

161 3875 252 3931 rio
265 3873 687 3931 comitantibus
699 3873 923 3947 paucis,
939 3873 1216 3947 ignorans
1231 3874 1467 3931 omnino
1481 3892 1596 3947 quo
1610 3892 1818 3932 cursus

159 3965 313 4020 foret
338 3963 588 4021 itineris.
615 3964 726 4020 Sed
757 3964 1016 4033 tandem,
1042 3963 1288 4020 Domino
1311 3965 1580 4030 ducente,
1603 3963 1820 4037 quippe

159 4052 268 4127 qui
299 4069 601 4126 nunquam
633 4053 798 4110 abest
827 4053 1203 4126 sperantibus
1237 4053 1299 4109 in
1330 4070 1416 4123 se,
1447 4053 1820 4126 pervenimus

152 4142 236 4200 ad
269 4141 554 4198 domuum
575 4141 858 4199 Willelm.
884 4141 1280 4199 Pietavensem
1313 4142 1608 4210 comitem,
1631 4141 1820 4197 virum

159 4231 430 4304 apprime
463 4230 742 4299 nobilem,
766 4231 948 4288 totius
973 4247 1206 4304 quoque
1229 4230 1556 4304 Aquitaniae
1589 4232 1818 4300 ducem,

161 4320 268 4394 qui
299 4319 493 4377 locum
535 4319 806 4376 attribuit
851 4319 1022 4376 nobis
1071 4336 1418 4393 congruum,
1452 4318 1608 4376 Silva
1638 4320 1824 4393 Major

161 4410 758 4484 uuneupatum,quod
781 4407 1062 4466 allodium
1085 4408 1166 4465 ita
1188 4410 1356 4466 nobis
1374 4409 1446 4465 ab
1473 4407 1572 4465 illo
1595 4408 1824 4465 absolu-

159 4504 294 4555 tum
321 4497 608 4566 redditur,
627 4503 694 4555 ut
720 4496 880 4554 nullo
910 4496 990 4554 ibi
1024 4497 1348 4570 quidquam
1371 4497 1530 4570 juris
1563 4498 1824 4571 requira-

155 4576 282 4657 tur,
309 4588 463 4644 sicut
491 4588 666 4644 etiam
698 4587 814 4644 alia
833 4586 1105 4644 chartula
1125 4592 1392 4644 testatur.
1414 4587 1558 4643 Cum
1583 4604 1719 4661 ergo
1745 4588 1826 4644 ibi

163 4674 376 4732 vellem
410 4676 666 4750 incipere
695 4675 1140 4744 monasterium,
1173 4676 1396 4748 perrexi
1437 4678 1511 4733 ad
1541 4677 1825 4734 domuum

161 4765 541 4824 Goscelinum
565 4765 1057 4839 Burdegalensem
1087 4764 1617 4838 archiepiscopum,
1639 4765 1699 4821 in
1733 4784 1831 4823 eu'

156 4842 265 4928 jus
295 4855 636 4929 episcopatu
667 4854 1012 4929 praedictum
1045 4859 1170 4911 erat
1199 4854 1504 4923 allodium,
1537 4857 1665 4927 ejus
1696 4857 1828 4928 qui-

167 4945 304 5001 dem
327 4950 640 5018 rogaturus
661 4945 1034 5002 beneﬁcium.
1050 4944 1157 5012 Qui
1192 4943 1610 5002 interveniente
1631 4947 1829 5018 praefa-

1934 2360 2279 2432 disponente
2308 2359 2557 2428 Christo,
2595 2359 2732 2415 villa
2775 2361 3038 2428 creverit,
3063 2361 3245 2419 nihilo
3295 2365 3490 2436 majus
3524 2365 3586 2421 in

1933 2465 2000 2504 ea
2033 2448 2530 2521 archiepiscopus,
2557 2447 2645 2504 vel
2679 2447 2926 2521 quilibet
2956 2449 3226 2506 minister
3253 2453 3382 2524 ejus
3413 2453 3585 2526 quid-

1933 2555 2112 2610 quam
2141 2538 2354 2594 habeat
2367 2537 2546 2610 juris,
2567 2554 2674 2594 nec
2699 2538 2758 2592 in
2781 2537 3027 2607 clericis,
3053 2557 3158 2596 nec
3188 2539 3248 2596 in
3271 2539 3456 2611 laicis,
3482 2541 3584 2600 sed

1932 2627 2131 2682 omnia
2153 2626 2480 2681 referantur
2499 2627 2571 2681 ad
2595 2626 2824 2682 abbatis
2847 2626 3315 2698 dispositionem,
3336 2629 3424 2685 vel
3451 2646 3585 2686 con-

1931 2714 2306 2788 gregationis.
2340 2714 2456 2770 Hoc
2487 2714 2664 2770 etiam
2703 2714 2815 2770 sibi
2872 2716 3160 2790 nobisque
3213 2717 3483 2790 providit,
3517 2723 3584 2776 ut

1932 2803 2316 2859 nihilominus
2333 2803 2712 2860 ecclesiarum
2730 2806 3250 2876 consecrationem,
3266 2823 3582 2880 sacrosque

1930 2892 2164 2948 ordines
2192 2892 2280 2948 vel
2311 2891 2569 2948 chrisma
2614 2893 2686 2948 ab
2736 2893 3170 2967 archiepiscopo
3220 2895 3579 2969 accipiamus

1930 2997 2064 3037 cum
2105 2997 2342 3038 necesse
2379 2982 2571 3037 fuerit.
2595 2982 2707 3038 Sed
2738 2982 2861 3038 haec
2893 2983 3234 3042 constitutio
3263 2985 3474 3042 iterum
3507 2986 3579 3043 ab

1929 3071 2133 3126 eodem
2164 3070 2398 3126 ﬁrmata
2417 3073 2505 3126 est
2528 3070 2588 3125 in
2621 3070 2880 3144 proximo
2903 3071 3168 3142 concilio,
3192 3073 3580 3146 presentibus

1931 3157 2209 3215 Romanis
2260 3158 2466 3231 legatis
2517 3159 2756 3232 Hugone
2803 3164 2979 3233 atque
3019 3162 3247 3232 Amato,
3277 3162 3580 3236 multoque

1929 3246 2176 3303 aliorum
2209 3247 2616 3321 episcoporum
2649 3249 2910 3323 collegio.
2937 3250 3054 3306 Hoc
3101 3268 3333 3324 quoque
3373 3252 3580 3309 deﬂui-

1928 3341 2055 3393 tum
2083 3342 2272 3404 est,ut
2303 3336 2353 3393 si
2386 3337 2518 3410 quis
2548 3337 2656 3394 hoe
2688 3339 2984 3395 decretum
3008 3339 3224 3398 violare
3252 3343 3580 3410 tentaverit,

1930 3443 1990 3482 se
2021 3426 2169 3481 sciat
2212 3427 2809 3497 exeommunicatum,
2841 3430 3024 3485 donec
3070 3429 3434 3500 satisfecerit,
3458 3435 3582 3487 tam

1929 3515 2000 3570 ab
2032 3513 2488 3588 archiepiscOpo,
2513 3533 2688 3588 quam
2722 3517 2794 3573 ab
2822 3515 3097 3576 omnibus
3119 3518 3220 3591 qui
3254 3521 3492 3576 fuerunt
3522 3520 3582 3577 in

1931 3603 2196 3660 concilio.
2222 3604 2335 3660 Nec
2363 3621 2478 3660 non
2502 3610 2558 3661 et
2588 3606 2696 3662 hoc
2723 3607 3062 3664 consulente
3098 3609 3335 3666 domino
3374 3611 3583 3668 Amato

1869 3686 1892 3712 "
1931 3693 2368 3761 constituimus,
2393 3699 2457 3750 ut
2481 3695 2588 3750 hoc
2613 3696 2942 3752 coenobium
2967 3696 3336 3754 solummodo
3364 3699 3584 3756 Roma-

1927 3800 2014 3838 uae
2038 3783 2184 3839 foret
2203 3782 2468 3840 Ecclesiae
2487 3784 2839 3856 subjectum,
2855 3788 3029 3856 atque
3047 3786 3138 3841 sui
3158 3785 3401 3843 tutelam
3425 3788 3584 3844 dom-

1928 3888 2002 3928 no
2022 3872 2350 3944 Apostolieo
2374 3871 2639 3946 singulos
2669 3890 2854 3930 annos
2885 3872 3130 3930 solveret
3152 3875 3412 3947 quinque
3443 3875 3582 3932 soli-

1929 3961 2159 4016 dorum.
2183 3962 2256 4016 At
2285 3977 2390 4034 ego
2413 3962 2540 4032 jam
2573 3961 2934 4018 descendens
2974 3962 3032 4016 in
3065 3962 3353 4018 defectum
3394 3963 3582 4021 aetatis

1929 4049 2231 4121 deerepitae
2265 4050 2387 4120 jam
2433 4066 2636 4106 curam
2668 4049 3091 4106 monachorum
3141 4050 3450 4123 cupiebam
3489 4052 3583 4108 di-

1930 4140 2186 4206 mittere,
2209 4143 2383 4211 atque
2423 4139 2621 4196 minus
2654 4139 2814 4196 utilis
2851 4140 3076 4197 meliori
3109 4141 3332 4198 cedere.
3365 4141 3582 4199 Verum

1929 4229 2183 4285 domnus
2212 4230 2481 4296 Amatus,
2506 4247 2540 4284 a
2567 4229 2784 4286 nostris
2833 4233 3070 4303 rogatus
3118 4229 3420 4300 fratribus,
3451 4231 3586 4288 licet

1930 4319 2071 4375 totis
2092 4317 2425 4374 resisterem
2449 4317 2909 4386 nisibus,tamen
2935 4318 3081 4374 mihi
3103 4336 3171 4374 ex
3192 4324 3355 4392 parte
3381 4319 3583 4376 domui

1930 4406 2246 4481 Apostolici
2291 4410 2540 4464 testatus
2587 4406 3000 4474 obedientiam,
3035 4423 3237 4463 eorum
3286 4424 3585 4464 commen-

1934 4496 2091 4553 davit
2121 4495 2568 4569 providentiam.

2002 4587 2146 4640 Acta
2166 4589 2254 4642 est
2273 4603 2404 4642 vero
2428 4585 2763 4658 supradicta
2785 4587 3150 4643 conﬁrmatio
3169 4585 3585 4660 Burdegaleusi

1935 4674 2165 4730 civitate
2204 4674 2262 4729 iu
2315 4675 2579 4744 concilio,
2616 4693 2768 4731 anno
2801 4675 2874 4732 ab
2907 4675 3310 4732 Inearnatione
3356 4674 3585 4732 Domini

1939 4765 2094 4832 1080,
2127 4763 2332 4819 iudiet.
2373 4780 2456 4832 ιιι,
2491 4767 2694 4836 epacta
2746 4782 2898 4832 XXVI,
2953 4781 2992 4819 ιι
3041 4764 3236 4822 Nonas
3296 4763 3584 4834 Octobris,

1936 4855 2136 4908 octavo
2169 4870 2262 4908 an.
2296 4853 2558 4926 Gregorii
2599 4869 2760 4925 papa:
2788 4853 2909 4922 VII,
2946 4852 3210 4925 Philippo
3250 4851 3309 4908 in
3343 4852 3589 4911 Francia

1935 4945 2233 5015 regnante.

161 5039 224 5092 to
249 5034 396 5090 duce
420 5035 546 5107 jam
581 5035 900 5107 ineceptum
925 5034 1350 5091 monasterium
1371 5034 1455 5090 ita
1475 5034 1636 5091 omni
1657 5035 1830 5092 dona—
1859 5019 1906 5086 D
2007 5032 2066 5087 S.
2098 5030 2380 5086 Willelmi
2429 5029 2847 5102 Aquitaneusis
2895 5031 3084 5088 ducis.
3117 5029 3420 5089 CONFIRMA
3457 5047 3588 5100 HOC,

163 5124 253 5179 vit
281 5123 570 5192 libertate,
595 5128 660 5180 ut
690 5141 796 5181 nee
825 5125 970 5198 ipse,
1006 5141 1110 5180 nee
1158 5121 1309 5180 alius
1352 5127 1485 5195 post
1531 5140 1686 5192 eum,
1712 5142 1828 5182 non

165 5212 664 5288 archiepiscopus,
702 5231 819 5270 nou
862 5213 1332 5281 archidiaconus,
1355 5231 1470 5269 nou
1505 5213 1830 5286 archipres-

166 5303 354 5375 byter,
384 5320 500 5359 non
531 5302 850 5375 cujuslibet
869 5303 1092 5359 ordinis
1124 5320 1374 5376 persona
1403 5302 1641 5374 oliquod
1669 5303 1727 5360 in
1761 5320 1827 5360 eo

156 5388 382 5476 ljus,vel
413 5391 874 5449 dominationem
920 5392 1108 5465 possit
1155 5391 1390 5448 habere.
1417 5393 1715 5458 Quatenus
1748 5390 1828 5447 ibi

165 5481 448 5554 degentes
481 5480 755 5539 monachi
801 5482 1024 5556 absque
1062 5480 1184 5538 ulla
1214 5479 1620 5554 inquietudine
1650 5479 1830 5536 libere

158 5574 410 5655 possent
434 5571 550 5631 Deo
580 5570 818 5632 servire.
853 5571 963 5631 Sed
1010 5575 1067 5631 et
1113 5569 1223 5630 hoc
1274 5567 1604 5631 stabilitum
1637 5574 1725 5630 est
1756 5570 1829 5631 ab

1940 5125 2112 5176 Deus.

2007 5211 2126 5282 Ego
2159 5213 2403 5266 Amatus
2435 5208 2762 5281 apostolicae
2791 5209 2948 5265 sedis
2979 5209 3212 5284 legatus
3240 5207 3540 5265 conﬁrmo.

2009 5299 2126 5372 Ego
2158 5298 2322 5371 Hugo
2355 5297 2511 5354 sedis
2543 5297 2874 5370 apostolicae
2907 5297 3140 5373 legatus
3167 5297 3471 5353 conﬁrmo.

2009 5388 2128 5462 Ego
2151 5388 2463 5446 Goeelinus
2483 5385 2934 5461 Burdegalensis
2957 5386 3440 5458 archiepiscopus
3460 5397 3600 5457 prae-

1940 5484 2104 5536 sente
2133 5475 2379 5534 concilio
2411 5477 2664 5532 concedo
2694 5482 2751 5534 et
2785 5475 3104 5535 conﬁrmo.

2013 5571 2074 5631 S.
2107 5565 2402 5644 Rodulphi
2433 5566 2793 5628 Turonensis
2829 5559 3294 5644 archiepiscOpi.

3969 39 3977 58 ³

3969 59 3976 88 l

3969 91 3974 118 ll

3969 139 3974 180 l

3969 193 3972 208 l
