3984 6082
392 251 546 315 1651

1475 244 1858 309 POPPONIS
1901 240 2295 304 METENSIS
2338 239 2719 302 EPISCOPI.

3631 233 3761 295 1632
3873 203 3875 295 Ε

390 384 536 444 forte
565 384 917 442 Nicodamus
961 385 1321 441 memoratus
1380 381 1440 437 in
1493 381 1699 438 charta
1761 376 2038 433 Bosonis-
2067 375 2120 443 Α
2150 374 2271 444 bat,
2303 377 2368 429 ut
2395 372 2630 446 legitur,
2656 367 3125 428 sanctimonialis
3146 365 3374 424 Caecilia
3404 366 3762 440 nomine,que

387 477 556 545 villae,
588 475 676 533 vel
699 475 874 532 etiam
905 474 1053 531 alter
1099 474 1438 546 designatus
1496 488 1599 544 per
1654 469 1911 525 litteram
1971 467 2036 535 Ο,

388 566 461 622 ad
511 581 688 638 quem
745 563 971 620 litteras
1017 581 1168 636 papa
1227 561 1452 618 direxit.
1513 563 1781 616 Attamen
1844 557 2038 628 Poppo

388 671 542 711 anno
573 655 710 710 1094
738 653 1042 710 ecclesiam
1073 653 1136 708 de
1170 654 1474 718 Thieco-urt,
1515 665 1695 722 quam
1742 647 1959 702 Gerard
1973 663 2040 701 us

385 743 450 801 de
483 746 764 800 Thiacourt
809 745 865 798 et
921 741 1078 796 ﬁlius
1135 741 1262 810 ejus
1320 737 1600 794 Arnulfus
1652 736 2036 803 tradiderant,

387 832 755 889 confirmavit
786 830 1138 887 monasterio
1169 828 1557 885 Cluniacensi.
1593 823 2040 883 Testimoniales

385 921 610 977 litteras
667 919 914 976 indulsit
965 935 1116 974 anno
1175 917 1312 974 4094
1383 916 1628 973 Richero
1681 913 2040 969 Virdunensi

391 1009 753 1082 episcopo,ut
767 1007 1263 1064 consecrationem
1282 1007 1354 1061 ab
1370 1002 2046 1078 archiepiscopoLugdu-

392 1097 559 1155 nensi
582 1097 891 1170 acciperet,
911 1112 1162 1168 eumque
1195 1096 1507 1151 adeuntem
1531 1093 1588 1148 in
1613 1092 2043 1166 possessionem

394 1186 707 1242 comitatus
727 1189 832 1242 est.
867 1185 1080 1241 Eodem
1109 1202 1262 1240 anno
1283 1182 1536 1240 visitavit
1557 1180 1902 1254 Spinalense
1933 1197 2046 1235 cce-

395 1273 658 1340 nobium,
693 1279 758 1329 ut
786 1273 1118 1330 institutam
1144 1275 1270 1345 ja‘m
1300 1273 1526 1344 pridem
1567 1272 1638 1326 ab
1687 1269 2047 1325 Adalberone

395 1363 826 1420 observantiam
874 1362 1230 1418 restitueret.
1282 1361 1572 1433 Popponis
1629 1358 1885 1430 episcopi
1943 1375 2048 1413 an-

396 1469 510 1508 nus
539 1453 576 1508 5
602 1452 977 1524 componitur
1007 1469 1142 1507 cum
1173 1467 1325 1506 anno
1358 1447 1782 1506 Incarnationis
1815 1447 1955 1502 1094
1987 1447 2046 1501 in

395 1541 599 1599 charta
628 1541 917 1597 Brunonis
948 1540 1309 1596 Trevirensis
1368 1537 1812 1610 archiepiscopi,
1865 1533 2045 1591 eccle-

395 1631 548 1688 siam
579 1631 637 1686 S.
673 1629 823 1686 Petri
853 1628 914 1684 in
957 1627 1166 1685 Arenis
1227 1627 1580 1683 monasterio
1637 1627 1694 1682 S.
1730 1624 2047 1680 Clementis

395 1718 821 1777 confirmantis.
854 1718 1018 1774 Unde
1049 1715 1320 1790 colligere
1351 1719 1442 1772 est
1469 1715 1875 1788 episcopatum
1901 1713 2046 1786 Pop-

395 1808 565 1882 ponis
596 1807 906 1880 incmpisse
936 1824 1089 1862 anno
1126 1806 1282 1861 1090.
1320 1807 1462 1861 Cum
1524 1803 1869 1876 Spinalense
1920 1819 2046 1858 mo-

397 1897 723 1955 nasterium
754 1895 851 1952 ille
878 1894 1298 1963 visitavit,tunc
1316 1893 1599 1966 temporis
1631 1891 1849 1948 ibidem
1872 1891 2046 1964 dege-

403 2074 830 2107 -==.__-———-_.

2149 461 2304 536 apud
2335 479 2468 518 eum
2491 463 2562 517 de
2587 460 2910 533 disciplmae
2933 457 3216 534 regularis
3241 456 3602 530 prolapsione
3622 473 3762 530 expo-

2149 552 2407 619 stulavit,
2441 557 2687 623 tumque
2738 548 3006 622 praedixit
3053 549 3351 620 quondam
3400 547 3650 601 futurum
3692 553 3760 612 ut,

2150 642 2304 714 quod
2335 658 2491 696 nunc
2550 639 2829 706 cernitur,
2865 654 3094 694 sorores
3155 637 3384 709 ejurata
3415 635 3472 691 S.
3505 633 3760 690 Benedicti

2151 730 2374 805 Regula
2402 731 2472 785 ad
2496 745 2688 784 mores
2707 743 2947 800 prorsus
2965 725 3274 783 saeculares
3298 740 3360 781 se
3381 728 3759 780 converterent.

2151 819 2408 876 Concilio
2437 818 2885 874 Claromontano
2918 815 3182 871 interfuit
3215 815 3408 886 Poppo
3457 830 3604 869 anno
3633 815 3760 882 1095,

2153 924 2268 979 quo
2328 905 2614 963 mediator
2661 905 2883 961 exstitit
2939 904 3091 960 inter
3145 903 3474 959 Varnerum
3529 901 3760 957 abbatem

2153 997 2369 1055 Gorziae
2417 1000 2472 1052 et
2513 994 2854 1051 Vezelonem
2887 994 3233 1050 advocatum
3293 1008 3468 1064 super
3520 995 3762 1064 potestate

2152 1085 2408 1142 Amellae.
2442 1085 2790 1141 Nominatur
2841 1083 3018 1138 etiam
3064 1099 3218 1138 anno
3250 1081 3389 1138 1097
3439 1097 3572 1136 cum
3601 1078 3761 1135 Hilde-

2155 1176 2317 1231 berto
2349 1172 2673 1230 Trevirensi
2705 1171 3145 1244 archiepiscopo
3205 1187 3272 1226 ac
3300 1169 3549 1225 Widone
3576 1169 3632 1225 S.
3681 1172 3763 1224 Ar-

2156 1263 2298 1320 nulfi
2329 1263 2560 1319 abbate.
2593 1259 2916 1317 Antonium
2967 1260 3127 1333 Layii
3186 1259 3440 1332 priorem
3497 1257 3555 1313 in
3605 1257 3763 1314 locum

2155 1351 2423 1410 Bercberi
2457 1349 2834 1408 Senoniensis
2864 1349 3095 1405 abbatis
3127 1347 3342 1404 mortui
3392 1347 3762 1404 sufficiendum

2157 1442 2380 1498 curavit
2409 1457 2561 1497 anno
2595 1439 2751 1496 1098.
2785 1439 2859 1495 Ut
2885 1455 3022 1495 vero
3055 1454 3286 1510 semper
3334 1436 3555 1493 exstitit
3591 1452 3762 1492 exosus

2156 1530 2517 1604 imperatori,
2549 1528 2750 1585 omnia
2775 1526 3054 1584 Metensis
3085 1525 3349 1583 Ecclesiae
3407 1526 3560 1582 bona
3597 1525 3696 1581 sita
3719 1525 3763 1579 in

2155 1619 2453 1675 Hasbania
2473 1619 2583 1674 sub
2617 1634 2786 1673 suam
2819 1633 3062 1672 manum
3081 1614 3354 1688 princeps
3381 1614 3635 1680 tradidit,
3662 1614 3762 1671 etin

2156 1709 2388 1765 feodum
2411 1706 2701 1763 concessit
2720 1705 2918 1762 comiti
2939 1702 3182 1760 Arnulfo
3199 1704 3263 1760 de
3282 1706 3404 1760 Los.
3429 1702 3586 1760 Obiit
3603 1708 3763 1759 autem

2155 1797 2249 1855 hic
2281 1796 2492 1870 praesul
2524 1812 2677 1852 anno
2713 1794 2870 1851 1103.

833 2062 3773 2102 ψ

1040 2233 1978 2378 POPPONIS
2075 2228 3162 2371 DIPLOMATA

1222 2690 1244 2746 Ι

457 2786 737 2853 [ntegrum
764 2788 1047 2853 centenum
1073 2779 1146 2851 (1)
1179 2779 1232 2835 S.
1267 2780 1484 2853 Iuliani
1512 2777 1835 2853 abbatiaeAS.
1875 2778 2000 2833 Vin.-

511 2850 681 2910 ceiztii
707 2852 966 2919 concedit,
999 2859 1050 2908 et
1098 2850 1283 2907 omnia
1316 2852 1456 2906 bona
1493 2851 1609 2921 ejus
1639 2850 1946 2920 conﬁrmat.

870 2942 1054 3016 (Anno
1073 2940 1231 3009 1094,
1264 2940 1496 2996 Octobr.
1523 2941 1600 3007 1.)

407 3051 664 3125 [Histoire
692 3049 757 3125 de
784 3053 948 3125 Μθεξ,
981 3047 1157 3125 t._llI,
1192 3051 1463 3125 Preuves,
1498 3063 1570 3125 p._
1585 3045 1674 3113 98,
1708 3043 2058 3125 e_x_archivis

657 3122 853 3178 abbat.
889 3116 949 3177 S.
982 3119 1274 3188 Vincent.,
1317 3116 1516 3174 fascicI
1548 3117 1599 3184 1,
1634 3136 1691 3173 n.
1726 3116 1803 3191 1.]

479 3233 545 3285 In
577 3227 812 3285 nomine
843 3229 1056 3284 sanctae
1087 3229 1144 3282 et
1177 3224 1487 3280 individua;
1517 3223 1911 3291 Trinitatis,et
1931 3224 2060 3280 bea-

409 3317 652 3375 tissimaa
665 3315 921 3390 Virginis
939 3313 1153 3382 Mariae,
1171 3313 1475 3386 sanctique
1501 3311 1798 3368 Michaelis
1821 3312 2062 3368 archan-

408 3407 543 3481 geli,
574 3410 631 3462 et
660 3403 844 3462 sancti
879 3404 1028 3459 Petri
1061 3401 1457 3474 apostolorum
1489 3401 1792 3473 principis,
1825 3405 1880 3456 et
1919 3401 2053 3456 bea-

408 3494 625 3551 tissimi
656 3492 818 3548 Pauli
842 3490 1110 3564 apostoli,
1135 3496 1191 3546 et
1222 3489 1406 3546 sancti
1431 3489 1710 3562 Stephani
1735 3495 2055 3563 protomar-

406 3583 572 3656 tyris,
606 3582 912 3652 sanctique
941 3579 1230 3635 Vincentii
1254 3578 1490 3652 gloriosi
1518 3578 1810 3651 martyris,
1835 3584 1893 3636 et
1923 3596 2055 3635 san-

407 3676 515 3729 ctae
545 3669 731 3726 Luciae
759 3668 1196 3742 pretiosissimis
1225 3667 1469 3740 virginis
1495 3672 1553 3722 et
1598 3668 1894 3740 martyris,
1928 3686 2052 3724 om-

406 3761 690 3830 niumque
719 3757 1046 3813 cmlestium
1069 3755 1362 3825 ordinum,
1397 3756 1584 3812 Porro
1601 3760 1814 3814 sanctae
1837 3757 2051 3813 Medio-

405 3847 784 3904 matricorum
813 3845 1069 3912 Eclesiae,
1101 3845 1290 3917 gratia
1319 3845 1420 3900 Dei
1452 3846 1726 3916 pontifex,
1767 3847 2053 3904 universis

405 3935 771 4010 spiritalibus
802 3939 1017 3990 sanctae
1050 3933 1255 3990 matris
1281 3933 1548 3990 Ecclesiae
1581 3933 1739 3991 filiis.
1893 3995 1930 4005 __
1999 3997 2026 4000 ﬂ

477 4025 860 4082 Commendat
893 4023 1223 4079 veneranda
1271 4023 1507 4078 Patrum
1565 4024 1886 4081 auctoritas
1947 4043 2053 4083 nos

410 4116 814 4180 condecorare,
872 4111 1361 4168 excellentissimo
1390 4111 1606 4177 studio,
1639 4130 1880 4185 corpora
1929 4131 2058 4170 san-

412 4207 660 4269 ctorum,
686 4217 831 4272 quos
851 4201 1264 4256 intercessores
1285 4200 1412 4271 pios
1435 4201 1589 4273 apud
1603 4201 2062 4274 omnipotentem

414 4291 601 4347 Deum
631 4289 751 4344 fore
783 4287 1078 4344 credimus
1103 4305 1116 4356 ;
1146 4293 1210 4342 ut
1234 4293 1450 4360 quanto
1481 4289 1795 4346 deditiores
1843 4291 2063 4348 erimus

412 4379 476 4436 in
508 4377 762 4452 pretioso
793 4379 1000 4433 ornatu
1033 4382 1391 4445 sanctorum,
1424 4381 1589 4433 tanto
1620 4377 1866 4436 celerius
1905 4380 2063 4436 frua-

414 4485 549 4525 mur
573 4467 633 4523 in
665 4466 880 4523 nostris
911 4465 1356 4522 necessitatibus
1395 4465 1660 4542 ipsorum
1718 4467 2059 4538 patrocinio.

412 4557 497 4612 Ad
529 4572 706 4628 quam
738 4553 1128 4611 venerabilem
1159 4553 1524 4610 devotionem
1551 4553 2065 4629 subtilitcrinvigi-

413 4645 543 4702 lans
573 4644 994 4701 dilectissimus
1026 4646 1224 4699 noster
1243 4642 1400 4698 filius
1423 4643 1632 4710 Lanzo,
1669 4645 2061 4702 reverentissi-

411 4750 546 4791 mus
569 4734 748 4790 abbas
770 4731 1016 4789 eoenobii
1039 4731 1235 4787 Sancti
1259 4731 1569 4799 Vincentii,
1593 4733 2060 4790 sacratissimum

412 4839 624 4895 corpus
654 4825 867 4879 sanctae
901 4819 1110 4890 Luciae,
1138 4819 1294 4891 quod
1329 4819 1545 4876 ibidem
1577 4820 2061 4894 requiescit,quia

411 4911 568 4966 intra
595 4911 890 4982 quoddam
922 4909 1324 4966 habitaculum
1367 4909 1562 4964 minus
1595 4908 1768 4982 digne
1805 4909 2059 4968 locatum

411 5016 515 5072 per
545 5015 732 5054 annos
763 4997 1048 5069 plurimos
1080 4999 1287 5063 fuerat,
1312 4997 1728 5054 honorabiliter
1749 5001 2060 5057 transferre

410 5085 692 5157 concepit.
731 5085 1032 5141 Insudavit
1050 5086 1247 5159 itaque
1270 5086 1474 5142 multis
1496 5086 1779 5159 impensis
1796 5089 1865 5143 ad
1891 5089 2062 5144 fabri-

410 5175 660 5230 candam
682 5170 1004 5245 capsulam,
1029 5191 1192 5242 auro,
1217 5180 1476 5249 argento,
1491 5175 1741 5249 gemmis
1763 5177 2054 5247 decoram,

411 5267 477 5318 ut
507 5261 953 5318 sanctissimum
987 5264 1141 5334 quod
1165 5270 1509 5338 conceperat
1527 5266 1882 5322 desiderium
1907 5284 2058 5322 com-

406 5350 608 5423 pleret.
642 5350 876 5407 Peracto
906 5351 1086 5423 igitur
1113 5369 1305 5424 opere,
1338 5358 1394 5409 et
1422 5355 1515 5411 die
1544 5356 1616 5411 ad
1647 5355 2055 5413 beatissimum

477 5523 552 5597 (1)
584 5526 922 5599 Seigneurie,
945 5527 1303 5600 juridiction.

2081 2688 2130 2754 B
2160 2683 2523 2760 propositum
2555 2683 2905 2758 significato,
2939 2682 3354 2740 collocavimus
3394 2683 3772 2740 transferentes

2165 2773 2658 2848 pretiosissimum
2684 2790 2895 2846 corpus
2919 2773 3168 2846 praefata
3188 2772 3437 2846 virginis
3467 2772 3614 2828 intra
3631 2771 3776 2828 artiﬁ-

2165 2863 2391 2920 ciosum
2424 2861 2880 2936 receptaculum,
2914 2861 3302 2935 praesentibus
3331 2861 3627 2919 nonnullis
3666 2859 3771 2916 reli-

2165 2953 2345 3026 giosis
2377 2952 2663 3026 personis,
2695 2968 2822 3024 qua:
2845 2952 2917 3007 de
2947 2951 3193 3009 diversis
3225 2951 3444 3007 ﬁnibus
3476 2953 3548 3008 ad
3582 2954 3774 3008 tantum

2165 3041 2447 3116 gaudium
2470 3041 2622 3098 ultro
2643 3045 3052 3098 convenerant.
3071 3041 3190 3098 Nos
3203 3057 3338 3097 vero
3364 3041 3542 3098 altius
3562 3044 3776 3097 contem-

2167 3131 2393 3203 plantes
2414 3130 2705 3187 laudabile
2727 3130 2948 3186 factum
2968 3129 3316 3186 venerabilis
3337 3130 3586 3198 abbatis,
3611 3144 3778 3202 prOpo-

2168 3220 2397 3277 suimus
2428 3219 2650 3292 aliquid
2680 3219 2911 3293 insigne
2941 3220 3013 3275 de
3071 3219 3291 3276 nostris
3323 3220 3496 3276 bonis
3554 3219 3621 3275 ad
3657 3219 3777 3274 hanc

2165 3309 2611 3366 translationem
2664 3308 3172 3382 amplificandum,
3222 3307 3487 3365 adhibito
3539 3306 3778 3379 suffragio

2169 3406 2503 3458 nostrorum
2537 3399 2816 3470 fidelium,
2851 3398 3195 3456 clericorum
3245 3403 3302 3455 et
3331 3399 3631 3456 laicorum.
3659 3398 3779 3462 Qua-

2164 3495 2398 3564 prOpter
2426 3506 2531 3563 ego
2563 3491 2780 3562 Poppo,
2814 3493 3028 3545 sanctze
3060 3488 3338 3545 Metensis
3365 3489 3628 3545 Ecclesiae
3664 3504 3777 3559 pre-

2163 3580 2274 3647 sul,
2311 3583 2514 3636 notum
2547 3578 2790 3652 designo
2813 3577 3089 3634 omnibus
3115 3577 3388 3634 ﬁdelibus
3423 3584 3543 3634 tam
3569 3590 3780 3651 przesen-

2160 3670 2319 3725 tibus
2341 3685 2518 3740 quam
2541 3668 2811 3740 posteris,
2831 3667 2971 3740 quia
2990 3667 3155 3723 trado
3179 3665 3661 3723 indissolubiliter
3677 3665 3777 3720 bea-

2158 3757 2402 3814 tissima:
2435 3756 2644 3828 Luciae,
2665 3760 2899 3830 propter
2927 3755 3176 3812 salutem
3209 3773 3400 3812 meam
3427 3760 3486 3812 et
3501 3755 3776 3828 praedeces-

2123 3853 2130 3860 “
2162 3865 2362 3903 sorum
2378 3845 3495 3918 meorumsuccessorumque,integram
3510 3849 3776 3901 centenum

2162 3935 2221 3990 in
2244 3936 2428 4007 burgo
2451 3934 2649 3990 Sancti
2673 3933 3059 4002 Juliani,etin
3082 3933 3360 3989 omnibus
3381 3935 3514 4006 ejus
3536 3928 3771 4006 appendi-

2169 4025 2296 4091 ciis,
2327 4022 3002 4080 utillamdistrictionem
3026 4022 3286 4078 obtineat
3301 4022 3486 4078 abbas
3516 4016 3778 4095 praenomi-

2173 4117 2365 4179 natus,
2399 4128 2720 4184 omnesque
2751 4112 2842 4168 sui
2867 4127 3235 4167 successores
3254 4109 3435 4166 libere
3454 4104 3779 4184 prapriismi-

2173 4200 2574 4258 nisterialibus
2606 4199 2884 4256 adhibitis
2905 4203 2963 4256 et
2979 4199 3139 4255 omni
3171 4198 3287 4255 alia
3308 4204 3593 4273 potestate
3613 4210 3780 4268 seque-

2172 4295 2376 4357 strata,
2407 4291 2899 4362 Quotiescumque
2929 4305 3061 4346 vero
3092 4305 3196 4362 per
3241 4289 3505 4345 bannum
3552 4284 3783 4343 venditur

2170 4380 2395 4446 vinum,
2428 4380 2486 4434 in
2521 4379 2682 4444 urbe,
2717 4379 2836 4434 sive
2867 4381 3028 4434 extra
3057 4379 3286 4446 urbem,
3320 4378 3609 4434 tradimus
3636 4375 3780 4430 licen-

2170 4467 2312 4524 tiam
2326 4466 2792 4540 abbati,suisque
2813 4466 3090 4523 omnibus
3106 4466 3548 4524 successoribus
3564 4460 3781 4521 habendi

2171 4557 2370 4612 vinum
2391 4555 2592 4612 venale
2614 4573 2715 4628 per
2732 4557 2994 4612 bannum
3017 4555 3077 4611 in
3103 4559 3269 4612 curte
3289 4555 3487 4612 Sancti
3509 4549 3778 4612 Vincentii,

2170 4645 2445 4702 omnibus
2463 4644 2799 4717 inculpatis,
2824 4648 2944 4700 tam
2965 4645 3357 4701 vendentibus
3379 4661 3556 4717 quam
3577 4638 3780 4699 ementi-

2169 4736 2300 4790 bus.
2353 4733 2768 4790 Collaudamus
2819 4737 3095 4806 praeterea
3150 4737 3209 4790 et
3263 4733 3473 4790 obnixe
3521 4729 3779 4789 sancimus

2169 4839 2530 4896 quaecunque
2562 4821 2886 4895 pontifices,
2922 4823 3379 4895 predecessores
3409 4823 3612 4886 nostri,
3634 4817 3778 4876 tradi-

2168 4913 2380 4968 derunt
2403 4912 2648 4968 abbatis:
2680 4910 2876 4966 Sancti
2898 4911 3212 4981 Vincentii,
3238 4916 3359 4968 tam
3382 4913 3452 4968 de
3481 4903 3780 4984 pertinenti-

2166 5002 2276 5056 bus
2295 5003 2364 5056 ad
2381 5001 2674 5074 propriam
2698 5017 2963 5056 mensam
2986 5017 3164 5073 quam
3189 5001 3259 5057 de
3272 5001 3545 5057 omnibus
3565 4994 3779 5069 acquisi-

2165 5091 2241 5146 tis
2273 5091 2329 5144 in
2359 5089 2534 5157 villis,
2569 5089 2628 5144 in
2659 5089 2867 5156 vineis,
2897 5089 2957 5144 in
2978 5090 3175 5158 terris,
3197 5089 3258 5146 in
3281 5107 3427 5146 nova
3447 5088 3712 5162 portione,
3730 5083 3775 5138 in

2167 5179 2529 5246 hominibus,
2563 5178 2622 5234 in
2653 5178 2916 5235 ecclesiis
2946 5183 3004 5235 et
3034 5179 3091 5234 in
3124 5179 3399 5235 omnibus
3429 5172 3778 5252 possessioni-

2165 5269 2298 5334 bus,
2322 5273 2612 5341 quatenus
2632 5268 2814 5324 abbas
2832 5272 2888 5323 et
2918 5268 3033 5323 Deo
3055 5268 3200 5324 inibi
3228 5267 3564 5333 militantes,
3587 5266 3774 5334 absque

2165 5357 2362 5430 aliqua
2391 5356 2628 5428 injuria,
2647 5356 2919 5413 omniain
2935 5361 3285 5430 perpetuum
3316 5362 3441 5414 rata
3453 5353 3772 5430 possideant.
