3988 6074
175 234 334 303 1653

1644 229 2126 296 DlPLOMA'l‘A.

3437 234 3462 295 l
3476 229 3594 308 654

171 374 262 431 Ad
277 371 696 447 hecquldquid
711 367 1081 447 dignitatiset
1095 367 1832 428 auctoritatisserenissimi
1863 367 1919 433 Α
1949 367 2146 425 nullus
2193 368 2368 426 habet
2416 371 2674 427 bannum
2708 367 3091 444 (juridictz'om)
3126 385 3313 443 neque
3343 372 3598 443 potesta'

170 480 357 538 papa,
388 460 660 519 videlicet
679 462 954 527 Joannes,
986 461 1352 530 Benedictus,
1379 462 1511 528 Leo,
1536 459 1828 529 Urbanus,

170 569 278 627 per
325 551 626 627 privilegia
655 568 764 607 sua
815 555 1231 608 concesserunt
1279 550 1590 607 abbatibus
1633 550 1829 606 Sancti

169 641 482 709 Vincentii,
509 641 796 714 quidquid
822 639 994 696 etiam
1021 640 1449 696 observandum
1474 641 1544 695 de
1566 639 1735 695 bonis
1759 639 1829 694 ad

169 731 468 788 abbatiam
502 729 950 802 respicientibus
977 729 1430 798 substituerunt,
1455 728 1831 785 concedimus

169 818 655 877 etinviolabiliter
671 818 1134 874 conservandum
1151 816 1544 891 praecipimus,
1561 816 1830 873 collibra-

167 913 232 964 ta
263 908 320 964 in
355 907 629 963 omnibus
678 906 960 980 dignitate
991 910 1047 962 et
1085 908 1428 963 auctoritate
1477 911 1678 963 nostra
1705 923 1830 962 om-

169 997 459 1070 niumque
488 995 765 1053 Metensis
805 995 1073 1052 Ecclesiae
1105 995 1447 1068 praesulum,
1481 996 1529 1052 si
1562 995 1829 1052 catholici

169 1087 413 1144 fuerint.
443 1087 561 1142 Nos
594 1084 774 1160 igitur
801 1085 1242 1141 corroborantes
1264 1085 1538 1142 universa
1560 1086 1831 1158 superius

170 1180 395 1243 notata,
428 1179 494 1230 ut
522 1175 581 1230 in
612 1191 784 1231 omne
826 1177 1060 1246 tempus
1100 1179 1224 1230 rata
1251 1178 1309 1230 et
1342 1174 1684 1230 inconvulsa
1713 1174 1831 1230 exi-

168 1269 352 1333 stant,
385 1263 696 1321 violatores
721 1280 948 1331 eorum,
970 1263 1315 1320 auctoritate
1345 1263 1446 1320 Dei
1471 1264 1834 1338 omnipoten-

168 1355 250 1411 tis
283 1353 470 1410 Patris
500 1357 558 1409 et
597 1351 725 1409 Filii
759 1356 816 1408 et
844 1351 903 1406 in
933 1351 1148 1408 virtute
1178 1351 1435 1424 Spiritus
1466 1353 1676 1420 sancti,
1708 1353 1830 1426 gla-

170 1443 270 1500 dio
302 1441 551 1499 districti
571 1440 982 1505 anathematis,
1008 1457 1042 1496 a
1071 1441 1376 1497 liminibus
1403 1446 1617 1497 sancte
1638 1443 1831 1500 Eccle-

169 1533 275 1590 siae
307 1535 768 1604 sequestramus,
801 1533 868 1584 ut
898 1528 1121 1586 nullam
1153 1533 1377 1601 partem
1400 1528 1459 1584 in
1484 1534 1700 1585 sortem
1723 1530 1834 1587 ele-

171 1625 404 1678 ctorum
453 1619 730 1686 habeant,
781 1617 896 1674 nisi
946 1635 1050 1692 per
1105 1618 1572 1674 emendationem
1627 1619 1831 1693 resipi-

169 1713 363 1768 scant.

1939 461 2056 514 tem
2075 457 2186 514 nisi
2204 459 2386 517 abbas
2404 460 2750 528 Gorziensis,
2765 461 3228 534 praepositusque
3242 477 3306 515 su
3318 477 3405 526 us,
3427 459 3599 514 etmi-

1943 547 2270 606 nisteriales
2303 549 2414 616 sui,
2447 567 2581 606 cum
2603 551 2875 608 omnibus
2910 550 3288 624 appendiciis.
3321 550 3382 604 In
3410 549 3598 608 tribus

1941 637 2254 694 annalibus
2269 639 2497 712 placitis
2511 645 2565 695 et
2578 640 2634 695 in
2652 641 2782 697 aliis
2800 640 3050 711 placitis,
3072 658 3172 712 per
3185 656 3403 694 annum
3419 640 3598 694 conti-

1942 744 2154 793 nuum,
2188 728 2536 800 praepositus
2553 734 2608 784 et
2625 719 2854 784 villicus
2877 730 3072 801 (maire
3101 729 3163 784 de
3181 729 3399 798 village)
3425 732 3596 801 agent

1942 820 1998 872 et
2028 816 2252 885 finient,
2288 818 2509 890 absque
2541 820 2816 874 advocato
2864 836 3224 891 quaecunque
3270 819 3338 874 ad
3383 817 3596 891 placita

1945 906 2257 978 pertinent.
2289 907 2491 962 Omnis
2516 907 2863 964 investitura
2885 910 2980 963 fiet
3012 910 3120 964 sub
3141 909 3334 963 hanno
3365 907 3594 963 abbatis

1942 999 1998 1050 et
2029 995 2321 1068 praepositi
2354 1000 2409 1052 et
2438 996 2635 1065 villici,
2678 998 2839 1053 nulla
2871 999 3164 1053 mentione
3196 997 3454 1052 advocati
3487 996 3593 1052 ha-

1943 1084 2082 1139 bita.
2113 1085 2306 1141 Abbas
2339 1090 2395 1141 et
2433 1086 2778 1159 praepositus
2812 1092 2984 1159 ponet
3013 1086 3270 1141 villicum
3305 1090 3360 1142 ct
3390 1103 3593 1142 omnes

1941 1172 2379 1240 ministeriales,
2431 1175 2652 1246 absque
2701 1177 2997 1232 advocato.
3029 1175 3271 1232 Villicus
3324 1175 3594 1232 bannalis

1944 1279 2354 1336 quemcunque
2405 1264 2678 1320 rebellem
2723 1265 2965 1338 accipiet
2996 1282 3096 1337 per
3125 1282 3185 1321 se
3216 1269 3272 1319 et
3302 1281 3404 1337 per
3433 1281 3593 1336 suos,

1942 1357 1999 1407 et
2028 1352 2087 1406 in
2137 1351 2373 1425 cippum
2407 1354 2639 1426 (prisca)
2694 1355 2902 1422 tradet,
2937 1372 3070 1410 cum
3102 1355 3379 1427 cogendo,
3414 1355 3595 1410 donec

1933 1440 2231 1513 justitiam
2265 1447 2636 1514 exsequatur,
2672 1443 2796 1500 sine
2828 1445 3126 1514 advocato,
3161 1442 3272 1499 nisi
3303 1444 3448 1498 forte
3490 1459 3595 1499 ne-

1942 1548 2103 1587 cesse
2137 1532 2329 1588 fuerit.
2364 1533 2425 1588 In
2450 1539 2693 1589 centena
2719 1535 3067 1604 (seigneurie)
3091 1534 3270 1589 totius
3291 1533 3596 1605 potestatis

1940 1620 2196 1689 Amellaa,
2251 1626 2368 1677 tam
2420 1623 2490 1677 de
2521 1623 2646 1678 fure
2677 1640 2852 1695 quam
2886 1624 2956 1678 de
2997 1623 3240 1690 latrone,
3275 1627 3331 1677 et
3361 1623 3431 1677 de
3464 1621 3594 1678 aliis

1862 1742 1908 1806 Β
1945 1709 2240 1778 omnibus,
2274 1710 2510 1766 deﬁciet
2529 1711 2781 1781 villicus,
2813 1712 2938 1768 sine
2969 1712 3264 1777 advocato,
3299 1712 3495 1767 omnia
3513 1728 3595 1767 se-

242 1801 453 1856 Actum
485 1796 656 1854 Metis
704 1797 762 1852 in
816 1795 1062 1853 ecclesia
1105 1795 1302 1853 Sancti
1333 1795 1644 1866 Vincentii,
1678 1815 1831 1855 anno
1865 1795 1906 1806 ”
1943 1798 2504 1870 cundumjudicium
2522 1799 3589 1872 scabiniorumipsiuscurtisAmellae.

168 1887 490 1946 Dominicaa
523 1884 946 1942 lncarnationis
969 1885 1129 1953 4094,
1154 1885 1470 1942 indictione
1501 1904 1584 1954 III,
1611 1887 1701 1942 die
1728 1888 1835 1944 Do-

170 1976 412 2044 minica,
445 1974 572 2032 Kal.
624 1975 913 2041 Octobris,
965 1974 1335 2048 episcopatus
1386 1980 1582 2031 autem
1629 1977 1831 2032 domni

170 2065 467 2139 Popponis
515 2081 668 2122 anno
714 2082 769 2120 v.
820 2064 1210 2121 Praesentibus
1257 2069 1315 2120 et
1362 2064 1832 2122 collaudantibus

170 2156 392 2213 domno
459 2151 822 2208 Adalberone
885 2151 1215 2224 primicerio
1275 2157 1331 2208 et
1399 2153 1829 2222 archidiacono,

170 2247 392 2302 domno
422 2241 677 2299 Gerardo
725 2240 1154 2298 archidiacono.
1193 2240 1498 2315 Arnulpho
1529 2241 1832 2300 thesaura-

172 2335 282 2403 rio,
316 2333 610 2400 Emicone,
644 2333 890 2399 Accone,
949 2329 1244 2400 Folcuino,
1278 2331 1620 2402 Leubrinco,
1663 2332 1835 2388 Thie-

171 2423 348 2490 frido,
399 2421 699 2494 Sigifrido,
747 2417 1064 2474 canonicis.
1111 2418 1352 2474 Walone
1392 2419 1602 2475 abbate
1633 2420 1830 2476 Sancti

170 2509 484 2583 Arnulphi,
517 2508 753 2564 Alberto
793 2507 1004 2564 abbate
1036 2505 1235 2563 Sancti
1267 2507 1522 2562 Martini.
1557 2508 1636 2564 De
1668 2507 1832 2564 laicis

172 2616 413 2674 quoque
442 2601 724 2670 praesente
755 2599 813 2651 et
854 2598 1202 2668 cooperante
1250 2595 1584 2651 Burchardo
1607 2597 1827 2669 judice,

174 2687 444 2746 Becelino
475 2690 532 2742 et
559 2684 794 2741 Alberto
829 2682 1126 2752 fratribus,
1161 2684 1410 2739 Ebroino
1432 2701 1566 2740 cum
1589 2685 1719 2742 aliis
1750 2687 1833 2742 in-

174 2775 461 2845 numeris,
487 2791 738 2848 quorum
762 2773 1005 2830 nomina
1024 2774 1244 2846 scripta
1265 2779 1404 2830 sunt
1419 2775 1478 2830 in
1513 2775 1659 2832 libro
1680 2777 1827 2833 vitae.

460 2973 595 3030 Iura
622 2881 1037 3028 advocatormlnl.
1053 2971 1280 3028 Amellae
1310 2971 1543 3028 ordinat.

801 3061 988 3129 (Anno
1021 3060 1200 3131 1095.)

177 3155 308 3229 [Ubi
335 3168 522 3224 supra,
557 3168 614 3224 p.
649 3149 772 3229 IQQ,
806 3147 1157 3229 eaﬁchart‘ulﬁ.
1196 3148 1448 3229 abbatie
1483 3150 1830 3220 Gorziensis,

676 3222 768 3276 tit.
806 3222 930 3288 138,
963 3238 1020 3292 p.
1063 3221 1333 3292 188-190.]

253 3313 316 3369 In
335 3310 571 3368 nomine
595 3314 808 3367 sanctae
825 3313 882 3365 et
897 3307 1208 3364 individuae
1231 3309 1554 3378 Trinitatis,
1580 3315 1638 3366 et
1653 3312 1832 3368 beatae

178 3401 285 3461 Dei
335 3399 646 3458 Genitricis
676 3397 893 3465 Mariae,
945 3402 1002 3453 et
1031 3396 1218 3454 sancti
1249 3397 1550 3455 Michaelis
1589 3399 1832 3456 archan-

177 3491 317 3566 geli,
349 3494 406 3546 et
436 3489 624 3546 sancti
660 3487 808 3546 Petri
842 3491 899 3542 et
931 3486 1114 3554 Pauli,
1148 3490 1204 3542 et
1234 3487 1419 3543 sancti
1453 3488 1749 3562 Gorgonii,
1781 3495 1838 3546 et

178 3579 446 3638 omnium
477 3575 803 3634 ccelestium
836 3575 1131 3642 ordinum,
1155 3575 1366 3643 Poppo,
1392 3582 1604 3633 sanctae
1629 3578 1838 3635 Medio-

178 3666 562 3725 matricorum
597 3664 862 3722 Ecclesiae
893 3663 1080 3738 gratia
1105 3663 1205 3719 Dei
1238 3665 1513 3737 pontifex.

251 3755 666 3812 Contradimus
699 3758 902 3810 notum
930 3753 1204 3809 omnibus
1227 3753 1517 3822 fidelibus,
1552 3760 1672 3810 tam
1696 3773 1836 3829 prae-

174 3846 445 3906 sentibus
493 3861 672 3918 quam
722 3843 992 3918 posteris,
1044 3844 1197 3916 quod
1254 3844 1602 3901 venerabilis
1652 3847 1833 3903 abbas

173 3934 506 3994 Gorziensis
553 3932 824 4002 caanobii,
879 3933 1118 3989 nomine
1169 3936 1507 4001 Warnerus,
1558 3952 1691 3991 cum
1725 3953 1832 3992 suo

173 4025 484 4100 praeposito
517 4025 692 4080 fratre
722 4023 998 4092 Adelone,
1033 4027 1295 4078 nostram
1327 4025 1692 4096 praesentiam
1722 4025 1834 4081 hu-

174 4114 391 4172 militer
421 4111 645 4180 adiens,
677 4115 1031 4184 conquestus
1065 4111 1176 4166 fuit
1201 4112 1273 4167 de
1320 4111 1630 4168 Wezelone
1660 4115 1831 4171 advo-

173 4209 304 4262 cato
333 4220 460 4268 suo,
494 4201 595 4275 qui
629 4217 805 4273 super
824 4203 1169 4272 potestatem
1195 4199 1453 4266 Amellaa,
1486 4201 1585 4256 ubi
1617 4207 1706 4258 est
1736 4205 1833 4259 ad-

171 4295 434 4358 vocatus,
467 4287 925 4346 extraordinarie
958 4304 1061 4360 per
1089 4304 1149 4343 se
1180 4292 1236 4344 et
1268 4304 1370 4360 per
1395 4305 1554 4356 suos,
1590 4291 1834 4346 nonnul-

171 4382 264 4440 las
296 4397 389 4437 res
416 4377 771 4444 vindicabat,
805 4376 1087 4432 excedens
1119 4377 1452 4448 aequitatem
1485 4395 1661 4450 quam
1694 4380 1835 4436 obti-

1945 1887 2108 1954 Quod
2158 1886 2206 1943 si
2238 1887 2331 1943 fur
2363 1887 2446 1943 vel
2479 1888 2625 1944 latro
2673 1893 2979 1946 extraneus
3027 1890 3218 1956 fuerit,
3252 1893 3308 1945 et
3339 1906 3400 1945 se
3431 1890 3592 1944 rode-

1943 1976 2134 2043 merit,
2169 1977 2484 2033 advocatus
2515 1978 2744 2034 tertiam
2773 1982 2996 2050 partem
3029 1977 3344 2050 suscipiet;
3380 1977 3428 2033 si
3459 1993 3592 2033 vero

1941 2064 2252 2138 aufugerit,
2286 2067 2426 2121 dum
2451 2066 2509 2121 in
2533 2067 2798 2122 custodia
2823 2071 3053 2124 tenetur
3073 2066 3214 2122 nihil
3239 2066 3479 2122 interest
3499 2066 3595 2122 ad-

1939 2153 2126 2211 vocati
2159 2171 2193 2209 a
2222 2153 2412 2210 villico
2434 2155 2750 2226 requirere,
2777 2155 2825 2211 si
2858 2173 2919 2210 sc
2949 2156 3160 2228 poterit
3185 2171 3434 2227 purgare
3456 2171 3590 2210 eum

1941 2259 2047 2299 suo
2100 2258 2345 2298 assensu
2396 2260 2511 2298 non
2558 2243 2878 2317 aufugisse.
2911 2245 3104 2300 Abbas
3133 2261 3306 2299 suum
3356 2243 3595 2299 habebit

1942 2333 2202 2386 bannum
2251 2332 2535 2387 vendendi
2585 2334 2786 2388 vinum
2849 2334 3010 2404 (droit
3061 2333 3126 2389 dc
3180 2335 3432 2401 Ima-vin)
3493 2350 3596 2404 per

1943 2436 2176 2476 menses
2223 2421 2392 2488 duos,
2443 2422 2739 2493 requirere
2788 2439 3171 2494 quoscunque
3199 2421 3466 2490 voluerit,
3498 2438 3592 2477 ex-

1940 2513 2106 2580 cepto
2139 2509 2294 2564 Julio
2316 2514 2372 2565 et
2392 2511 2673 2581 Augusto.
2700 2511 2778 2566 De
2811 2511 2981 2566 leuda
3012 2512 3260 2580 (amends
3277 2528 3419 2583 pour
3437 2527 3596 2567 cause

1937 2597 2279 2668 d’homicidc)
2314 2597 2570 2653 hominis
2591 2598 2876 2655 interfecti
2906 2599 3065 2656 solus
3093 2599 3322 2655 villicus
3354 2599 3593 2672 placita-

1941 2687 2044 2755 bit,
2079 2686 2370 2758 accipiens
2401 2686 2472 2741 ad
2519 2703 2666 2759 opus
2699 2688 2928 2743 abbatis
2971 2687 3226 2756 leudam,
3279 2689 3592 2744 advocatus
3703 2730 3708 2734 ς

1945 2776 2088 2831 nihil
2138 2775 2377 2831 habebit
2407 2776 2559 2842 inde,
2613 2775 2720 2831 nisi
2758 2776 3034 2832 invitatus
3065 2777 3256 2833 fuerit.
3291 2778 3371 2834 De
3402 2781 3592 2834 muta-

1939 2865 2095 2921 tione
2127 2869 2369 2920 moneta:
2401 2869 2458 2920 et
2479 2865 2549 2921 de
2571 2865 2762 2920 duello
2785 2865 2902 2921 sive
2929 2867 3260 2938 incipiatur,
3287 2867 3404 2923 sive
3426 2866 3595 2923 ﬁnia-

1939 2960 2056 3023 tur,
2075 2953 2223 3010 nihil
2243 2955 2490 3027 pertinet
2511 2956 2580 3010 ad
2602 2959 2944 3026 potestatem
2963 2956 3243 3012 advocati.
3267 2957 3592 3012 Advocatus

1941 3044 2121 3114 enim,
2156 3047 2221 3100 ut
2250 3043 2447 3099 omnia
2468 3042 2580 3099 alia
2611 3043 2669 3098 in
2697 3043 2879 3099 libera
2907 3048 3190 3116 potestate
3211 3044 3440 3101 abbatis
3460 3063 3592 3102 con-

1943 3134 2174 3200 sistant,
2211 3149 2448 3189 mansos
2480 3134 2678 3189 decem
2710 3132 2887 3189 habet
2915 3133 2974 3188 in
3006 3133 3190 3201 feodo,
3217 3138 3424 3206 praeter
3451 3133 3592 3190 ban-

1943 3239 2085 3278 num
2119 3238 2290 3294 quem
2323 3221 2532 3276 retinet
2564 3220 2764 3289 abbas,
2799 3239 2946 3293 quos
2974 3239 3212 3278 mansos
3242 3223 3416 3278 habet
3441 3239 3592 3280 seor-

1943 3327 2100 3377 sum,
2129 3314 2193 3366 ut
2221 3314 2400 3366 totam
2433 3313 2777 3382 potestatem
2801 3310 3088 3381 defendat,
3112 3311 3237 3367 sine
3258 3311 3370 3368 alio
3397 3328 3591 3385 respe-

1944 3403 2061 3465 ctu,
2097 3397 2207 3453 nisi
2259 3397 2359 3470 qui
2391 3397 2709 3469 inscriptus
2741 3401 2848 3453 est.
2887 3397 3071 3453 Habet
3099 3399 3274 3454 etiam
3306 3399 3460 3454 idem
3490 3400 3590 3455 ad-

1941 3493 2180 3544 vocatus
2228 3487 2286 3541 in
2336 3486 2452 3542 illis
2501 3486 2725 3542 mansis
2773 3491 3096 3553 manentes,
3157 3489 3433 3544 debentes
3480 3488 3589 3545 sibi

1943 3592 2185 3632 censum
2210 3575 2279 3630 de
2301 3574 2611 3647 capitibus,
2632 3579 2686 3630 et
2702 3575 2874 3630 habet
2896 3575 2972 3631 ibi
2993 3576 3293 3648 proprium
3310 3576 3590 3645 villicum,

1943 3667 2252 3733 decanum,
2287 3664 2642 3730 scabioncm,
2668 3681 2988 3736 omnesque
3014 3665 3276 3722 redditus
3305 3665 3537 3722 illorum
3557 3684 3594 3721 x

1943 3771 2306 3820 mansorum,
2339 3754 2560 3825 absque
2611 3753 2824 3809 hanno.
2870 3754 3148 3811 Praeterea
3177 3756 3493 3822 advocatus
3524 3757 3595 3812 de

1943 3841 2193 3916 singulis
2227 3841 2600 3896 manentibus
2632 3841 2783 3897 infra
2825 3842 3086 3898 bannum
3119 3842 3320 3911 istum,
3355 3849 3412 3900 et
3444 3861 3592 3916 quo-

1942 3949 2073 3989 rum
2092 3935 2181 3987 est
2205 3932 2541 3995 advocatus,
2567 3933 2624 3984 et
2646 3931 2745 4002 qui
2765 3947 3006 3986 censum
3031 3930 3282 3997 solvunt,
3307 3933 3592 4004 accipitin

1944 4019 2312 4078 solemnitate
2355 4018 2539 4074 sancti
2587 4017 2818 4074 Martini
2851 4019 3074 4075 soniam
3110 4038 3288 4075 unam
3322 4021 3487 4093 (droz't
3531 4022 3596 4079 de

1942 4115 2073 4180 gite,
2101 4127 2169 4165 ou
2213 4110 2392 4180 plutdt
2429 4110 2728 4179 prcstatz'on
2758 4109 2854 4178 qui
2881 4125 2935 4162 se
2959 4111 3154 4179 payaz‘t
3179 4126 3321 4180 pour
3348 4127 3414 4165 ne
3440 4113 3595 4182 point

1945 4201 2112 4270 logcr)
2143 4198 2214 4253 ad
2267 4212 2604 4251 mensuram
2656 4195 2928 4268 quartalli
2962 4197 3030 4252 de
3061 4202 3221 4253 curto
3250 4198 3504 4256 Amellae.
3535 4201 3593 4257 Si

1942 4303 2075 4342 vero
2107 4302 2174 4341 ea
2204 4284 2296 4340 die
2326 4283 2492 4340 sonia
2522 4301 2636 4340 non
2669 4284 2843 4340 fuerit
2869 4285 3184 4357 persoluta,
3209 4293 3402 4344 tamen
3427 4290 3596 4346 advo-

1945 4378 2110 4431 catus
2146 4371 2366 4428 nullam
2391 4371 2561 4426 faciet
2591 4371 2950 4440 violentiam,
2984 4375 3083 4428 sed
3116 4373 3346 4430 villicus
3369 4376 3597 4440 abbatis

173 4473 434 4527 nuerunt
466 4466 563 4523 alii
596 4466 695 4539 qui
729 4469 1133 4520 memorantur
1163 4465 1305 4519 inibi
1340 4466 1519 4522 fuisse
1549 4467 1831 4526 advocati.
1864 4481 1911 4546 D
1942 4466 2292 4535 exsequetur
2323 4459 2765 4530 sibijustitiam,
2799 4460 2994 4516 annali
3029 4461 3238 4534 placito
3270 4463 3502 4520 abbatis
3528 4465 3595 4519 fi-

174 4560 294 4616 Nos
359 4557 556 4629 itaque
621 4553 1050 4611 satisfacientes
1108 4553 1397 4611 desiderio
1456 4555 1833 4628 querimoniae

177 4665 318 4715 sua,
335 4645 603 4702 venimus
623 4642 930 4709 Amellam,
954 4641 1192 4699 collecta
1208 4643 1585 4701 multitudine
1609 4651 1833 4704 nostro-

176 4753 310 4793 rum
341 4733 626 4799 ﬂdelium,
654 4732 755 4788 ubi
777 4732 1079 4788 convictus
1104 4732 1476 4804 supradictus
1494 4735 1831 4804 advocatus,

176 4823 349 4882 nobis
377 4827 436 4878 et
466 4821 662 4878 abbati
694 4825 914 4888 nostro,
947 4821 1020 4876 ob
1042 4819 1277 4877 illicitas
1308 4821 1636 4878 invasiones
1663 4824 1836 4895 justi-

176 4911 390 4979 ﬂcavit,
441 4911 764 4967 secundum
818 4908 1127 4965 consilium
1177 4911 1574 4982 praesentium,
1625 4916 1682 4968 et
1732 4931 1830 4986 po-

180 5007 400 5058 stremo
430 4998 740 5072 dereliquit
769 5016 895 5072 qua
927 4999 1145 5070 injuste
1175 5006 1576 5072 usurpaverat,
1611 5001 1832 5058 collau-

180 5091 331 5146 dans
352 5088 547 5144 abbati
572 5093 628 5144 et
658 5089 784 5144 suis
806 5087 1096 5160 quidquid
1119 5087 1426 5160 dignitatis
1456 5094 1512 5146 et
1542 5091 1832 5157 utilitatis,

181 5196 252 5237 ex
300 5177 646 5250 antiquitate
691 5177 751 5232 in
811 5175 1152 5250 supradicta
1203 5177 1426 5232 Amella
1476 5179 1668 5251 palam
1730 5179 1839 5235 fuit

185 5271 540 5326 enarratum.
576 5265 649 5323 Ut
690 5269 885 5322 autem
930 5263 1095 5321 nulla
1140 5264 1494 5338 ambiguitas
1524 5285 1700 5340 super
1728 5268 1838 5323 hoc

185 5355 433 5431 pullulet
462 5355 617 5428 apud
652 5358 988 5428 presentes,
1021 5353 1140 5408 sive
1188 5359 1472 5425 posteros,
1515 5361 1838 5428 sequestra-

184 5445 379 5502 vimus
409 5461 537 5517 quae
567 5443 688 5500 sint
725 5445 864 5516 jura
912 5441 1159 5510 abbatis,
1194 5459 1320 5515 quae
1370 5444 1652 5512 advocati,
1689 5445 1841 5502 sicut

210 5534 471 5606 ndicant,
519 5533 630 5591 hoc
678 5533 901 5600 ordine,
958 5531 1295 5605 sequentia:
1349 5534 1514 5606 Apud
1555 5533 1839 5591 Amellam

1944 4553 2085 4609 nito.
2111 4548 2392 4622 Sequenti
2410 4548 2502 4603 die
2524 4549 2836 4606 advocatus
2859 4550 3096 4606 habebit
3118 4551 3397 4623 placitum
3421 4570 3596 4610 suum

1942 4657 2118 4714 super
2144 4656 2283 4695 suos
2307 4638 2574 4694 homines
2601 4638 2670 4694 de
2693 4638 2817 4694 suis
2839 4640 3032 4694 decem
3061 4641 3286 4696 mansis
3308 4645 3594 4712 tenentes,

1941 4737 1998 4788 et
2028 4746 2206 4802 super
2229 4728 2362 4783 illos
2395 4743 2637 4782 censum
2671 4728 2742 4783 de
2773 4729 2959 4800 capite
2992 4728 3100 4785 sibi
3135 4730 3399 4786 debente.
3433 4733 3596 4798 Quod

1943 4820 1992 4876 si
2016 4835 2193 4874 causa
2211 4817 2405 4889 aliqua
2427 4816 2484 4871 in
2510 4834 2614 4871 suo
2639 4815 2850 4887 placito
2874 4834 3060 4889 usque
3085 4819 3153 4873 ad
3183 4818 3442 4874 duellum
3468 4837 3594 4892 per-

1940 4907 2181 4973 venerit,
2217 4906 2276 4960 in
2308 4910 2470 4960 curte
2492 4904 2720 4985 abbatis
2746 4905 2982 4960 Amella:
3014 4905 3265 4975 ﬁnietur,
3291 4912 3346 4962 et
3367 4909 3596 4966 abbatis

1940 4997 2170 5052 villicus
2202 4994 2372 5050 faciet
2402 4993 2822 5049 districtionem
2860 4995 3156 5066 (punition,
3187 4999 3345 5068 pez’ne
3366 4999 3597 5070 imposde

1939 5103 2045 5159 par
2061 5087 2110 5140 Ie
2125 5084 2279 5157 juge)
2304 5082 2581 5154 dabitque
2600 5082 2794 5138 abbati
2823 5101 2989 5138 suam
3005 5084 3322 5154 justitiam,
3351 5091 3406 5141 et
3423 5089 3595 5144 advo-

1945 5179 2075 5230 cato
2108 5189 2296 5228 suam.
2323 5172 2380 5228 Si
2405 5177 2557 5227 meta
2577 5171 2774 5243 aliqua
2800 5173 2974 5228 fuerit
2995 5174 3378 5230 exterminata
3397 5175 3456 5230 in
3480 5176 3598 5234 illis

1945 5265 2142 5320 decem
2177 5261 2400 5317 mansis
2423 5261 2491 5315 de
2521 5262 2683 5316 feodo
2711 5261 2992 5329 advocati,
3019 5261 3244 5318 villicus
3265 5265 3494 5321 abbatis
3515 5267 3596 5322 fa-

1946 5354 2060 5410 ciet
2090 5356 2269 5407 totam
2292 5349 2733 5417 districtionem,
2758 5351 2904 5407 dans
2927 5352 3201 5409 advocato
3231 5355 3598 5426 suamjusti-

1944 5443 2112 5509 tiam,
2138 5440 2333 5496 abbati
2362 5440 2620 5494 bannum
2646 5445 2702 5495 et
2725 5444 2936 5496 metam
2964 5442 3246 5498 restituet.
3269 5444 3595 5500 Advocatus

1948 5533 2190 5589 domum
2242 5527 2535 5601 propriam
2581 5529 2733 5600 apud
2765 5529 3050 5587 Amellam
3082 5530 3304 5588 nullam
3337 5531 3592 5601 habebit,
