  <div class='ocr_page' id='page_1' title='image "/cluster/home/n/w/nwhite01/storage/ocr_20150623/155/hvd.32044054760137/833.png"; bbox 0 0 3984 6082; ppageno 0'>
   <div class='ocr_carea' id='block_1_1' title="bbox 445 129 3793 198">
    <p class='ocr_par' dir='ltr' id='par_1_1' title="bbox 445 129 3793 198">
     <span class='ocr_line' id='line_1_1' title="bbox 445 129 3793 198; baseline 0.001 -4"><span class='ocrx_word' id='word_1_1' title='bbox 445 129 600 196; x_wconf 77' lang='grc'><strong>1659</strong></span> <span class='ocrx_word' id='word_1_2' title='bbox 1427 132 1772 197; x_wconf 81' lang='lat' dir='ltr'>ANSELMI</span> <span class='ocrx_word' id='word_1_3' title='bbox 1815 129 2444 194; x_wconf 87' lang='lat' dir='ltr'>MEDIOLANENSIS</span> <span class='ocrx_word' id='word_1_4' title='bbox 2488 130 2854 195; x_wconf 82' lang='lat' dir='ltr'>ARCHIEP.</span> <span class='ocrx_word' id='word_1_5' title='bbox 3676 130 3793 198; x_wconf 80' lang='lat' dir='ltr'>i660</span> 
     </span>
    </p>
   </div>
   <div class='ocr_carea' id='block_1_2' title="bbox 445 263 3792 340">
    <p class='ocr_par' dir='ltr' id='par_1_2' title="bbox 445 263 3792 340">
     <span class='ocr_line' id='line_1_2' title="bbox 445 263 3792 340; baseline -0.002 -12"><span class='ocrx_word' id='word_1_6' title='bbox 445 270 562 328; x_wconf 81' lang='lat' dir='ltr'><strong>illis</strong></span> <span class='ocrx_word' id='word_1_7' title='bbox 593 268 965 327; x_wconf 78' lang='lat' dir='ltr'>adversantes</span> <span class='ocrx_word' id='word_1_8' title='bbox 996 283 1112 325; x_wconf 90' lang='lat' dir='ltr'>non</span> <span class='ocrx_word' id='word_1_9' title='bbox 1144 265 1480 325; x_wconf 82' lang='lat' dir='ltr'>dubitemus</span> <span class='ocrx_word' id='word_1_10' title='bbox 1528 285 1630 340; x_wconf 93' lang='lat' dir='ltr'>pro</span> <span class='ocrx_word' id='word_1_11' title='bbox 1673 284 1840 323; x_wconf 90' lang='lat' dir='ltr'>muro</span> <span class='ocrx_word' id='word_1_12' title='bbox 1875 267 2085 322; x_wconf 92' lang='lat' dir='ltr'>domus</span> <span class='ocrx_word' id='word_1_13' title='bbox 2115 264 2171 331; x_wconf 85' lang='grc' dir='ltr'><strong>Α</strong></span> <span class='ocrx_word' id='word_1_14' title='bbox 2199 265 2335 322; x_wconf 88' lang='lat' dir='ltr'>stris</span> <span class='ocrx_word' id='word_1_15' title='bbox 2361 265 2585 324; x_wconf 82' lang='lat' dir='ltr'>clericis</span> <span class='ocrx_word' id='word_1_16' title='bbox 2615 269 2671 322; x_wconf 92' lang='lat' dir='ltr'>et</span> <span class='ocrx_word' id='word_1_17' title='bbox 2702 265 3013 323; x_wconf 82' lang='lat' dir='ltr'>abbatibus</span> <span class='ocrx_word' id='word_1_18' title='bbox 3044 265 3103 322; x_wconf 89' lang='lat' dir='ltr'>in</span> <span class='ocrx_word' id='word_1_19' title='bbox 3140 263 3512 323; x_wconf 79' lang='lat' dir='ltr'>secretarium</span> <span class='ocrx_word' id='word_1_20' title='bbox 3556 269 3792 323; x_wconf 82' lang='lat' dir='ltr'>conveni-</span> 
     </span>
    </p>
   </div>
   <div class='ocr_carea' id='block_1_3' title="bbox 445 355 3794 432">
    <p class='ocr_par' dir='ltr' id='par_1_3' title="bbox 445 355 3794 432">
     <span class='ocr_line' id='line_1_3' title="bbox 445 355 3794 432; baseline -0.002 -15"><span class='ocrx_word' id='word_1_21' title='bbox 445 361 624 417; x_wconf 89' lang='lat' dir='ltr'>Israel</span> <span class='ocrx_word' id='word_1_22' title='bbox 673 360 744 416; x_wconf 87' lang='lat' dir='ltr'>ad</span> <span class='ocrx_word' id='word_1_23' title='bbox 795 359 1178 432; x_wconf 87' lang='lat' dir='ltr'>pugnandum</span> <span class='ocrx_word' id='word_1_24' title='bbox 1229 358 1286 413; x_wconf 92' lang='lat' dir='ltr'>in</span> <span class='ocrx_word' id='word_1_25' title='bbox 1333 357 1549 430; x_wconf 82' lang='lat' dir='ltr'>praelio.</span> <span class='ocrx_word' id='word_1_26' title='bbox 1587 357 1748 413; x_wconf 76' lang='lat' dir='ltr'>Nunc</span> <span class='ocrx_word' id='word_1_27' title='bbox 1781 373 1916 428; x_wconf 84' lang='lat' dir='ltr'>ergo</span> <span class='ocrx_word' id='word_1_28' title='bbox 1948 357 2086 428; x_wconf 84' lang='lat' dir='ltr'>quia</span> <span class='ocrx_word' id='word_1_29' title='bbox 2199 361 2433 422; x_wconf 90' lang='lat' dir='ltr'>mus,ut</span> <span class='ocrx_word' id='word_1_30' title='bbox 2462 373 2662 412; x_wconf 88' lang='lat' dir='ltr'>eorum</span> <span class='ocrx_word' id='word_1_31' title='bbox 2695 355 2937 412; x_wconf 90' lang='lat' dir='ltr'>consilio</span> <span class='ocrx_word' id='word_1_32' title='bbox 2967 356 3146 428; x_wconf 91' lang='lat' dir='ltr'>hujus</span> <span class='ocrx_word' id='word_1_33' title='bbox 3166 355 3338 429; x_wconf 89' lang='lat' dir='ltr'>litigii</span> <span class='ocrx_word' id='word_1_34' title='bbox 3359 355 3631 412; x_wconf 88' lang='lat' dir='ltr'>canonice</span> <span class='ocrx_word' id='word_1_35' title='bbox 3648 356 3794 413; x_wconf 84' lang='lat' dir='ltr'>venti-</span> 
     </span>
    </p>
   </div>
   <div class='ocr_carea' id='block_1_4' title="bbox 444 445 3794 523">
    <p class='ocr_par' dir='ltr' id='par_1_4' title="bbox 444 445 3794 523">
     <span class='ocr_line' id='line_1_4' title="bbox 444 445 3794 523; baseline -0.001 -17"><span class='ocrx_word' id='word_1_36' title='bbox 444 450 733 523; x_wconf 87' lang='lat' dir='ltr'>quosdam</span> <span class='ocrx_word' id='word_1_37' title='bbox 763 447 1168 522; x_wconf 89' lang='lat' dir='ltr'>superstitiosa</span> <span class='ocrx_word' id='word_1_38' title='bbox 1198 446 1476 519; x_wconf 84' lang='lat' dir='ltr'>religione</span> <span class='ocrx_word' id='word_1_39' title='bbox 1524 445 1790 501; x_wconf 87' lang='lat' dir='ltr'>videmus</span> <span class='ocrx_word' id='word_1_40' title='bbox 1823 446 1880 500; x_wconf 91' lang='lat' dir='ltr'>in</span> <span class='ocrx_word' id='word_1_41' title='bbox 1914 447 2086 501; x_wconf 90' lang='lat' dir='ltr'>domo</span> <span class='ocrx_word' id='word_1_42' title='bbox 2195 446 2314 500; x_wconf 90' lang='lat' dir='ltr'>lata</span> <span class='ocrx_word' id='word_1_43' title='bbox 2339 446 2744 502; x_wconf 85' lang='lat' dir='ltr'>ennclearetur</span> <span class='ocrx_word' id='word_1_44' title='bbox 2772 445 3062 502; x_wconf 87' lang='lat' dir='ltr'>ratio.Ubi</span> <span class='ocrx_word' id='word_1_45' title='bbox 3085 445 3324 501; x_wconf 90' lang='lat' dir='ltr'>lucerna</span> <span class='ocrx_word' id='word_1_46' title='bbox 3345 445 3641 518; x_wconf 64' lang='lat' dir='ltr'>sapientiae</span> <span class='ocrx_word' id='word_1_47' title='bbox 3655 463 3794 518; x_wconf 82' lang='lat' dir='ltr'>super</span> 
     </span>
    </p>
   </div>
   <div class='ocr_carea' id='block_1_5' title="bbox 442 534 3792 610">
    <p class='ocr_par' dir='ltr' id='par_1_5' title="bbox 442 534 3792 610">
     <span class='ocr_line' id='line_1_5' title="bbox 442 534 3792 610; baseline -0.001 -15"><span class='ocrx_word' id='word_1_48' title='bbox 442 538 542 595; x_wconf 97' lang='lat' dir='ltr'>Dei</span> <span class='ocrx_word' id='word_1_49' title='bbox 579 539 945 604; x_wconf 82' lang='lat' dir='ltr'>contendere,</span> <span class='ocrx_word' id='word_1_50' title='bbox 977 537 1311 610; x_wconf 79' lang='lat' dir='ltr'>ignorantes</span> <span class='ocrx_word' id='word_1_51' title='bbox 1344 535 1442 590; x_wconf 85' lang='lat' dir='ltr'>Dei</span> <span class='ocrx_word' id='word_1_52' title='bbox 1470 535 1786 606; x_wconf 82' lang='lat' dir='ltr'>justitiam,</span> <span class='ocrx_word' id='word_1_53' title='bbox 1821 539 1875 590; x_wconf 89' lang='lat' dir='ltr'>et</span> <span class='ocrx_word' id='word_1_54' title='bbox 1917 553 2084 590; x_wconf 89' lang='lat' dir='ltr'>suam</span> <span class='ocrx_word' id='word_1_55' title='bbox 2195 534 2608 590; x_wconf 82' lang='lat' dir='ltr'>candelabrum</span> <span class='ocrx_word' id='word_1_56' title='bbox 2628 535 3141 607; x_wconf 90' lang='lat' dir='ltr'>posita,utluceret</span> <span class='ocrx_word' id='word_1_57' title='bbox 3169 534 3262 592; x_wconf 88' lang='lat' dir='ltr'>his</span> <span class='ocrx_word' id='word_1_58' title='bbox 3285 535 3383 608; x_wconf 88' lang='lat' dir='ltr'>qui</span> <span class='ocrx_word' id='word_1_59' title='bbox 3406 534 3463 589; x_wconf 87' lang='lat' dir='ltr'>in</span> <span class='ocrx_word' id='word_1_60' title='bbox 3483 535 3792 602; x_wconf 84' lang='lat' dir='ltr'>domosunt,</span> 
     </span>
    </p>
   </div>
   <div class='ocr_carea' id='block_1_6' title="bbox 443 623 3792 701">
    <p class='ocr_par' dir='ltr' id='par_1_6' title="bbox 443 623 3792 701">
     <span class='ocr_line' id='line_1_6' title="bbox 443 623 3792 701; baseline -0.001 -18"><span class='ocrx_word' id='word_1_61' title='bbox 443 631 772 701; x_wconf 66' lang='lat' dir='ltr'>quaerentes</span> <span class='ocrx_word' id='word_1_62' title='bbox 817 625 1188 688; x_wconf 86' lang='lat' dir='ltr'>constituere,</span> <span class='ocrx_word' id='word_1_63' title='bbox 1221 627 1446 696; x_wconf 85' lang='lat' dir='ltr'>oportet</span> <span class='ocrx_word' id='word_1_64' title='bbox 1496 642 1601 679; x_wconf 88' lang='lat' dir='ltr'>nos</span> <span class='ocrx_word' id='word_1_65' title='bbox 1632 623 1910 696; x_wconf 81' lang='lat' dir='ltr'>pastorali</span> <span class='ocrx_word' id='word_1_66' title='bbox 1943 641 2086 678; x_wconf 90' lang='lat' dir='ltr'>cura</span> <span class='ocrx_word' id='word_1_67' title='bbox 2195 641 2328 679; x_wconf 89' lang='lat' dir='ltr'>cum</span> <span class='ocrx_word' id='word_1_68' title='bbox 2356 641 2422 678; x_wconf 78' lang='lat' dir='ltr'>ex</span> <span class='ocrx_word' id='word_1_69' title='bbox 2448 624 2556 680; x_wconf 90' lang='lat' dir='ltr'>hac</span> <span class='ocrx_word' id='word_1_70' title='bbox 2578 641 2754 680; x_wconf 87' lang='lat' dir='ltr'>causa</span> <span class='ocrx_word' id='word_1_71' title='bbox 2777 625 3062 680; x_wconf 89' lang='lat' dir='ltr'>rationem</span> <span class='ocrx_word' id='word_1_72' title='bbox 3083 641 3295 696; x_wconf 89' lang='lat' dir='ltr'>ponere</span> <span class='ocrx_word' id='word_1_73' title='bbox 3313 641 3445 680; x_wconf 92' lang='lat' dir='ltr'>cum</span> <span class='ocrx_word' id='word_1_74' title='bbox 3467 623 3677 680; x_wconf 89' lang='lat' dir='ltr'>nostris</span> <span class='ocrx_word' id='word_1_75' title='bbox 3694 641 3792 679; x_wconf 84' lang='lat' dir='ltr'>con-</span> 
     </span>
    </p>
   </div>
   <div class='ocr_carea' id='block_1_7' title="bbox 442 712 3792 788">
    <p class='ocr_par' dir='ltr' id='par_1_7' title="bbox 442 712 3792 788">
     <span class='ocr_line' id='line_1_7' title="bbox 442 712 3792 788; baseline -0.001 -16"><span class='ocrx_word' id='word_1_76' title='bbox 442 714 942 788; x_wconf 89' lang='lat' dir='ltr'>superintendere,</span> <span class='ocrx_word' id='word_1_77' title='bbox 977 717 1033 767; x_wconf 93' lang='lat' dir='ltr'>et</span> <span class='ocrx_word' id='word_1_78' title='bbox 1075 712 1370 767; x_wconf 89' lang='lat' dir='ltr'>discordes</span> <span class='ocrx_word' id='word_1_79' title='bbox 1418 729 1483 768; x_wconf 91' lang='lat' dir='ltr'>ac</span> <span class='ocrx_word' id='word_1_80' title='bbox 1533 713 1952 776; x_wconf 83' lang='lat' dir='ltr'>contentiosos,</span> <span class='ocrx_word' id='word_1_81' title='bbox 1983 713 2084 783; x_wconf 87' lang='lat' dir='ltr'>qui</span> <span class='ocrx_word' id='word_1_82' title='bbox 2195 713 2395 779; x_wconf 91' lang='lat' dir='ltr'>servis,</span> <span class='ocrx_word' id='word_1_83' title='bbox 2421 731 2532 768; x_wconf 91' lang='lat' dir='ltr'>non</span> <span class='ocrx_word' id='word_1_84' title='bbox 2555 717 2642 768; x_wconf 87' lang='lat' dir='ltr'>est</span> <span class='ocrx_word' id='word_1_85' title='bbox 2674 715 2943 769; x_wconf 88' lang='lat' dir='ltr'>inventus</span> <span class='ocrx_word' id='word_1_86' title='bbox 2973 713 3208 785; x_wconf 90' lang='lat' dir='ltr'>aliquis,</span> <span class='ocrx_word' id='word_1_87' title='bbox 3228 713 3326 786; x_wconf 83' lang='lat' dir='ltr'>qui</span> <span class='ocrx_word' id='word_1_88' title='bbox 3359 714 3792 769; x_wconf 81' lang='lat' dir='ltr'>commissumta-</span> 
     </span>
    </p>
   </div>
   <div class='ocr_carea' id='block_1_8' title="bbox 441 800 3790 875">
    <p class='ocr_par' dir='ltr' id='par_1_8' title="bbox 441 800 3790 875">
     <span class='ocr_line' id='line_1_8' title="bbox 441 800 3790 875; baseline -0.001 -15"><span class='ocrx_word' id='word_1_89' title='bbox 441 808 580 860; x_wconf 86' lang='lat' dir='ltr'>sunt</span> <span class='ocrx_word' id='word_1_90' title='bbox 609 805 668 858; x_wconf 92' lang='lat' dir='ltr'>in</span> <span class='ocrx_word' id='word_1_91' title='bbox 699 801 954 858; x_wconf 79' lang='lat' dir='ltr'>Ecolesia</span> <span class='ocrx_word' id='word_1_92' title='bbox 982 818 1081 874; x_wconf 86' lang='lat' dir='ltr'>per</span> <span class='ocrx_word' id='word_1_93' title='bbox 1102 819 1264 856; x_wconf 90' lang='lat' dir='ltr'>arma</span> <span class='ocrx_word' id='word_1_94' title='bbox 1280 800 1525 871; x_wconf 66' lang='lat' dir='ltr'>justitiaz</span> <span class='ocrx_word' id='word_1_95' title='bbox 1539 801 1648 855; x_wconf 89' lang='lat' dir='ltr'>sub</span> <span class='ocrx_word' id='word_1_96' title='bbox 1671 800 2083 856; x_wconf 85' lang='lat' dir='ltr'>ecclesiasticis</span> <span class='ocrx_word' id='word_1_97' title='bbox 2194 801 2416 857; x_wconf 89' lang='lat' dir='ltr'>lentum</span> <span class='ocrx_word' id='word_1_98' title='bbox 2440 803 2824 857; x_wconf 86' lang='lat' dir='ltr'>subfodiendo</span> <span class='ocrx_word' id='word_1_99' title='bbox 2837 803 3237 868; x_wconf 88' lang='lat' dir='ltr'>absconderet,</span> <span class='ocrx_word' id='word_1_100' title='bbox 3257 803 3355 858; x_wconf 89' lang='lat' dir='ltr'>sed</span> <span class='ocrx_word' id='word_1_101' title='bbox 3370 802 3586 875; x_wconf 87' lang='lat' dir='ltr'>apertis</span> <span class='ocrx_word' id='word_1_102' title='bbox 3605 802 3790 858; x_wconf 83' lang='lat' dir='ltr'>thesau-</span> 
     </span>
    </p>
   </div>
   <div class='ocr_carea' id='block_1_9' title="bbox 440 889 3787 964">
    <p class='ocr_par' dir='ltr' id='par_1_9' title="bbox 440 889 3787 964">
     <span class='ocr_line' id='line_1_9' title="bbox 440 889 3787 964; baseline -0.001 -15"><span class='ocrx_word' id='word_1_103' title='bbox 440 893 676 949; x_wconf 84' lang='lat' dir='ltr'>statutis</span> <span class='ocrx_word' id='word_1_104' title='bbox 708 893 780 947; x_wconf 91' lang='lat' dir='ltr'>ad</span> <span class='ocrx_word' id='word_1_105' title='bbox 814 908 1040 964; x_wconf 88' lang='lat' dir='ltr'>pacem,</span> <span class='ocrx_word' id='word_1_106' title='bbox 1073 893 1128 944; x_wconf 90' lang='lat' dir='ltr'>et</span> <span class='ocrx_word' id='word_1_107' title='bbox 1156 889 1598 945; x_wconf 86' lang='lat' dir='ltr'>unanimitatem</span> <span class='ocrx_word' id='word_1_108' title='bbox 1641 891 1934 944; x_wconf 79' lang='lat' dir='ltr'>reducere.</span> <span class='ocrx_word' id='word_1_109' title='bbox 1968 893 2082 944; x_wconf 81' lang='lat' dir='ltr'>Au~</span> <span class='ocrx_word' id='word_1_110' title='bbox 2193 892 2274 947; x_wconf 91' lang='lat' dir='ltr'>ris</span> <span class='ocrx_word' id='word_1_111' title='bbox 2293 891 2638 964; x_wconf 77' lang='lat' dir='ltr'>multiplicat</span> <span class='ocrx_word' id='word_1_112' title='bbox 2656 891 3236 964; x_wconf 86' lang='lat' dir='ltr'>superlucratanobis</span> <span class='ocrx_word' id='word_1_113' title='bbox 3258 891 3787 964; x_wconf 83' lang='lat' dir='ltr'>postulantibuspro-</span> 
     </span>
    </p>
   </div>
   <div class='ocr_carea' id='block_1_10' title="bbox 437 978 3786 1052">
    <p class='ocr_par' dir='ltr' id='par_1_10' title="bbox 437 978 3786 1052">
     <span class='ocr_line' id='line_1_10' title="bbox 437 978 3786 1052; baseline -0 -16"><span class='ocrx_word' id='word_1_114' title='bbox 437 981 690 1037; x_wconf 90' lang='lat' dir='ltr'>divimus</span> <span class='ocrx_word' id='word_1_115' title='bbox 722 979 946 1036; x_wconf 90' lang='lat' dir='ltr'>noviter</span> <span class='ocrx_word' id='word_1_116' title='bbox 966 978 1250 1034; x_wconf 86' lang='lat' dir='ltr'>scissuras</span> <span class='ocrx_word' id='word_1_117' title='bbox 1274 995 1402 1034; x_wconf 90' lang='lat' dir='ltr'>esse</span> <span class='ocrx_word' id='word_1_118' title='bbox 1426 979 1603 1033; x_wconf 87' lang='lat' dir='ltr'>factas</span> <span class='ocrx_word' id='word_1_119' title='bbox 1625 978 2083 1034; x_wconf 79' lang='lat' dir='ltr'>Eccles.Drisub</span> <span class='ocrx_word' id='word_1_120' title='bbox 2192 980 2451 1036; x_wconf 88' lang='lat' dir='ltr'>tulerunt</span> <span class='ocrx_word' id='word_1_121' title='bbox 2516 980 2754 1036; x_wconf 86' lang='lat' dir='ltr'>talenta.</span> <span class='ocrx_word' id='word_1_122' title='bbox 2805 980 3028 1046; x_wconf 89' lang='lat' dir='ltr'>Quibus</span> <span class='ocrx_word' id='word_1_123' title='bbox 3087 981 3412 1048; x_wconf 86' lang='lat' dir='ltr'>ostentatis,</span> <span class='ocrx_word' id='word_1_124' title='bbox 3463 979 3695 1052; x_wconf 84' lang='lat' dir='ltr'>expulsa</span> <span class='ocrx_word' id='word_1_125' title='bbox 3727 985 3786 1036; x_wconf 79' lang='lat' dir='ltr'>est</span> 
     </span>
    </p>
   </div>
   <div class='ocr_carea' id='block_1_11' title="bbox 435 1067 3785 1142">
    <p class='ocr_par' dir='ltr' id='par_1_11' title="bbox 435 1067 3785 1142">
     <span class='ocr_line' id='line_1_11' title="bbox 435 1067 3785 1142; baseline -0.001 -16"><span class='ocrx_word' id='word_1_126' title='bbox 435 1074 634 1126; x_wconf 89' lang='lat' dir='ltr'>nostro</span> <span class='ocrx_word' id='word_1_127' title='bbox 665 1068 968 1142; x_wconf 83' lang='lat' dir='ltr'>regimine,</span> <span class='ocrx_word' id='word_1_128' title='bbox 993 1067 1198 1123; x_wconf 83' lang='lat' dir='ltr'>vicinis</span> <span class='ocrx_word' id='word_1_129' title='bbox 1235 1069 1294 1122; x_wconf 84' lang='grc' dir='ltr'>Ι).</span> <span class='ocrx_word' id='word_1_130' title='bbox 1333 1067 1572 1124; x_wconf 86' lang='lat' dir='ltr'>Protasii</span> <span class='ocrx_word' id='word_1_131' title='bbox 1601 1068 1710 1122; x_wconf 91' lang='lat' dir='ltr'>sub</span> <span class='ocrx_word' id='word_1_132' title='bbox 1745 1069 1978 1122; x_wconf 85' lang='lat' dir='ltr'>nomine</span> <span class='ocrx_word' id='word_1_133' title='bbox 2003 1086 2084 1123; x_wconf 91' lang='lat' dir='ltr'>re-</span> <span class='ocrx_word' id='word_1_134' title='bbox 2192 1069 2540 1142; x_wconf 82' lang='lat' dir='ltr'>ignorantia,</span> <span class='ocrx_word' id='word_1_135' title='bbox 2577 1069 3024 1140; x_wconf 88' lang='lat' dir='ltr'>introductaque</span> <span class='ocrx_word' id='word_1_136' title='bbox 3052 1069 3292 1124; x_wconf 87' lang='lat' dir='ltr'>veritate</span> <span class='ocrx_word' id='word_1_137' title='bbox 3322 1086 3426 1142; x_wconf 89' lang='lat' dir='ltr'>per</span> <span class='ocrx_word' id='word_1_138' title='bbox 3467 1068 3700 1142; x_wconf 83' lang='lat' dir='ltr'>legalem</span> <span class='ocrx_word' id='word_1_139' title='bbox 3724 1069 3785 1123; x_wconf 87' lang='lat' dir='ltr'>di-</span> 
     </span>
    </p>
   </div>
   <div class='ocr_carea' id='block_1_12' title="bbox 433 1156 3783 1232">
    <p class='ocr_par' dir='ltr' id='par_1_12' title="bbox 433 1156 3783 1232">
     <span class='ocr_line' id='line_1_12' title="bbox 433 1156 3783 1232; baseline -0.001 -18"><span class='ocrx_word' id='word_1_140' title='bbox 433 1158 670 1232; x_wconf 83' lang='lat' dir='ltr'>ligionis</span> <span class='ocrx_word' id='word_1_141' title='bbox 701 1156 1135 1213; x_wconf 88' lang='lat' dir='ltr'>decertantibus</span> <span class='ocrx_word' id='word_1_142' title='bbox 1165 1173 1267 1228; x_wconf 92' lang='lat' dir='ltr'>pro</span> <span class='ocrx_word' id='word_1_143' title='bbox 1300 1156 1552 1228; x_wconf 73' lang='lat' dir='ltr'>Quadam</span> <span class='ocrx_word' id='word_1_144' title='bbox 1569 1157 1822 1211; x_wconf 87' lang='lat' dir='ltr'>Ecclesia</span> <span class='ocrx_word' id='word_1_145' title='bbox 1841 1174 1971 1211; x_wconf 89' lang='lat' dir='ltr'>cum</span> <span class='ocrx_word' id='word_1_146' title='bbox 1989 1157 2083 1212; x_wconf 88' lang='lat' dir='ltr'>ab-</span> <span class='ocrx_word' id='word_1_147' title='bbox 2191 1158 2605 1214; x_wconf 88' lang='lat' dir='ltr'>lucidationem</span> <span class='ocrx_word' id='word_1_148' title='bbox 2629 1158 2926 1230; x_wconf 70' lang='lat' dir='ltr'>sapientia:</span> <span class='ocrx_word' id='word_1_149' title='bbox 2939 1157 3285 1214; x_wconf 89' lang='lat' dir='ltr'>alterutrum</span> <span class='ocrx_word' id='word_1_150' title='bbox 3301 1156 3610 1230; x_wconf 78' lang='lat' dir='ltr'>amplexati</span> <span class='ocrx_word' id='word_1_151' title='bbox 3625 1175 3783 1213; x_wconf 80' lang='lat' dir='ltr'>sumus</span> 
     </span>
    </p>
   </div>
   <div class='ocr_carea' id='block_1_13' title="bbox 435 1245 2082 1318">
    <p class='ocr_par' dir='ltr' id='par_1_13' title="bbox 435 1245 2082 1318">
     <span class='ocr_line' id='line_1_13' title="bbox 435 1245 2082 1318; baseline -0.002 -14"><span class='ocrx_word' id='word_1_152' title='bbox 435 1248 570 1304; x_wconf 87' lang='lat' dir='ltr'>hate</span> <span class='ocrx_word' id='word_1_153' title='bbox 600 1245 1194 1318; x_wconf 88' lang='lat' dir='ltr'>S.Simp1iciani.Cur</span> <span class='ocrx_word' id='word_1_154' title='bbox 1223 1249 1416 1300; x_wconf 88' lang='lat' dir='ltr'>autem</span> <span class='ocrx_word' id='word_1_155' title='bbox 1449 1246 1556 1300; x_wconf 92' lang='lat' dir='ltr'>hoc</span> <span class='ocrx_word' id='word_1_156' title='bbox 1591 1245 1937 1301; x_wconf 88' lang='lat' dir='ltr'>scandalum</span> <span class='ocrx_word' id='word_1_157' title='bbox 1956 1264 2082 1301; x_wconf 80' lang='lat' dir='ltr'>exo-</span> 
     </span>
    </p>
   </div>
   <div class='ocr_carea' id='block_1_14' title="bbox 434 1334 2078 1407">
    <p class='ocr_par' dir='ltr' id='par_1_14' title="bbox 434 1334 2078 1407">
     <span class='ocr_line' id='line_1_14' title="bbox 434 1334 2078 1407; baseline -0.004 -12"><span class='ocrx_word' id='word_1_158' title='bbox 434 1338 851 1402; x_wconf 85' lang='lat' dir='ltr'>riatur,noster</span> <span class='ocrx_word' id='word_1_159' title='bbox 879 1353 947 1392; x_wconf 82' lang='lat' dir='ltr'>ex</span> <span class='ocrx_word' id='word_1_160' title='bbox 977 1336 1177 1390; x_wconf 90' lang='lat' dir='ltr'>ordine</span> <span class='ocrx_word' id='word_1_161' title='bbox 1211 1334 1395 1406; x_wconf 82' lang='lat' dir='ltr'>stylus</span> <span class='ocrx_word' id='word_1_162' title='bbox 1427 1339 1916 1407; x_wconf 87' lang='lat' dir='ltr'>prosequatur,ut</span> <span class='ocrx_word' id='word_1_163' title='bbox 1938 1352 2078 1390; x_wconf 89' lang='lat' dir='ltr'>cun-</span> 
     </span>
    </p>
   </div>
   <div class='ocr_carea' id='block_1_15' title="bbox 432 1424 2078 1496">
    <p class='ocr_par' dir='ltr' id='par_1_15' title="bbox 432 1424 2078 1496">
     <span class='ocr_line' id='line_1_15' title="bbox 432 1424 2078 1496; baseline -0.004 -10"><span class='ocrx_word' id='word_1_164' title='bbox 432 1428 546 1486; x_wconf 88' lang='lat' dir='ltr'>ctis</span> <span class='ocrx_word' id='word_1_165' title='bbox 593 1425 810 1483; x_wconf 87' lang='lat' dir='ltr'>clarius</span> <span class='ocrx_word' id='word_1_166' title='bbox 840 1425 1185 1491; x_wconf 87' lang='lat' dir='ltr'>innotescat,</span> <span class='ocrx_word' id='word_1_167' title='bbox 1220 1424 1361 1496; x_wconf 89' lang='lat' dir='ltr'>quid</span> <span class='ocrx_word' id='word_1_168' title='bbox 1393 1440 1460 1479; x_wconf 84' lang='lat' dir='ltr'>ex</span> <span class='ocrx_word' id='word_1_169' title='bbox 1491 1424 1836 1479; x_wconf 84' lang='lat' dir='ltr'>auctoritate</span> <span class='ocrx_word' id='word_1_170' title='bbox 1868 1425 2078 1480; x_wconf 90' lang='lat' dir='ltr'>SS.ca-</span> 
     </span>
    </p>
   </div>
   <div class='ocr_carea' id='block_1_16' title="bbox 2191 1246 3784 1319">
    <p class='ocr_par' dir='ltr' id='par_1_16' title="bbox 2191 1246 3784 1319">
     <span class='ocr_line' id='line_1_16' title="bbox 2191 1246 3784 1319; baseline -0.001 -16"><span class='ocrx_word' id='word_1_171' title='bbox 2191 1247 2444 1304; x_wconf 90' lang='lat' dir='ltr'>brachiis</span> <span class='ocrx_word' id='word_1_172' title='bbox 2460 1248 2800 1302; x_wconf 79' lang='lat' dir='ltr'>concordiae.</span> <span class='ocrx_word' id='word_1_173' title='bbox 2816 1248 2952 1302; x_wconf 92' lang='lat' dir='ltr'>Post</span> <span class='ocrx_word' id='word_1_174' title='bbox 2965 1247 3136 1319; x_wconf 91' lang='lat' dir='ltr'>cujus</span> <span class='ocrx_word' id='word_1_175' title='bbox 3163 1246 3463 1319; x_wconf 84' lang='lat' dir='ltr'>amplexus</span> <span class='ocrx_word' id='word_1_176' title='bbox 3475 1247 3784 1302; x_wconf 81' lang='lat' dir='ltr'>concorditer</span> 
     </span>
    </p>
   </div>
   <div class='ocr_carea' id='block_1_17' title="bbox 2190 1335 3784 1408">
    <p class='ocr_par' dir='ltr' id='par_1_17' title="bbox 2190 1335 3784 1408">
     <span class='ocr_line' id='line_1_17' title="bbox 2190 1335 3784 1408; baseline -0.001 -18"><span class='ocrx_word' id='word_1_177' title='bbox 2190 1353 2323 1391; x_wconf 89' lang='lat' dir='ltr'>cum</span> <span class='ocrx_word' id='word_1_178' title='bbox 2358 1335 2554 1391; x_wconf 88' lang='lat' dir='ltr'>electis</span> <span class='ocrx_word' id='word_1_179' title='bbox 2569 1335 2794 1392; x_wconf 89' lang='lat' dir='ltr'>clericis</span> <span class='ocrx_word' id='word_1_180' title='bbox 2807 1335 3022 1392; x_wconf 89' lang='lat' dir='ltr'>ibidem</span> <span class='ocrx_word' id='word_1_181' title='bbox 3041 1336 3356 1392; x_wconf 86' lang='lat' dir='ltr'>statuimus</span> <span class='ocrx_word' id='word_1_182' title='bbox 3372 1336 3633 1408; x_wconf 88' lang='lat' dir='ltr'>jutitiam</span> <span class='ocrx_word' id='word_1_183' title='bbox 3650 1352 3784 1408; x_wconf 82' lang='lat' dir='ltr'>supra</span> 
     </span>
    </p>
   </div>
   <div class='ocr_carea' id='block_1_18' title="bbox 2189 1424 3783 1482">
    <p class='ocr_par' dir='ltr' id='par_1_18' title="bbox 2189 1424 3783 1482">
     <span class='ocr_line' id='line_1_18' title="bbox 2189 1424 3783 1482; baseline -0.001 -2"><span class='ocrx_word' id='word_1_184' title='bbox 2189 1425 2360 1480; x_wconf 89' lang='lat' dir='ltr'>dictis</span> <span class='ocrx_word' id='word_1_185' title='bbox 2411 1425 2883 1480; x_wconf 86' lang='lat' dir='ltr'>contentionibus</span> <span class='ocrx_word' id='word_1_186' title='bbox 2927 1425 3212 1481; x_wconf 90' lang='lat' dir='ltr'>hactenus</span> <span class='ocrx_word' id='word_1_187' title='bbox 3245 1424 3640 1482; x_wconf 85' lang='lat' dir='ltr'>conculcatam</span> <span class='ocrx_word' id='word_1_188' title='bbox 3666 1441 3783 1480; x_wconf 86' lang='lat' dir='ltr'>nunc</span> 
     </span>
    </p>
   </div>
   <div class='ocr_carea' id='block_1_19' title="bbox 432 1511 3784 1589">
    <p class='ocr_par' dir='ltr' id='par_1_19' title="bbox 432 1511 3784 1589">
     <span class='ocr_line' id='line_1_19' title="bbox 432 1511 3784 1589; baseline -0.001 -15"><span class='ocrx_word' id='word_1_189' title='bbox 432 1533 656 1574; x_wconf 86' lang='lat' dir='ltr'>nonum</span> <span class='ocrx_word' id='word_1_190' title='bbox 688 1533 723 1572; x_wconf 89' lang='lat' dir='ltr'>a</span> <span class='ocrx_word' id='word_1_191' title='bbox 752 1514 920 1572; x_wconf 92' lang='lat' dir='ltr'>nobis</span> <span class='ocrx_word' id='word_1_192' title='bbox 950 1513 1087 1568; x_wconf 90' lang='lat' dir='ltr'>inde</span> <span class='ocrx_word' id='word_1_193' title='bbox 1118 1511 1342 1568; x_wconf 89' lang='lat' dir='ltr'>censeri</span> <span class='ocrx_word' id='word_1_194' title='bbox 1371 1513 1671 1568; x_wconf 89' lang='lat' dir='ltr'>conveniat</span> <span class='ocrx_word' id='word_1_195' title='bbox 1695 1513 1751 1568; x_wconf 92' lang='lat' dir='ltr'>in</span> <span class='ocrx_word' id='word_1_196' title='bbox 1776 1514 1985 1586; x_wconf 91' lang='lat' dir='ltr'>primis</span> <span class='ocrx_word' id='word_1_197' title='bbox 2001 1513 2080 1569; x_wconf 91' lang='lat' dir='ltr'>vi-</span> <span class='ocrx_word' id='word_1_198' title='bbox 2189 1515 2259 1570; x_wconf 90' lang='lat' dir='ltr'>ab</span> <span class='ocrx_word' id='word_1_199' title='bbox 2291 1515 2416 1586; x_wconf 89' lang='lat' dir='ltr'>ipso</span> <span class='ocrx_word' id='word_1_200' title='bbox 2451 1513 2706 1570; x_wconf 86' lang='lat' dir='ltr'>thalamo</span> <span class='ocrx_word' id='word_1_201' title='bbox 2738 1515 3009 1571; x_wconf 86' lang='lat' dir='ltr'>eductam</span> <span class='ocrx_word' id='word_1_202' title='bbox 3043 1532 3146 1587; x_wconf 91' lang='lat' dir='ltr'>per</span> <span class='ocrx_word' id='word_1_203' title='bbox 3174 1515 3321 1589; x_wconf 88' lang='lat' dir='ltr'>legis</span> <span class='ocrx_word' id='word_1_204' title='bbox 3342 1514 3610 1588; x_wconf 89' lang='lat' dir='ltr'>peritiam</span> <span class='ocrx_word' id='word_1_205' title='bbox 3623 1514 3673 1570; x_wconf 89' lang='lat' dir='ltr'>in</span> <span class='ocrx_word' id='word_1_206' title='bbox 3692 1531 3784 1570; x_wconf 79' lang='lat' dir='ltr'>cra-</span> 
     </span>
    </p>
   </div>
   <div class='ocr_carea' id='block_1_20' title="bbox 431 1601 3781 1702">
    <p class='ocr_par' dir='ltr' id='par_1_20' title="bbox 431 1601 3781 1702">
     <span class='ocr_line' id='line_1_20' title="bbox 431 1601 3781 1702; baseline -0.001 -40"><span class='ocrx_word' id='word_1_207' title='bbox 431 1607 696 1663; x_wconf 91' lang='lat' dir='ltr'>cinorum</span> <span class='ocrx_word' id='word_1_208' title='bbox 729 1602 1101 1660; x_wconf 87' lang='lat' dir='ltr'>causantium</span> <span class='ocrx_word' id='word_1_209' title='bbox 1147 1601 1460 1674; x_wconf 85' lang='lat' dir='ltr'>postulatio</span> <span class='ocrx_word' id='word_1_210' title='bbox 1515 1601 1667 1658; x_wconf 90' lang='lat' dir='ltr'>clare</span> <span class='ocrx_word' id='word_1_211' title='bbox 1711 1603 1830 1656; x_wconf 82' lang='lat' dir='ltr'>fiat.</span> <span class='ocrx_word' id='word_1_212' title='bbox 1873 1604 2078 1657; x_wconf 82' lang='lat' dir='ltr'>Dicunt.</span> <span class='ocrx_word' id='word_1_213' title='bbox 2105 1637 2152 1702; x_wconf 81' lang='grc' dir='ltr'><strong>Β</strong></span> <span class='ocrx_word' id='word_1_214' title='bbox 2189 1605 2410 1659; x_wconf 90' lang='lat' dir='ltr'>stinum</span> <span class='ocrx_word' id='word_1_215' title='bbox 2444 1604 2561 1658; x_wconf 89' lang='lat' dir='ltr'>oris</span> <span class='ocrx_word' id='word_1_216' title='bbox 2593 1603 2774 1659; x_wconf 69' lang='lat' dir='ltr'>n&#39;istri</span> <span class='ocrx_word' id='word_1_217' title='bbox 2794 1603 2986 1677; x_wconf 89' lang='lat' dir='ltr'>gladio</span> <span class='ocrx_word' id='word_1_218' title='bbox 3017 1603 3781 1677; x_wconf 83' lang='lat' dir='ltr'>legalitersponderepopulo.</span> 
     </span>
    </p>
   </div>
   <div class='ocr_carea' id='block_1_21' title="bbox 429 1691 3784 1765">
    <p class='ocr_par' dir='ltr' id='par_1_21' title="bbox 429 1691 3784 1765">
     <span class='ocr_line' id='line_1_21' title="bbox 429 1691 3784 1765; baseline -0.001 -15"><span class='ocrx_word' id='word_1_219' title='bbox 429 1695 588 1751; x_wconf 90' lang='lat' dir='ltr'>enim</span> <span class='ocrx_word' id='word_1_220' title='bbox 617 1691 792 1749; x_wconf 88' lang='lat' dir='ltr'>vicini</span> <span class='ocrx_word' id='word_1_221' title='bbox 822 1691 1138 1748; x_wconf 85' lang='lat' dir='ltr'>Ecclesiam</span> <span class='ocrx_word' id='word_1_222' title='bbox 1172 1692 1229 1746; x_wconf 90' lang='lat' dir='ltr'>S.</span> <span class='ocrx_word' id='word_1_223' title='bbox 1252 1691 1496 1746; x_wconf 88' lang='lat' dir='ltr'>Protasii</span> <span class='ocrx_word' id='word_1_224' title='bbox 1519 1691 1656 1746; x_wconf 89' lang='lat' dir='ltr'>olim</span> <span class='ocrx_word' id='word_1_225' title='bbox 1680 1691 1859 1746; x_wconf 80' lang='lat' dir='ltr'>fuisse</span> <span class='ocrx_word' id='word_1_226' title='bbox 1878 1709 2073 1747; x_wconf 90' lang='lat' dir='ltr'>mona-</span> <span class='ocrx_word' id='word_1_227' title='bbox 2105 1691 2149 1702; x_wconf 76' lang='grc'>“’</span> <span class='ocrx_word' id='word_1_228' title='bbox 2182 1694 2349 1747; x_wconf 88' lang='lat' dir='ltr'>Mane</span> <span class='ocrx_word' id='word_1_229' title='bbox 2399 1697 2596 1748; x_wconf 89' lang='lat' dir='ltr'>autem</span> <span class='ocrx_word' id='word_1_230' title='bbox 2649 1695 2959 1765; x_wconf 88' lang='lat' dir='ltr'>utramque</span> <span class='ocrx_word' id='word_1_231' title='bbox 3009 1691 3559 1748; x_wconf 88' lang='lat' dir='ltr'>contradictionem.</span> <span class='ocrx_word' id='word_1_232' title='bbox 3581 1735 3592 1748; x_wconf 95' lang='lat'>.</span> <span class='ocrx_word' id='word_1_233' title='bbox 3613 1733 3657 1749; x_wconf 93' lang='lat'>..</span> <span class='ocrx_word' id='word_1_234' title='bbox 3705 1709 3784 1764; x_wconf 91' lang='lat' dir='ltr'>po-</span> 
     </span>
    </p>
   </div>
   <div class='ocr_carea' id='block_1_22' title="bbox 429 1779 3783 1854">
    <p class='ocr_par' dir='ltr' id='par_1_22' title="bbox 429 1779 3783 1854">
     <span class='ocr_line' id='line_1_22' title="bbox 429 1779 3783 1854; baseline -0.001 -14"><span class='ocrx_word' id='word_1_235' title='bbox 429 1783 674 1841; x_wconf 89' lang='lat' dir='ltr'>sterium</span> <span class='ocrx_word' id='word_1_236' title='bbox 706 1781 936 1838; x_wconf 89' lang='lat' dir='ltr'>abbatis</span> <span class='ocrx_word' id='word_1_237' title='bbox 966 1785 1023 1836; x_wconf 91' lang='lat' dir='ltr'>et</span> <span class='ocrx_word' id='word_1_238' title='bbox 1053 1780 1496 1848; x_wconf 86' lang='lat' dir='ltr'>monachorum,</span> <span class='ocrx_word' id='word_1_239' title='bbox 1522 1779 1823 1836; x_wconf 85' lang='lat' dir='ltr'>basilicam</span> <span class='ocrx_word' id='word_1_240' title='bbox 1856 1799 1986 1836; x_wconf 86' lang='lat' dir='ltr'>vero</span> <span class='ocrx_word' id='word_1_241' title='bbox 2011 1783 2068 1837; x_wconf 92' lang='lat' dir='ltr'>S.</span> <span class='ocrx_word' id='word_1_242' title='bbox 2182 1781 2318 1854; x_wconf 90' lang='lat' dir='ltr'>pulo</span> <span class='ocrx_word' id='word_1_243' title='bbox 2351 1786 2614 1836; x_wconf 90' lang='lat' dir='ltr'>nostrum</span> <span class='ocrx_word' id='word_1_244' title='bbox 2648 1781 3086 1853; x_wconf 88' lang='lat' dir='ltr'>postulantibus</span> <span class='ocrx_word' id='word_1_245' title='bbox 3117 1782 3319 1837; x_wconf 89' lang='lat' dir='ltr'>audire</span> <span class='ocrx_word' id='word_1_246' title='bbox 3342 1781 3649 1854; x_wconf 89' lang='lat' dir='ltr'>judicium.</span> <span class='ocrx_word' id='word_1_247' title='bbox 3683 1798 3783 1836; x_wconf 88' lang='lat' dir='ltr'>cum</span> 
     </span>
    </p>
   </div>
   <div class='ocr_carea' id='block_1_23' title="bbox 428 1870 3785 1946">
    <p class='ocr_par' dir='ltr' id='par_1_23' title="bbox 428 1870 3785 1946">
     <span class='ocr_line' id='line_1_23' title="bbox 428 1870 3785 1946; baseline -0.002 -15"><span class='ocrx_word' id='word_1_248' title='bbox 428 1871 792 1946; x_wconf 90' lang='lat' dir='ltr'>Simpliciani</span> <span class='ocrx_word' id='word_1_249' title='bbox 823 1887 890 1926; x_wconf 86' lang='lat' dir='ltr'>ex</span> <span class='ocrx_word' id='word_1_250' title='bbox 919 1870 1092 1944; x_wconf 90' lang='lat' dir='ltr'>longo</span> <span class='ocrx_word' id='word_1_251' title='bbox 1124 1873 1384 1942; x_wconf 88' lang='lat' dir='ltr'>tempore</span> <span class='ocrx_word' id='word_1_252' title='bbox 1416 1870 1598 1925; x_wconf 90' lang='lat' dir='ltr'>fuisse</span> <span class='ocrx_word' id='word_1_253' title='bbox 1632 1870 2068 1926; x_wconf 88' lang='lat' dir='ltr'>canonicorum.</span> <span class='ocrx_word' id='word_1_254' title='bbox 2180 1871 2400 1927; x_wconf 87' lang='lat' dir='ltr'>eisdem</span> <span class='ocrx_word' id='word_1_255' title='bbox 2435 1870 2680 1941; x_wconf 87' lang='lat' dir='ltr'>elericis,</span> <span class='ocrx_word' id='word_1_256' title='bbox 2697 1874 2752 1926; x_wconf 90' lang='lat' dir='ltr'>et</span> <span class='ocrx_word' id='word_1_257' title='bbox 2768 1871 3082 1927; x_wconf 88' lang='lat' dir='ltr'>abbatibus</span> <span class='ocrx_word' id='word_1_258' title='bbox 3100 1870 3785 1928; x_wconf 74' lang='lat' dir='ltr'>S.Mariaeeonscendimus</span> 
     </span>
    </p>
   </div>
   <div class='ocr_carea' id='block_1_24' title="bbox 427 1957 3784 2032">
    <p class='ocr_par' dir='ltr' id='par_1_24' title="bbox 427 1957 3784 2032">
     <span class='ocr_line' id='line_1_24' title="bbox 427 1957 3784 2032; baseline -0.002 -12"><span class='ocrx_word' id='word_1_259' title='bbox 427 1963 540 2020; x_wconf 87' lang='lat' dir='ltr'>Sed</span> <span class='ocrx_word' id='word_1_260' title='bbox 582 1961 813 2028; x_wconf 87' lang='lat' dir='ltr'>abbate,</span> <span class='ocrx_word' id='word_1_261' title='bbox 844 1964 901 2015; x_wconf 87' lang='lat' dir='ltr'>et</span> <span class='ocrx_word' id='word_1_262' title='bbox 930 1958 1235 2014; x_wconf 88' lang='lat' dir='ltr'>monachis</span> <span class='ocrx_word' id='word_1_263' title='bbox 1283 1959 1354 2014; x_wconf 91' lang='lat' dir='ltr'>ad</span> <span class='ocrx_word' id='word_1_264' title='bbox 1389 1958 1717 2014; x_wconf 88' lang='lat' dir='ltr'>habendam</span> <span class='ocrx_word' id='word_1_265' title='bbox 1751 1957 2072 2014; x_wconf 86' lang='lat' dir='ltr'>solitariam</span> <span class='ocrx_word' id='word_1_266' title='bbox 2182 1959 2496 2032; x_wconf 90' lang='lat' dir='ltr'>pulpitum,</span> <span class='ocrx_word' id='word_1_267' title='bbox 2521 1959 2683 2014; x_wconf 90' lang='lat' dir='ltr'>Tunc</span> <span class='ocrx_word' id='word_1_268' title='bbox 2714 1959 2863 2014; x_wconf 83' lang='lat' dir='ltr'>facto</span> <span class='ocrx_word' id='word_1_269' title='bbox 2885 1959 3052 2032; x_wconf 91' lang='lat' dir='ltr'>prius</span> <span class='ocrx_word' id='word_1_270' title='bbox 3075 1959 3307 2016; x_wconf 90' lang='lat' dir='ltr'>silentio</span> <span class='ocrx_word' id='word_1_271' title='bbox 3331 1959 3646 2016; x_wconf 88' lang='lat' dir='ltr'>hoclocum</span> <span class='ocrx_word' id='word_1_272' title='bbox 3663 1957 3784 2031; x_wconf 82' lang='lat' dir='ltr'>capi-</span> 
     </span>
    </p>
   </div>
   <div class='ocr_carea' id='block_1_25' title="bbox 424 2046 3782 2120">
    <p class='ocr_par' dir='ltr' id='par_1_25' title="bbox 424 2046 3782 2120">
     <span class='ocr_line' id='line_1_25' title="bbox 424 2046 3782 2120; baseline -0.002 -11"><span class='ocrx_word' id='word_1_273' title='bbox 424 2051 625 2118; x_wconf 74' lang='lat' dir='ltr'>vitam‘,</span> <span class='ocrx_word' id='word_1_274' title='bbox 658 2050 872 2106; x_wconf 88' lang='lat' dir='ltr'>evitare</span> <span class='ocrx_word' id='word_1_275' title='bbox 899 2047 1229 2104; x_wconf 88' lang='lat' dir='ltr'>volentibus</span> <span class='ocrx_word' id='word_1_276' title='bbox 1259 2047 1608 2119; x_wconf 77' lang='lat' dir='ltr'>populorum</span> <span class='ocrx_word' id='word_1_277' title='bbox 1643 2048 2068 2120; x_wconf 87' lang='lat' dir='ltr'>frequentiam:</span> <span class='ocrx_word' id='word_1_278' title='bbox 2180 2047 2388 2103; x_wconf 84' lang='lat' dir='ltr'>talium</span> <span class='ocrx_word' id='word_1_279' title='bbox 2422 2052 2509 2102; x_wconf 84' lang='lat' dir='ltr'>est</span> <span class='ocrx_word' id='word_1_280' title='bbox 2541 2048 2670 2103; x_wconf 88' lang='lat' dir='ltr'>Gre.</span> <span class='ocrx_word' id='word_1_281' title='bbox 2706 2090 2716 2102; x_wconf 97' lang='lat'>.</span> <span class='ocrx_word' id='word_1_282' title='bbox 2777 2089 2789 2104; x_wconf 96' lang='lat'>.</span> <span class='ocrx_word' id='word_1_283' title='bbox 2849 2088 2861 2105; x_wconf 95' lang='lat'>.</span> <span class='ocrx_word' id='word_1_284' title='bbox 2921 2089 2933 2104; x_wconf 93' lang='lat'>.</span> <span class='ocrx_word' id='word_1_285' title='bbox 2992 2089 3004 2105; x_wconf 94' lang='lat'>.</span> <span class='ocrx_word' id='word_1_286' title='bbox 3061 2091 3074 2106; x_wconf 96' lang='lat'>.</span> <span class='ocrx_word' id='word_1_287' title='bbox 3135 2091 3146 2104; x_wconf 94' lang='lat'>.</span> <span class='ocrx_word' id='word_1_288' title='bbox 3203 2089 3216 2106; x_wconf 93' lang='lat'>.</span> <span class='ocrx_word' id='word_1_289' title='bbox 3258 2047 3534 2120; x_wconf 87' lang='lat' dir='ltr'>pluribus</span> <span class='ocrx_word' id='word_1_290' title='bbox 3562 2046 3782 2120; x_wconf 81' lang='lat' dir='ltr'>capitulis</span> 
     </span>
    </p>
   </div>
   <div class='ocr_carea' id='block_1_26' title="bbox 426 2135 3781 2209">
    <p class='ocr_par' dir='ltr' id='par_1_26' title="bbox 426 2135 3781 2209">
     <span class='ocr_line' id='line_1_26' title="bbox 426 2135 3781 2209; baseline -0.001 -12"><span class='ocrx_word' id='word_1_291' title='bbox 426 2137 726 2197; x_wconf 81' lang='lat' dir='ltr'>canonicis</span> <span class='ocrx_word' id='word_1_292' title='bbox 754 2155 909 2206; x_wconf 90' lang='lat' dir='ltr'>vero,</span> <span class='ocrx_word' id='word_1_293' title='bbox 942 2136 1099 2192; x_wconf 90' lang='lat' dir='ltr'>velut</span> <span class='ocrx_word' id='word_1_294' title='bbox 1129 2135 1467 2192; x_wconf 85' lang='lat' dir='ltr'>constitutis</span> <span class='ocrx_word' id='word_1_295' title='bbox 1498 2136 1555 2190; x_wconf 92' lang='lat' dir='ltr'>in</span> <span class='ocrx_word' id='word_1_296' title='bbox 1588 2153 1747 2208; x_wconf 85' lang='lat' dir='ltr'>agro,</span> <span class='ocrx_word' id='word_1_297' title='bbox 1767 2153 1880 2191; x_wconf 90' lang='lat' dir='ltr'>non</span> <span class='ocrx_word' id='word_1_298' title='bbox 1916 2153 2073 2192; x_wconf 88' lang='lat' dir='ltr'>recu-</span> <span class='ocrx_word' id='word_1_299' title='bbox 2183 2136 2489 2209; x_wconf 84' lang='lat' dir='ltr'>diligenter</span> <span class='ocrx_word' id='word_1_300' title='bbox 2518 2155 2552 2192; x_wconf 90' lang='lat' dir='ltr'>a</span> <span class='ocrx_word' id='word_1_301' title='bbox 2579 2136 2767 2205; x_wconf 90' lang='lat' dir='ltr'>nobis,</span> <span class='ocrx_word' id='word_1_302' title='bbox 2803 2154 2868 2193; x_wconf 89' lang='lat' dir='ltr'>ac</span> <span class='ocrx_word' id='word_1_303' title='bbox 2898 2141 3099 2194; x_wconf 90' lang='lat' dir='ltr'>nostro</span> <span class='ocrx_word' id='word_1_304' title='bbox 3131 2136 3307 2204; x_wconf 89' lang='lat' dir='ltr'>clero,</span> <span class='ocrx_word' id='word_1_305' title='bbox 3341 2142 3397 2193; x_wconf 85' lang='lat' dir='ltr'>et</span> <span class='ocrx_word' id='word_1_306' title='bbox 3429 2137 3487 2192; x_wconf 90' lang='lat' dir='ltr'>in</span> <span class='ocrx_word' id='word_1_307' title='bbox 3525 2136 3781 2193; x_wconf 72' lang='lat' dir='ltr'>secretario</span> 
     </span>
    </p>
   </div>
   <div class='ocr_carea' id='block_1_27' title="bbox 424 2224 3779 2300">
    <p class='ocr_par' dir='ltr' id='par_1_27' title="bbox 424 2224 3779 2300">
     <span class='ocr_line' id='line_1_27' title="bbox 424 2224 3779 2300; baseline -0.002 -13"><span class='ocrx_word' id='word_1_308' title='bbox 424 2229 694 2288; x_wconf 74' lang='lat' dir='ltr'>sentibus</span> <span class='ocrx_word' id='word_1_309' title='bbox 716 2243 845 2284; x_wconf 90' lang='lat' dir='ltr'>esse</span> <span class='ocrx_word' id='word_1_310' title='bbox 877 2226 935 2281; x_wconf 89' lang='lat' dir='ltr'>in</span> <span class='ocrx_word' id='word_1_311' title='bbox 954 2225 1189 2298; x_wconf 89' lang='lat' dir='ltr'>populo,</span> <span class='ocrx_word' id='word_1_312' title='bbox 1206 2224 1340 2281; x_wconf 91' lang='lat' dir='ltr'>talis</span> <span class='ocrx_word' id='word_1_313' title='bbox 1358 2225 1510 2280; x_wconf 89' lang='lat' dir='ltr'>inter</span> <span class='ocrx_word' id='word_1_314' title='bbox 1531 2229 1808 2297; x_wconf 90' lang='lat' dir='ltr'>utrosque</span> <span class='ocrx_word' id='word_1_315' title='bbox 1827 2226 1976 2281; x_wconf 84' lang='lat' dir='ltr'>facta</span> <span class='ocrx_word' id='word_1_316' title='bbox 1987 2229 2076 2280; x_wconf 88' lang='lat' dir='ltr'>est</span> <span class='ocrx_word' id='word_1_317' title='bbox 2183 2226 2567 2282; x_wconf 85' lang='lat' dir='ltr'>consideratis</span> <span class='ocrx_word' id='word_1_318' title='bbox 2591 2226 2971 2298; x_wconf 87' lang='lat' dir='ltr'>inspectaque</span> <span class='ocrx_word' id='word_1_319' title='bbox 2991 2225 3613 2300; x_wconf 84' lang='lat' dir='ltr'>antiquainstitutione</span> <span class='ocrx_word' id='word_1_320' title='bbox 3625 2242 3779 2281; x_wconf 77' lang='lat' dir='ltr'>mona-</span> 
     </span>
    </p>
   </div>
   <div class='ocr_carea' id='block_1_28' title="bbox 423 2313 3773 2388">
    <p class='ocr_par' dir='ltr' id='par_1_28' title="bbox 423 2313 3773 2388">
     <span class='ocr_line' id='line_1_28' title="bbox 423 2313 3773 2388; baseline -0.002 -14"><span class='ocrx_word' id='word_1_321' title='bbox 423 2315 825 2383; x_wconf 87' lang='lat' dir='ltr'>commutatio,</span> <span class='ocrx_word' id='word_1_322' title='bbox 859 2318 927 2370; x_wconf 89' lang='lat' dir='ltr'>ut</span> <span class='ocrx_word' id='word_1_323' title='bbox 956 2315 1158 2382; x_wconf 87' lang='lat' dir='ltr'>abbas,</span> <span class='ocrx_word' id='word_1_324' title='bbox 1193 2317 1248 2369; x_wconf 91' lang='lat' dir='ltr'>et</span> <span class='ocrx_word' id='word_1_325' title='bbox 1275 2313 1565 2380; x_wconf 90' lang='lat' dir='ltr'>monachi,</span> <span class='ocrx_word' id='word_1_326' title='bbox 1600 2331 1734 2369; x_wconf 90' lang='lat' dir='ltr'>cum</span> <span class='ocrx_word' id='word_1_327' title='bbox 1796 2315 2070 2371; x_wconf 90' lang='lat' dir='ltr'>omnibus</span> <span class='ocrx_word' id='word_1_328' title='bbox 2184 2314 2342 2370; x_wconf 90' lang='lat' dir='ltr'>sterii</span> <span class='ocrx_word' id='word_1_329' title='bbox 2377 2320 2432 2370; x_wconf 92' lang='lat' dir='ltr'>et</span> <span class='ocrx_word' id='word_1_330' title='bbox 2463 2316 2520 2370; x_wconf 94' lang='lat' dir='ltr'>S.</span> <span class='ocrx_word' id='word_1_331' title='bbox 2556 2313 2944 2388; x_wconf 90' lang='lat' dir='ltr'>Simpliciani,</span> <span class='ocrx_word' id='word_1_332' title='bbox 2979 2319 3036 2370; x_wconf 90' lang='lat' dir='ltr'>et</span> <span class='ocrx_word' id='word_1_333' title='bbox 3064 2314 3318 2371; x_wconf 71' lang='lat' dir='ltr'>ecclesiae</span> <span class='ocrx_word' id='word_1_334' title='bbox 3349 2316 3408 2372; x_wconf 93' lang='lat' dir='ltr'>S.</span> <span class='ocrx_word' id='word_1_335' title='bbox 3446 2313 3677 2372; x_wconf 88' lang='lat' dir='ltr'>Protasii</span> <span class='ocrx_word' id='word_1_336' title='bbox 3715 2355 3724 2369; x_wconf 94' lang='lat'>.</span> <span class='ocrx_word' id='word_1_337' title='bbox 3765 2353 3773 2367; x_wconf 91' lang='lat'>.</span> 
     </span>
    </p>
   </div>
   <div class='ocr_carea' id='block_1_29' title="bbox 424 2403 3778 2477">
    <p class='ocr_par' dir='ltr' id='par_1_29' title="bbox 424 2403 3778 2477">
     <span class='ocr_line' id='line_1_29' title="bbox 424 2403 3778 2477; baseline -0.002 -13"><span class='ocrx_word' id='word_1_338' title='bbox 424 2407 601 2465; x_wconf 88' lang='lat' dir='ltr'>rebus</span> <span class='ocrx_word' id='word_1_339' title='bbox 633 2405 706 2462; x_wconf 90' lang='lat' dir='ltr'>ad</span> <span class='ocrx_word' id='word_1_340' title='bbox 740 2404 1161 2460; x_wconf 84' lang='lat' dir='ltr'>monasterium</span> <span class='ocrx_word' id='word_1_341' title='bbox 1194 2403 1625 2476; x_wconf 89' lang='lat' dir='ltr'>pertinentibus</span> <span class='ocrx_word' id='word_1_342' title='bbox 1658 2405 1730 2458; x_wconf 91' lang='lat' dir='ltr'>ad</span> <span class='ocrx_word' id='word_1_343' title='bbox 1763 2404 2070 2460; x_wconf 88' lang='lat' dir='ltr'>ecclesiam</span> <span class='ocrx_word' id='word_1_344' title='bbox 2180 2408 2245 2460; x_wconf 90' lang='lat' dir='ltr'>ut</span> <span class='ocrx_word' id='word_1_345' title='bbox 2275 2404 2548 2476; x_wconf 87' lang='lat' dir='ltr'>deinceps</span> <span class='ocrx_word' id='word_1_346' title='bbox 2569 2405 2640 2460; x_wconf 88' lang='lat' dir='ltr'>ad</span> <span class='ocrx_word' id='word_1_347' title='bbox 2673 2404 2979 2460; x_wconf 89' lang='lat' dir='ltr'>ecclesiam</span> <span class='ocrx_word' id='word_1_348' title='bbox 3013 2406 3070 2462; x_wconf 91' lang='lat' dir='ltr'>S.</span> <span class='ocrx_word' id='word_1_349' title='bbox 3106 2404 3351 2461; x_wconf 90' lang='lat' dir='ltr'>Protasii</span> <span class='ocrx_word' id='word_1_350' title='bbox 3401 2404 3778 2477; x_wconf 80' lang='lat' dir='ltr'>permansissse</span> 
     </span>
    </p>
   </div>
   <div class='ocr_carea' id='block_1_30' title="bbox 423 2491 3777 2571">
    <p class='ocr_par' dir='ltr' id='par_1_30' title="bbox 423 2491 3777 2571">
     <span class='ocr_line' id='line_1_30' title="bbox 423 2491 3777 2571; baseline -0.003 -18"><span class='ocrx_word' id='word_1_351' title='bbox 423 2498 838 2571; x_wconf 90' lang='lat' dir='ltr'>processerunt</span> <span class='ocrx_word' id='word_1_352' title='bbox 886 2494 944 2550; x_wconf 92' lang='lat' dir='ltr'>S.</span> <span class='ocrx_word' id='word_1_353' title='bbox 997 2491 1386 2566; x_wconf 88' lang='lat' dir='ltr'>Simpliciani,</span> <span class='ocrx_word' id='word_1_354' title='bbox 1420 2492 1560 2548; x_wconf 90' lang='lat' dir='ltr'>item</span> <span class='ocrx_word' id='word_1_355' title='bbox 1601 2493 1886 2558; x_wconf 89' lang='lat' dir='ltr'>canonici,</span> <span class='ocrx_word' id='word_1_356' title='bbox 1936 2511 2070 2548; x_wconf 91' lang='lat' dir='ltr'>cum</span> <span class='ocrx_word' id='word_1_357' title='bbox 2181 2492 2520 2548; x_wconf 88' lang='lat' dir='ltr'>claustrales</span> <span class='ocrx_word' id='word_1_358' title='bbox 2552 2491 2822 2548; x_wconf 85' lang='lat' dir='ltr'>monachi</span> <span class='ocrx_word' id='word_1_359' title='bbox 2853 2510 2955 2565; x_wconf 89' lang='lat' dir='ltr'>per</span> <span class='ocrx_word' id='word_1_360' title='bbox 2985 2493 3469 2550; x_wconf 88' lang='lat' dir='ltr'>constitutionem</span> <span class='ocrx_word' id='word_1_361' title='bbox 3517 2491 3718 2549; x_wconf 80' lang='lat' dir='ltr'>abbatis</span> <span class='ocrx_word' id='word_1_362' title='bbox 3737 2491 3777 2544; x_wconf 87' lang='lat' dir='ltr'>S.</span> 
     </span>
    </p>
   </div>
   <div class='ocr_carea' id='block_1_31' title="bbox 423 2581 3778 2654">
    <p class='ocr_par' dir='ltr' id='par_1_31' title="bbox 423 2581 3778 2654">
     <span class='ocr_line' id='line_1_31' title="bbox 423 2581 3778 2654; baseline -0.003 -10"><span class='ocrx_word' id='word_1_363' title='bbox 423 2585 698 2646; x_wconf 86' lang='lat' dir='ltr'>omnibus</span> <span class='ocrx_word' id='word_1_364' title='bbox 724 2583 847 2640; x_wconf 90' lang='lat' dir='ltr'>suis</span> <span class='ocrx_word' id='word_1_365' title='bbox 870 2583 1044 2639; x_wconf 90' lang='lat' dir='ltr'>rebus</span> <span class='ocrx_word' id='word_1_366' title='bbox 1066 2582 1138 2637; x_wconf 91' lang='lat' dir='ltr'>ad</span> <span class='ocrx_word' id='word_1_367' title='bbox 1162 2581 1466 2638; x_wconf 88' lang='lat' dir='ltr'>ecclesiam</span> <span class='ocrx_word' id='word_1_368' title='bbox 1485 2583 1839 2638; x_wconf 87' lang='lat' dir='ltr'>devenerunt</span> <span class='ocrx_word' id='word_1_369' title='bbox 1861 2584 1917 2638; x_wconf 85' lang='lat' dir='ltr'>S.</span> <span class='ocrx_word' id='word_1_370' title='bbox 1942 2583 2072 2638; x_wconf 92' lang='lat' dir='ltr'>Pro-</span> <span class='ocrx_word' id='word_1_371' title='bbox 2180 2581 2564 2654; x_wconf 88' lang='lat' dir='ltr'>Simpliciani,</span> <span class='ocrx_word' id='word_1_372' title='bbox 2599 2582 2908 2638; x_wconf 85' lang='lat' dir='ltr'>laudantes</span> <span class='ocrx_word' id='word_1_373' title='bbox 2939 2599 3170 2654; x_wconf 88' lang='lat' dir='ltr'>quoque</span> <span class='ocrx_word' id='word_1_374' title='bbox 3217 2582 3527 2639; x_wconf 80' lang='lat' dir='ltr'>firmamus</span> <span class='ocrx_word' id='word_1_375' title='bbox 3565 2581 3778 2638; x_wconf 84' lang='lat' dir='ltr'>eamdem</span> 
     </span>
    </p>
   </div>
   <div class='ocr_carea' id='block_1_32' title="bbox 422 2669 3780 2744">
    <p class='ocr_par' dir='ltr' id='par_1_32' title="bbox 422 2669 3780 2744">
     <span class='ocr_line' id='line_1_32' title="bbox 422 2669 3780 2744; baseline -0.003 -12"><span class='ocrx_word' id='word_1_376' title='bbox 422 2675 560 2732; x_wconf 84' lang='lat' dir='ltr'>tasii</span> <span class='ocrx_word' id='word_1_377' title='bbox 590 2678 655 2730; x_wconf 90' lang='lat' dir='ltr'>ut</span> <span class='ocrx_word' id='word_1_378' title='bbox 683 2673 766 2729; x_wconf 90' lang='lat' dir='ltr'>illi</span> <span class='ocrx_word' id='word_1_379' title='bbox 797 2675 995 2730; x_wconf 87' lang='lat' dir='ltr'>essent</span> <span class='ocrx_word' id='word_1_380' title='bbox 1026 2673 1083 2726; x_wconf 91' lang='lat' dir='ltr'>in</span> <span class='ocrx_word' id='word_1_381' title='bbox 1117 2671 1376 2727; x_wconf 89' lang='lat' dir='ltr'>solitario</span> <span class='ocrx_word' id='word_1_382' title='bbox 1405 2690 1416 2739; x_wconf 93' lang='lat'>;</span> <span class='ocrx_word' id='word_1_383' title='bbox 1453 2672 1554 2726; x_wconf 90' lang='lat' dir='ltr'>tsti</span> <span class='ocrx_word' id='word_1_384' title='bbox 1589 2671 1647 2726; x_wconf 91' lang='lat' dir='ltr'>in</span> <span class='ocrx_word' id='word_1_385' title='bbox 1697 2671 1930 2744; x_wconf 88' lang='lat' dir='ltr'>populo.</span> <span class='ocrx_word' id='word_1_386' title='bbox 1969 2673 2071 2727; x_wconf 87' lang='lat' dir='ltr'>llis</span> <span class='ocrx_word' id='word_1_387' title='bbox 2179 2671 3047 2744; x_wconf 71' lang='lat' dir='ltr'>Ecclesiam,ejusqueecclesia:</span> <span class='ocrx_word' id='word_1_388' title='bbox 3061 2671 3487 2729; x_wconf 88' lang='lat' dir='ltr'>monasterium</span> <span class='ocrx_word' id='word_1_389' title='bbox 3501 2688 3626 2728; x_wconf 91' lang='lat' dir='ltr'>cum</span> <span class='ocrx_word' id='word_1_390' title='bbox 3641 2669 3780 2726; x_wconf 84' lang='lat' dir='ltr'>omni-</span> 
     </span>
    </p>
   </div>
   <div class='ocr_carea' id='block_1_33' title="bbox 422 2757 3779 2835">
    <p class='ocr_par' dir='ltr' id='par_1_33' title="bbox 422 2757 3779 2835">
     <span class='ocr_line' id='line_1_33' title="bbox 422 2757 3779 2835; baseline -0.003 -14"><span class='ocrx_word' id='word_1_391' title='bbox 422 2762 750 2822; x_wconf 88' lang='lat' dir='ltr'>rationibus</span> <span class='ocrx_word' id='word_1_392' title='bbox 779 2761 954 2818; x_wconf 90' lang='lat' dir='ltr'>vicini</span> <span class='ocrx_word' id='word_1_393' title='bbox 981 2762 1358 2828; x_wconf 82' lang='lat' dir='ltr'>confidentes,</span> <span class='ocrx_word' id='word_1_394' title='bbox 1393 2759 1703 2833; x_wconf 90' lang='lat' dir='ltr'>nullosque</span> <span class='ocrx_word' id='word_1_395' title='bbox 1753 2761 2070 2816; x_wconf 87' lang='lat' dir='ltr'>monachos</span> <span class='ocrx_word' id='word_1_396' title='bbox 2179 2762 2290 2816; x_wconf 87' lang='lat' dir='ltr'>bus</span> <span class='ocrx_word' id='word_1_397' title='bbox 2320 2761 2492 2816; x_wconf 84' lang='lat' dir='ltr'>rebus</span> <span class='ocrx_word' id='word_1_398' title='bbox 2523 2762 2859 2833; x_wconf 88' lang='lat' dir='ltr'>adutraque</span> <span class='ocrx_word' id='word_1_399' title='bbox 2882 2762 3146 2818; x_wconf 78' lang='lat' dir='ltr'>cmnobia</span> <span class='ocrx_word' id='word_1_400' title='bbox 3189 2804 3201 2816; x_wconf 94' lang='lat'>.</span> <span class='ocrx_word' id='word_1_401' title='bbox 3247 2805 3260 2817; x_wconf 95' lang='lat'>.</span> <span class='ocrx_word' id='word_1_402' title='bbox 3309 2804 3320 2819; x_wconf 96' lang='lat'>.</span> <span class='ocrx_word' id='word_1_403' title='bbox 3367 2803 3380 2816; x_wconf 91' lang='lat'>.</span> <span class='ocrx_word' id='word_1_404' title='bbox 3427 2803 3442 2816; x_wconf 93' lang='lat'>.</span> <span class='ocrx_word' id='word_1_405' title='bbox 3486 2757 3779 2835; x_wconf 83' lang='lat' dir='ltr'>pertinenti-</span> 
     </span>
    </p>
   </div>
   <div class='ocr_carea' id='block_1_34' title="bbox 423 2848 3780 2923">
    <p class='ocr_par' dir='ltr' id='par_1_34' title="bbox 423 2848 3780 2923">
     <span class='ocr_line' id='line_1_34' title="bbox 423 2848 3780 2923; baseline -0.004 -12"><span class='ocrx_word' id='word_1_406' title='bbox 423 2853 671 2911; x_wconf 90' lang='lat' dir='ltr'>ulterius</span> <span class='ocrx_word' id='word_1_407' title='bbox 701 2852 782 2908; x_wconf 90' lang='lat' dir='ltr'>ibi</span> <span class='ocrx_word' id='word_1_408' title='bbox 815 2855 968 2907; x_wconf 89' lang='lat' dir='ltr'>stare</span> <span class='ocrx_word' id='word_1_409' title='bbox 984 2850 1244 2907; x_wconf 90' lang='lat' dir='ltr'>volentes</span> <span class='ocrx_word' id='word_1_410' title='bbox 1261 2849 1561 2923; x_wconf 90' lang='lat' dir='ltr'>elegerunt</span> <span class='ocrx_word' id='word_1_411' title='bbox 1583 2849 1942 2906; x_wconf 87' lang='lat' dir='ltr'>Gualdonem</span> <span class='ocrx_word' id='word_1_412' title='bbox 1966 2852 2070 2906; x_wconf 84' lang='lat' dir='ltr'>fra-</span> <span class='ocrx_word' id='word_1_413' title='bbox 2179 2851 2311 2916; x_wconf 89' lang='lat' dir='ltr'>bus,</span> <span class='ocrx_word' id='word_1_414' title='bbox 2345 2851 2552 2906; x_wconf 89' lang='lat' dir='ltr'>amodo</span> <span class='ocrx_word' id='word_1_415' title='bbox 2587 2867 2822 2906; x_wconf 89' lang='lat' dir='ltr'>manere</span> <span class='ocrx_word' id='word_1_416' title='bbox 2875 2851 2984 2907; x_wconf 93' lang='lat' dir='ltr'>sub</span> <span class='ocrx_word' id='word_1_417' title='bbox 3035 2854 3340 2922; x_wconf 86' lang='lat' dir='ltr'>potestate,</span> <span class='ocrx_word' id='word_1_418' title='bbox 3376 2855 3434 2906; x_wconf 89' lang='lat' dir='ltr'>et</span> <span class='ocrx_word' id='word_1_419' title='bbox 3466 2848 3780 2907; x_wconf 82' lang='lat' dir='ltr'>ordinatione</span> 
     </span>
    </p>
   </div>
   <div class='ocr_carea' id='block_1_35' title="bbox 420 2939 3780 3014">
    <p class='ocr_par' dir='ltr' id='par_1_35' title="bbox 420 2939 3780 3014">
     <span class='ocr_line' id='line_1_35' title="bbox 420 2939 3780 3014; baseline -0.003 -14"><span class='ocrx_word' id='word_1_420' title='bbox 420 2947 580 3000; x_wconf 87' lang='lat' dir='ltr'>trum</span> <span class='ocrx_word' id='word_1_421' title='bbox 638 2940 1019 3014; x_wconf 71' lang='lat' dir='ltr'>praepositum</span> <span class='ocrx_word' id='word_1_422' title='bbox 1051 2940 1110 2996; x_wconf 92' lang='lat' dir='ltr'>S.</span> <span class='ocrx_word' id='word_1_423' title='bbox 1145 2939 1390 2996; x_wconf 88' lang='lat' dir='ltr'>Protasii</span> <span class='ocrx_word' id='word_1_424' title='bbox 1443 2939 1805 3006; x_wconf 82' lang='lat' dir='ltr'>ofﬁcialium,</span> <span class='ocrx_word' id='word_1_425' title='bbox 1840 2941 2067 3004; x_wconf 89' lang='lat' dir='ltr'>abbate,</span> <span class='ocrx_word' id='word_1_426' title='bbox 2115 3012 2139 3014; x_wconf 16' lang='grc' dir='ltr'>μ</span> <span class='ocrx_word' id='word_1_427' title='bbox 2180 2941 2444 3010; x_wconf 85' lang='lat' dir='ltr'>ejusdem</span> <span class='ocrx_word' id='word_1_428' title='bbox 2469 2940 2718 2996; x_wconf 83' lang='lat' dir='ltr'>abbatis.</span> <span class='ocrx_word' id='word_1_429' title='bbox 2739 2939 2949 2996; x_wconf 90' lang='lat' dir='ltr'>Deinde</span> <span class='ocrx_word' id='word_1_430' title='bbox 2980 2939 3196 2996; x_wconf 90' lang='lat' dir='ltr'>lectum</span> <span class='ocrx_word' id='word_1_431' title='bbox 3228 2945 3316 2997; x_wconf 90' lang='lat' dir='ltr'>est</span> <span class='ocrx_word' id='word_1_432' title='bbox 3336 2939 3653 3012; x_wconf 89' lang='lat' dir='ltr'>capitulum</span> <span class='ocrx_word' id='word_1_433' title='bbox 3669 2939 3780 2993; x_wconf 78' lang='lat' dir='ltr'>Ana-</span> 
     </span>
    </p>
   </div>
   <div class='ocr_carea' id='block_1_36' title="bbox 421 3012 3776 3106">
    <p class='ocr_par' dir='ltr' id='par_1_36' title="bbox 421 3012 3776 3106">
     <span class='ocr_line' id='line_1_36' title="bbox 421 3012 3776 3106; baseline -0.002 -18"><span class='ocrx_word' id='word_1_434' title='bbox 421 3012 1086 3106; x_wconf 49' lang='lat' dir='ltr'>quiain—illumturpiter</span> <span class='ocrx_word' id='word_1_435' title='bbox 1109 3030 1781 3100; x_wconf 86' lang='lat' dir='ltr'>murmuraverant,ejus</span> <span class='ocrx_word' id='word_1_436' title='bbox 1803 3029 2068 3084; x_wconf 88' lang='lat' dir='ltr'>electioni</span> <span class='ocrx_word' id='word_1_437' title='bbox 2099 3012 2141 3078; x_wconf 85' lang='lat' dir='ltr'>C</span> <span class='ocrx_word' id='word_1_438' title='bbox 2182 3027 2311 3083; x_wconf 86' lang='lat' dir='ltr'>cleti</span> <span class='ocrx_word' id='word_1_439' title='bbox 2362 3046 2543 3100; x_wconf 70' lang='lat' dir='ltr'>papae.</span> <span class='ocrx_word' id='word_1_440' title='bbox 2578 3030 2699 3094; x_wconf 90' lang='lat' dir='ltr'>Quo</span> <span class='ocrx_word' id='word_1_441' title='bbox 2751 3028 3055 3101; x_wconf 82' lang='lat' dir='ltr'>explanato</span> <span class='ocrx_word' id='word_1_442' title='bbox 3105 3029 3366 3085; x_wconf 84' lang='lat' dir='ltr'>diximus</span> <span class='ocrx_word' id='word_1_443' title='bbox 3415 3031 3492 3086; x_wconf 87' lang='lat' dir='ltr'>ad</span> <span class='ocrx_word' id='word_1_444' title='bbox 3523 3026 3776 3102; x_wconf 89' lang='lat' dir='ltr'>populum.</span> 
     </span>
    </p>
   </div>
   <div class='ocr_carea' id='block_1_37' title="bbox 419 3115 3777 3191">
    <p class='ocr_par' dir='ltr' id='par_1_37' title="bbox 419 3115 3777 3191">
     <span class='ocr_line' id='line_1_37' title="bbox 419 3115 3777 3191; baseline -0.003 -12"><span class='ocrx_word' id='word_1_445' title='bbox 419 3121 600 3179; x_wconf 89' lang='lat' dir='ltr'>invito</span> <span class='ocrx_word' id='word_1_446' title='bbox 619 3119 1038 3186; x_wconf 87' lang='lat' dir='ltr'>consentiente,</span> <span class='ocrx_word' id='word_1_447' title='bbox 1072 3135 1138 3174; x_wconf 91' lang='lat' dir='ltr'>ac</span> <span class='ocrx_word' id='word_1_448' title='bbox 1171 3119 1448 3174; x_wconf 89' lang='lat' dir='ltr'>omnibus</span> <span class='ocrx_word' id='word_1_449' title='bbox 1480 3118 1873 3190; x_wconf 89' lang='lat' dir='ltr'>proclamanie</span> <span class='ocrx_word' id='word_1_450' title='bbox 1900 3135 1956 3174; x_wconf 83' lang='lat'>:«</span> <span class='ocrx_word' id='word_1_451' title='bbox 1993 3119 2073 3173; x_wconf 89' lang='lat' dir='ltr'>Ne</span> <span class='ocrx_word' id='word_1_452' title='bbox 2185 3117 2462 3172; x_wconf 75' lang='lat' dir='ltr'>Przeterea</span> <span class='ocrx_word' id='word_1_453' title='bbox 2491 3117 2925 3184; x_wconf 88' lang='lat' dir='ltr'>constituimus,</span> <span class='ocrx_word' id='word_1_454' title='bbox 2963 3122 3027 3174; x_wconf 90' lang='lat' dir='ltr'>ut</span> <span class='ocrx_word' id='word_1_455' title='bbox 3059 3118 3296 3174; x_wconf 90' lang='lat' dir='ltr'>omuino</span> <span class='ocrx_word' id='word_1_456' title='bbox 3331 3135 3435 3191; x_wconf 90' lang='lat' dir='ltr'>pro</span> <span class='ocrx_word' id='word_1_457' title='bbox 3468 3119 3665 3174; x_wconf 85' lang='lat' dir='ltr'>infecto</span> <span class='ocrx_word' id='word_1_458' title='bbox 3703 3115 3777 3170; x_wconf 85' lang='lat' dir='ltr'>ba-</span> 
     </span>
    </p>
   </div>
   <div class='ocr_carea' id='block_1_38' title="bbox 420 3201 3775 3280">
    <p class='ocr_par' dir='ltr' id='par_1_38' title="bbox 420 3201 3775 3280">
     <span class='ocr_line' id='line_1_38' title="bbox 420 3201 3775 3280; baseline -0.003 -12"><span class='ocrx_word' id='word_1_459' title='bbox 420 3211 566 3268; x_wconf 74' lang='lat' dir='ltr'>forte</span> <span class='ocrx_word' id='word_1_460' title='bbox 595 3207 889 3266; x_wconf 90' lang='lat' dir='ltr'>tumultus</span> <span class='ocrx_word' id='word_1_461' title='bbox 920 3207 1084 3264; x_wconf 82' lang='lat' dir='ltr'>fieret</span> <span class='ocrx_word' id='word_1_462' title='bbox 1115 3208 1174 3262; x_wconf 89' lang='lat' dir='ltr'>in</span> <span class='ocrx_word' id='word_1_463' title='bbox 1197 3207 1407 3280; x_wconf 87' lang='lat' dir='ltr'>populo</span> <span class='ocrx_word' id='word_1_464' title='bbox 1433 3224 1444 3262; x_wconf 93' lang='lat'>:</span> <span class='ocrx_word' id='word_1_465' title='bbox 1471 3207 1606 3262; x_wconf 91' lang='lat' dir='ltr'>huic</span> <span class='ocrx_word' id='word_1_466' title='bbox 1639 3206 1905 3262; x_wconf 87' lang='lat' dir='ltr'>electioni</span> <span class='ocrx_word' id='word_1_467' title='bbox 1929 3221 2072 3279; x_wconf 78' lang='lat' dir='ltr'>quo‘</span> <span class='ocrx_word' id='word_1_468' title='bbox 2181 3206 2574 3278; x_wconf 89' lang='lat' dir='ltr'>beatur,quod</span> <span class='ocrx_word' id='word_1_469' title='bbox 2600 3206 2962 3263; x_wconf 87' lang='lat' dir='ltr'>Gualdonem</span> <span class='ocrx_word' id='word_1_470' title='bbox 2985 3212 3250 3263; x_wconf 89' lang='lat' dir='ltr'>nostrum</span> <span class='ocrx_word' id='word_1_471' title='bbox 3283 3201 3775 3280; x_wconf 83' lang='lat' dir='ltr'>capellanumvobis</span> 
     </span>
    </p>
   </div>
   <div class='ocr_carea' id='block_1_39' title="bbox 421 3293 3774 3370">
    <p class='ocr_par' dir='ltr' id='par_1_39' title="bbox 421 3293 3774 3370">
     <span class='ocr_line' id='line_1_39' title="bbox 421 3293 3774 3370; baseline -0.003 -13"><span class='ocrx_word' id='word_1_472' title='bbox 421 3299 734 3357; x_wconf 87' lang='lat' dir='ltr'>dammodo</span> <span class='ocrx_word' id='word_1_473' title='bbox 767 3295 1093 3361; x_wconf 90' lang='lat' dir='ltr'>consentio,</span> <span class='ocrx_word' id='word_1_474' title='bbox 1114 3295 1276 3352; x_wconf 88' lang='lat' dir='ltr'>salva</span> <span class='ocrx_word' id='word_1_475' title='bbox 1306 3300 1481 3352; x_wconf 89' lang='lat' dir='ltr'>tonen</span> <span class='ocrx_word' id='word_1_476' title='bbox 1516 3295 1698 3351; x_wconf 89' lang='lat' dir='ltr'>nostri</span> <span class='ocrx_word' id='word_1_477' title='bbox 1732 3296 2069 3352; x_wconf 89' lang='lat' dir='ltr'>monasterii</span> <span class='ocrx_word' id='word_1_478' title='bbox 2179 3294 2532 3368; x_wconf 86' lang='lat' dir='ltr'>eligentibus</span> <span class='ocrx_word' id='word_1_479' title='bbox 2563 3296 2854 3365; x_wconf 88' lang='lat' dir='ltr'>dedimus,</span> <span class='ocrx_word' id='word_1_480' title='bbox 2890 3302 2953 3352; x_wconf 90' lang='lat' dir='ltr'>ut</span> <span class='ocrx_word' id='word_1_481' title='bbox 2982 3298 3480 3370; x_wconf 81' lang='lat' dir='ltr'>presbyterorum,</span> <span class='ocrx_word' id='word_1_482' title='bbox 3512 3301 3568 3354; x_wconf 90' lang='lat' dir='ltr'>et</span> <span class='ocrx_word' id='word_1_483' title='bbox 3588 3293 3774 3352; x_wconf 84' lang='lat' dir='ltr'>clerico-</span> 
     </span>
    </p>
   </div>
   <div class='ocr_carea' id='block_1_40' title="bbox 421 3381 3775 3464">
    <p class='ocr_par' dir='ltr' id='par_1_40' title="bbox 421 3381 3775 3464">
     <span class='ocr_line' id='line_1_40' title="bbox 421 3381 3775 3464; baseline -0.003 -18"><span class='ocrx_word' id='word_1_484' title='bbox 421 3389 723 3464; x_wconf 84' lang='lat' dir='ltr'>dignitate,</span> <span class='ocrx_word' id='word_1_485' title='bbox 759 3391 1074 3458; x_wconf 87' lang='lat' dir='ltr'>nostroque</span> <span class='ocrx_word' id='word_1_486' title='bbox 1105 3384 1475 3458; x_wconf 88' lang='lat' dir='ltr'>privilegio.»</span> <span class='ocrx_word' id='word_1_487' title='bbox 1506 3384 1719 3440; x_wconf 86' lang='lat' dir='ltr'>Audita</span> <span class='ocrx_word' id='word_1_488' title='bbox 1747 3384 2068 3440; x_wconf 82' lang='lat' dir='ltr'>vicinorum</span> <span class='ocrx_word' id='word_1_489' title='bbox 2178 3401 2310 3439; x_wconf 90' lang='lat' dir='ltr'>rum</span> <span class='ocrx_word' id='word_1_490' title='bbox 2341 3384 2596 3439; x_wconf 87' lang='lat' dir='ltr'>ecclesiae</span> <span class='ocrx_word' id='word_1_491' title='bbox 2629 3385 2686 3440; x_wconf 93' lang='lat' dir='ltr'>S.</span> <span class='ocrx_word' id='word_1_492' title='bbox 2721 3385 2967 3442; x_wconf 90' lang='lat' dir='ltr'>Protasii</span> <span class='ocrx_word' id='word_1_493' title='bbox 2986 3391 3137 3443; x_wconf 89' lang='lat' dir='ltr'>esset</span> <span class='ocrx_word' id='word_1_494' title='bbox 3167 3386 3681 3460; x_wconf 56' lang='lat' dir='ltr'>praepositusllum</span> <span class='ocrx_word' id='word_1_495' title='bbox 3705 3381 3775 3437; x_wconf 77' lang='lat' dir='ltr'>ab-</span> 
     </span>
    </p>
   </div>
   <div class='ocr_carea' id='block_1_41' title="bbox 421 3473 3776 3547">
    <p class='ocr_par' dir='ltr' id='par_1_41' title="bbox 421 3473 3776 3547">
     <span class='ocr_line' id='line_1_41' title="bbox 421 3473 3776 3547; baseline -0.002 -13"><span class='ocrx_word' id='word_1_496' title='bbox 421 3478 645 3535; x_wconf 89' lang='lat' dir='ltr'>ratione</span> <span class='ocrx_word' id='word_1_497' title='bbox 692 3491 1054 3547; x_wconf 89' lang='lat' dir='ltr'>consequens</span> <span class='ocrx_word' id='word_1_498' title='bbox 1113 3478 1226 3530; x_wconf 90' lang='lat' dir='ltr'>est.</span> <span class='ocrx_word' id='word_1_499' title='bbox 1251 3516 1261 3528; x_wconf 94' lang='lat'>.</span> <span class='ocrx_word' id='word_1_500' title='bbox 1286 3516 1332 3529; x_wconf 93' lang='lat'>..</span> <span class='ocrx_word' id='word_1_501' title='bbox 1365 3474 1602 3530; x_wconf 84' lang='lat' dir='ltr'>Abbatis</span> <span class='ocrx_word' id='word_1_502' title='bbox 1652 3474 2068 3529; x_wconf 85' lang='lat' dir='ltr'>contradictio-</span> <span class='ocrx_word' id='word_1_503' title='bbox 2177 3473 2282 3529; x_wconf 88' lang='lat' dir='ltr'>bas</span> <span class='ocrx_word' id='word_1_504' title='bbox 2304 3473 2362 3527; x_wconf 89' lang='lat' dir='ltr'>S.</span> <span class='ocrx_word' id='word_1_505' title='bbox 2397 3473 2759 3545; x_wconf 85' lang='lat' dir='ltr'>Simpliciani</span> <span class='ocrx_word' id='word_1_506' title='bbox 2783 3477 2924 3530; x_wconf 91' lang='lat' dir='ltr'>tunc</span> <span class='ocrx_word' id='word_1_507' title='bbox 2956 3475 3132 3544; x_wconf 90' lang='lat' dir='ltr'>dicat,</span> <span class='ocrx_word' id='word_1_508' title='bbox 3166 3491 3230 3530; x_wconf 89' lang='lat' dir='ltr'>ac</span> <span class='ocrx_word' id='word_1_509' title='bbox 3256 3475 3638 3547; x_wconf 82' lang='lat' dir='ltr'>jurejurando</span> <span class='ocrx_word' id='word_1_510' title='bbox 3663 3485 3776 3528; x_wconf 81' lang='lat' dir='ltr'>asse-</span> 
     </span>
    </p>
   </div>
   <div class='ocr_carea' id='block_1_42' title="bbox 421 3557 3772 3637">
    <p class='ocr_par' dir='ltr' id='par_1_42' title="bbox 421 3557 3772 3637">
     <span class='ocr_line' id='line_1_42' title="bbox 421 3557 3772 3637; baseline -0.003 -13"><span class='ocrx_word' id='word_1_511' title='bbox 421 3584 556 3625; x_wconf 88' lang='lat' dir='ltr'>nem</span> <span class='ocrx_word' id='word_1_512' title='bbox 589 3566 648 3621; x_wconf 90' lang='lat' dir='ltr'>in</span> <span class='ocrx_word' id='word_1_513' title='bbox 680 3563 940 3620; x_wconf 88' lang='lat' dir='ltr'>medium</span> <span class='ocrx_word' id='word_1_514' title='bbox 973 3563 1274 3619; x_wconf 89' lang='lat' dir='ltr'>deducere.</span> <span class='ocrx_word' id='word_1_515' title='bbox 1306 3563 1456 3618; x_wconf 89' lang='lat' dir='ltr'>Dicit</span> <span class='ocrx_word' id='word_1_516' title='bbox 1486 3562 1641 3618; x_wconf 90' lang='lat' dir='ltr'>enim</span> <span class='ocrx_word' id='word_1_517' title='bbox 1670 3563 1850 3618; x_wconf 88' lang='lat' dir='ltr'>abbas</span> <span class='ocrx_word' id='word_1_518' title='bbox 1866 3580 2068 3619; x_wconf 90' lang='lat' dir='ltr'>mona-</span> <span class='ocrx_word' id='word_1_519' title='bbox 2176 3579 2299 3618; x_wconf 90' lang='lat' dir='ltr'>rere</span> <span class='ocrx_word' id='word_1_520' title='bbox 2332 3561 2378 3618; x_wconf 90' lang='lat' dir='ltr'>si</span> <span class='ocrx_word' id='word_1_521' title='bbox 2410 3561 2706 3630; x_wconf 89' lang='lat' dir='ltr'>volumus,</span> <span class='ocrx_word' id='word_1_522' title='bbox 2741 3564 3064 3637; x_wconf 88' lang='lat' dir='ltr'>promittat,</span> <span class='ocrx_word' id='word_1_523' title='bbox 3099 3581 3163 3621; x_wconf 90' lang='lat' dir='ltr'>se</span> <span class='ocrx_word' id='word_1_524' title='bbox 3195 3582 3310 3621; x_wconf 90' lang='lat' dir='ltr'>non</span> <span class='ocrx_word' id='word_1_525' title='bbox 3341 3563 3675 3627; x_wconf 85' lang='lat' dir='ltr'>voluntarie,</span> <span class='ocrx_word' id='word_1_526' title='bbox 3701 3557 3772 3615; x_wconf 86' lang='lat' dir='ltr'>sed</span> 
     </span>
    </p>
   </div>
   <div class='ocr_carea' id='block_1_43' title="bbox 423 3649 3773 3724">
    <p class='ocr_par' dir='ltr' id='par_1_43' title="bbox 423 3649 3773 3724">
     <span class='ocr_line' id='line_1_43' title="bbox 423 3649 3773 3724; baseline -0.003 -10"><span class='ocrx_word' id='word_1_527' title='bbox 423 3655 668 3714; x_wconf 86' lang='lat' dir='ltr'>sterium</span> <span class='ocrx_word' id='word_1_528' title='bbox 706 3649 1126 3710; x_wconf 86' lang='lat' dir='ltr'>monachorum</span> <span class='ocrx_word' id='word_1_529' title='bbox 1174 3652 1397 3708; x_wconf 90' lang='lat' dir='ltr'>dudum</span> <span class='ocrx_word' id='word_1_530' title='bbox 1451 3652 1633 3708; x_wconf 91' lang='lat' dir='ltr'>fuisse</span> <span class='ocrx_word' id='word_1_531' title='bbox 1680 3651 2065 3707; x_wconf 90' lang='lat' dir='ltr'>constitutum</span> <span class='ocrx_word' id='word_1_532' title='bbox 2175 3669 2276 3723; x_wconf 88' lang='lat' dir='ltr'>per</span> <span class='ocrx_word' id='word_1_533' title='bbox 2327 3655 2549 3706; x_wconf 90' lang='lat' dir='ltr'>metum</span> <span class='ocrx_word' id='word_1_534' title='bbox 2599 3653 2727 3724; x_wconf 89' lang='lat' dir='ltr'>ejus</span> <span class='ocrx_word' id='word_1_535' title='bbox 2781 3651 3124 3709; x_wconf 89' lang='lat' dir='ltr'>electionem</span> <span class='ocrx_word' id='word_1_536' title='bbox 3166 3653 3577 3722; x_wconf 87' lang='lat' dir='ltr'>consensisse;</span> <span class='ocrx_word' id='word_1_537' title='bbox 3623 3651 3773 3707; x_wconf 71' lang='lat' dir='ltr'>dicen!</span> 
     </span>
    </p>
   </div>
   <div class='ocr_carea' id='block_1_44' title="bbox 428 3739 3774 3818">
    <p class='ocr_par' dir='ltr' id='par_1_44' title="bbox 428 3739 3774 3818">
     <span class='ocr_line' id='line_1_44' title="bbox 428 3739 3774 3818; baseline -0.001 -17"><span class='ocrx_word' id='word_1_538' title='bbox 428 3745 582 3818; x_wconf 90' lang='lat' dir='ltr'>apud</span> <span class='ocrx_word' id='word_1_539' title='bbox 597 3741 924 3800; x_wconf 88' lang='lat' dir='ltr'>Protasium</span> <span class='ocrx_word' id='word_1_540' title='bbox 936 3782 948 3795; x_wconf 97' lang='lat'>.</span> <span class='ocrx_word' id='word_1_541' title='bbox 963 3742 1106 3797; x_wconf 86' lang='lat' dir='ltr'>Cum</span> <span class='ocrx_word' id='word_1_542' title='bbox 1122 3745 1315 3796; x_wconf 89' lang='lat' dir='ltr'>autem</span> <span class='ocrx_word' id='word_1_543' title='bbox 1329 3742 1387 3796; x_wconf 91' lang='lat' dir='ltr'>in</span> <span class='ocrx_word' id='word_1_544' title='bbox 1402 3741 1675 3796; x_wconf 89' lang='lat' dir='ltr'>omnibus</span> <span class='ocrx_word' id='word_1_545' title='bbox 1689 3742 2068 3797; x_wconf 79' lang='lat' dir='ltr'>monasterio-</span> <span class='ocrx_word' id='word_1_546' title='bbox 2179 3757 2406 3812; x_wconf 88' lang='lat' dir='ltr'>quoque</span> <span class='ocrx_word' id='word_1_547' title='bbox 2425 3757 2612 3808; x_wconf 88' lang='lat' dir='ltr'>suam,</span> <span class='ocrx_word' id='word_1_548' title='bbox 2629 3744 2687 3796; x_wconf 90' lang='lat' dir='ltr'>et</span> <span class='ocrx_word' id='word_1_549' title='bbox 2709 3739 2930 3799; x_wconf 88' lang='lat' dir='ltr'>nullius</span> <span class='ocrx_word' id='word_1_550' title='bbox 2943 3741 3203 3809; x_wconf 87' lang='lat' dir='ltr'>alterius,</span> <span class='ocrx_word' id='word_1_551' title='bbox 3220 3743 3292 3798; x_wconf 88' lang='lat' dir='ltr'>ab</span> <span class='ocrx_word' id='word_1_552' title='bbox 3313 3742 3558 3816; x_wconf 88' lang='lat' dir='ltr'>antiquo</span> <span class='ocrx_word' id='word_1_553' title='bbox 3570 3747 3774 3812; x_wconf 80' lang='lat' dir='ltr'>tempore</span> 
     </span>
    </p>
   </div>
   <div class='ocr_carea' id='block_1_45' title="bbox 421 3825 3772 3904">
    <p class='ocr_par' dir='ltr' id='par_1_45' title="bbox 421 3825 3772 3904">
     <span class='ocr_line' id='line_1_45' title="bbox 421 3825 3772 3904; baseline -0.003 -14"><span class='ocrx_word' id='word_1_554' title='bbox 421 3831 1351 3898; x_wconf 89' lang='lat' dir='ltr'>rumabundantersuccresceret,</span> <span class='ocrx_word' id='word_1_555' title='bbox 1371 3834 1435 3886; x_wconf 88' lang='lat' dir='ltr'>ut</span> <span class='ocrx_word' id='word_1_556' title='bbox 1449 3829 2065 3902; x_wconf 88' lang='lat' dir='ltr'>copiamonachorum,</span> <span class='ocrx_word' id='word_1_557' title='bbox 2178 3846 2407 3901; x_wconf 88' lang='lat' dir='ltr'>semper</span> <span class='ocrx_word' id='word_1_558' title='bbox 2438 3831 2622 3885; x_wconf 82' lang='lat' dir='ltr'>luisse</span> <span class='ocrx_word' id='word_1_559' title='bbox 2651 3829 2992 3886; x_wconf 89' lang='lat' dir='ltr'>electionem</span> <span class='ocrx_word' id='word_1_560' title='bbox 3024 3830 3464 3904; x_wconf 81' lang='lat' dir='ltr'>capellanorum</span> <span class='ocrx_word' id='word_1_561' title='bbox 3499 3825 3772 3888; x_wconf 67' lang='lat' dir='ltr'>ecclesias.</span> 
     </span>
    </p>
   </div>
   <div class='ocr_carea' id='block_1_46' title="bbox 421 3915 3775 3995">
    <p class='ocr_par' dir='ltr' id='par_1_46' title="bbox 421 3915 3775 3995">
     <span class='ocr_line' id='line_1_46' title="bbox 421 3915 3775 3995; baseline -0.004 -14"><span class='ocrx_word' id='word_1_562' title='bbox 421 3941 555 3981; x_wconf 92' lang='lat' dir='ltr'>cum</span> <span class='ocrx_word' id='word_1_563' title='bbox 587 3921 856 3995; x_wconf 91' lang='lat' dir='ltr'>pluribus</span> <span class='ocrx_word' id='word_1_564' title='bbox 888 3919 1018 3975; x_wconf 91' lang='lat' dir='ltr'>aliis</span> <span class='ocrx_word' id='word_1_565' title='bbox 1051 3920 1484 3975; x_wconf 67' lang='lat' dir='ltr'>adhaerentibus</span> <span class='ocrx_word' id='word_1_566' title='bbox 1509 3920 1578 3974; x_wconf 90' lang='lat' dir='ltr'>ad</span> <span class='ocrx_word' id='word_1_567' title='bbox 1600 3919 1956 3986; x_wconf 88' lang='lat' dir='ltr'>societatem,</span> <span class='ocrx_word' id='word_1_568' title='bbox 1982 3919 2066 3974; x_wconf 86' lang='lat' dir='ltr'>vel</span> <span class='ocrx_word' id='word_1_569' title='bbox 2179 3919 2445 3974; x_wconf 88' lang='lat' dir='ltr'>Protasii.</span> <span class='ocrx_word' id='word_1_570' title='bbox 2472 3921 2837 3991; x_wconf 87' lang='lat' dir='ltr'>Quapropter</span> <span class='ocrx_word' id='word_1_571' title='bbox 2867 3920 3020 3976; x_wconf 87' lang='lat' dir='ltr'>sicut</span> <span class='ocrx_word' id='word_1_572' title='bbox 3041 3921 3181 3989; x_wconf 90' lang='lat' dir='ltr'>jura</span> <span class='ocrx_word' id='word_1_573' title='bbox 3211 3927 3561 3994; x_wconf 88' lang='lat' dir='ltr'>nostrasque</span> <span class='ocrx_word' id='word_1_574' title='bbox 3581 3915 3775 3991; x_wconf 82' lang='lat' dir='ltr'>dignita-</span> 
     </span>
    </p>
   </div>
   <div class='ocr_carea' id='block_1_47' title="bbox 420 4006 3774 4082">
    <p class='ocr_par' dir='ltr' id='par_1_47' title="bbox 420 4006 3774 4082">
     <span class='ocr_line' id='line_1_47' title="bbox 420 4006 3774 4082; baseline -0.004 -12"><span class='ocrx_word' id='word_1_575' title='bbox 420 4012 770 4070; x_wconf 81' lang='lat' dir='ltr'>famulatum</span> <span class='ocrx_word' id='word_1_576' title='bbox 796 4026 1018 4076; x_wconf 89' lang='lat' dir='ltr'>eorum,</span> <span class='ocrx_word' id='word_1_577' title='bbox 1038 4007 1465 4065; x_wconf 89' lang='lat' dir='ltr'>intolerabilem</span> <span class='ocrx_word' id='word_1_578' title='bbox 1499 4009 1672 4063; x_wconf 86' lang='lat' dir='ltr'>ferret</span> <span class='ocrx_word' id='word_1_579' title='bbox 1690 4007 2069 4063; x_wconf 90' lang='lat' dir='ltr'>incommodi-</span> <span class='ocrx_word' id='word_1_580' title='bbox 2176 4013 2263 4062; x_wconf 87' lang='lat' dir='ltr'>tes</span> <span class='ocrx_word' id='word_1_581' title='bbox 2295 4025 2526 4079; x_wconf 88' lang='lat' dir='ltr'>semper</span> <span class='ocrx_word' id='word_1_582' title='bbox 2554 4009 2626 4064; x_wconf 91' lang='lat' dir='ltr'>ob</span> <span class='ocrx_word' id='word_1_583' title='bbox 2660 4008 3172 4082; x_wconf 83' lang='lat' dir='ltr'>impugnatoribus</span> <span class='ocrx_word' id='word_1_584' title='bbox 3204 4011 3491 4066; x_wconf 90' lang='lat' dir='ltr'>debemus</span> <span class='ocrx_word' id='word_1_585' title='bbox 3524 4006 3774 4066; x_wconf 81' lang='lat' dir='ltr'>defendere</span> 
     </span>
    </p>
   </div>
   <div class='ocr_carea' id='block_1_48' title="bbox 419 4094 3774 4172">
    <p class='ocr_par' dir='ltr' id='par_1_48' title="bbox 419 4094 3774 4172">
     <span class='ocr_line' id='line_1_48' title="bbox 419 4094 3774 4172; baseline -0.004 -13"><span class='ocrx_word' id='word_1_586' title='bbox 419 4105 600 4159; x_wconf 84' lang='lat' dir='ltr'>tatem</span> <span class='ocrx_word' id='word_1_587' title='bbox 631 4103 866 4172; x_wconf 88' lang='lat' dir='ltr'>propter</span> <span class='ocrx_word' id='word_1_588' title='bbox 896 4097 1452 4171; x_wconf 83' lang='lat' dir='ltr'>angustiamloci,et</span> <span class='ocrx_word' id='word_1_589' title='bbox 1481 4095 1710 4151; x_wconf 90' lang='lat' dir='ltr'>civilem</span> <span class='ocrx_word' id='word_1_590' title='bbox 1735 4096 2068 4152; x_wconf 86' lang='lat' dir='ltr'>tumulatio-</span> <span class='ocrx_word' id='word_1_591' title='bbox 2176 4096 2458 4168; x_wconf 89' lang='lat' dir='ltr'>legaliter,</span> <span class='ocrx_word' id='word_1_592' title='bbox 2511 4096 2593 4152; x_wconf 89' lang='lat' dir='ltr'>sic</span> <span class='ocrx_word' id='word_1_593' title='bbox 2638 4097 2827 4153; x_wconf 90' lang='lat' dir='ltr'>aliena</span> <span class='ocrx_word' id='word_1_594' title='bbox 2867 4114 2983 4153; x_wconf 90' lang='lat' dir='ltr'>non</span> <span class='ocrx_word' id='word_1_595' title='bbox 3032 4099 3318 4156; x_wconf 91' lang='lat' dir='ltr'>debemus</span> <span class='ocrx_word' id='word_1_596' title='bbox 3363 4116 3502 4155; x_wconf 89' lang='lat' dir='ltr'>cum</span> <span class='ocrx_word' id='word_1_597' title='bbox 3547 4094 3774 4154; x_wconf 84' lang='lat' dir='ltr'>fratribus</span> 
     </span>
    </p>
   </div>
   <div class='ocr_carea' id='block_1_49' title="bbox 420 4184 3774 4258">
    <p class='ocr_par' dir='ltr' id='par_1_49' title="bbox 420 4184 3774 4258">
     <span class='ocr_line' id='line_1_49' title="bbox 420 4184 3774 4258; baseline -0.002 -12"><span class='ocrx_word' id='word_1_598' title='bbox 420 4189 984 4258; x_wconf 88' lang='lat' dir='ltr'>nem,transmutata</span> <span class='ocrx_word' id='word_1_599' title='bbox 1005 4185 1517 4241; x_wconf 84' lang='lat' dir='ltr'>estAbbatiaforas</span> <span class='ocrx_word' id='word_1_600' title='bbox 1532 4185 1602 4239; x_wconf 94' lang='lat' dir='ltr'>ad</span> <span class='ocrx_word' id='word_1_601' title='bbox 1627 4184 2064 4256; x_wconf 89' lang='lat' dir='ltr'>S.Simp1iciani</span> <span class='ocrx_word' id='word_1_602' title='bbox 2185 4185 2571 4255; x_wconf 85' lang='lat' dir='ltr'>....auferet;</span> <span class='ocrx_word' id='word_1_603' title='bbox 2607 4186 2926 4243; x_wconf 90' lang='lat' dir='ltr'>statuimus</span> <span class='ocrx_word' id='word_1_604' title='bbox 2974 4187 3171 4256; x_wconf 91' lang='lat' dir='ltr'>etiam,</span> <span class='ocrx_word' id='word_1_605' title='bbox 3207 4193 3270 4244; x_wconf 89' lang='lat' dir='ltr'>ut</span> <span class='ocrx_word' id='word_1_606' title='bbox 3301 4189 3374 4244; x_wconf 87' lang='lat' dir='ltr'>ab</span> <span class='ocrx_word' id='word_1_607' title='bbox 3421 4188 3532 4244; x_wconf 88' lang='lat' dir='ltr'>hac</span> <span class='ocrx_word' id='word_1_608' title='bbox 3577 4187 3700 4242; x_wconf 82' lang='lat' dir='ltr'>hora</span> <span class='ocrx_word' id='word_1_609' title='bbox 3735 4184 3774 4235; x_wconf 71' lang='lat' dir='ltr'>et</span> 
     </span>
    </p>
   </div>
   <div class='ocr_carea' id='block_1_50' title="bbox 420 4269 3772 4350">
    <p class='ocr_par' dir='ltr' id='par_1_50' title="bbox 420 4269 3772 4350">
     <span class='ocr_line' id='line_1_50' title="bbox 420 4269 3772 4350; baseline -0.003 -14"><span class='ocrx_word' id='word_1_610' title='bbox 420 4277 747 4346; x_wconf 87' lang='lat' dir='ltr'>basilicam,</span> <span class='ocrx_word' id='word_1_611' title='bbox 771 4276 979 4331; x_wconf 78' lang='lat' dir='ltr'>abbate</span> <span class='ocrx_word' id='word_1_612' title='bbox 1010 4273 1147 4330; x_wconf 91' lang='lat' dir='ltr'>olim</span> <span class='ocrx_word' id='word_1_613' title='bbox 1179 4275 1239 4328; x_wconf 91' lang='lat' dir='ltr'>in</span> <span class='ocrx_word' id='word_1_614' title='bbox 1270 4273 1683 4346; x_wconf 87' lang='lat' dir='ltr'>proprietatem</span> <span class='ocrx_word' id='word_1_615' title='bbox 1717 4274 2064 4344; x_wconf 88' lang='lat' dir='ltr'>acquisitam</span> <span class='ocrx_word' id='word_1_616' title='bbox 2175 4274 2448 4347; x_wconf 88' lang='lat' dir='ltr'>deinceps</span> <span class='ocrx_word' id='word_1_617' title='bbox 2480 4275 2660 4331; x_wconf 84' lang='lat' dir='ltr'>abbas</span> <span class='ocrx_word' id='word_1_618' title='bbox 2679 4275 3119 4348; x_wconf 88' lang='lat' dir='ltr'>S.Simp1iciani</span> <span class='ocrx_word' id='word_1_619' title='bbox 3139 4277 3316 4349; x_wconf 85' lang='lat' dir='ltr'>eligat</span> <span class='ocrx_word' id='word_1_620' title='bbox 3334 4277 3664 4350; x_wconf 87' lang='lat' dir='ltr'>Capellanos</span> <span class='ocrx_word' id='word_1_621' title='bbox 3679 4269 3772 4328; x_wconf 83' lang='lat' dir='ltr'>ofﬁ-</span> 
     </span>
    </p>
   </div>
   <div class='ocr_carea' id='block_1_51' title="bbox 421 4361 3769 4442">
    <p class='ocr_par' dir='ltr' id='par_1_51' title="bbox 421 4361 3769 4442">
     <span class='ocr_line' id='line_1_51' title="bbox 421 4361 3769 4442; baseline -0.004 -17"><span class='ocrx_word' id='word_1_622' title='bbox 421 4385 490 4426; x_wconf 83' lang='lat' dir='ltr'>ex</span> <span class='ocrx_word' id='word_1_623' title='bbox 519 4367 749 4422; x_wconf 88' lang='lat' dir='ltr'>decreto</span> <span class='ocrx_word' id='word_1_624' title='bbox 798 4362 1249 4436; x_wconf 76' lang='lat' dir='ltr'>archiprzesulis,</span> <span class='ocrx_word' id='word_1_625' title='bbox 1279 4363 1379 4433; x_wconf 90' lang='lat' dir='ltr'>qui</span> <span class='ocrx_word' id='word_1_626' title='bbox 1430 4365 1552 4418; x_wconf 92' lang='lat' dir='ltr'>erat</span> <span class='ocrx_word' id='word_1_627' title='bbox 1592 4366 1732 4416; x_wconf 90' lang='lat' dir='ltr'>tunc</span> <span class='ocrx_word' id='word_1_628' title='bbox 1763 4361 2060 4434; x_wconf 88' lang='lat' dir='ltr'>lemporis.</span> <span class='ocrx_word' id='word_1_629' title='bbox 2095 4379 2141 4442; x_wconf 82' lang='lat' dir='ltr'><strong>D</strong></span> <span class='ocrx_word' id='word_1_630' title='bbox 2173 4362 2348 4419; x_wconf 88' lang='lat' dir='ltr'>ciales</span> <span class='ocrx_word' id='word_1_631' title='bbox 2381 4365 2438 4419; x_wconf 91' lang='lat' dir='ltr'>S.</span> <span class='ocrx_word' id='word_1_632' title='bbox 2473 4363 2986 4437; x_wconf 79' lang='lat' dir='ltr'>Protasii,quisua3</span> <span class='ocrx_word' id='word_1_633' title='bbox 3007 4366 3532 4439; x_wconf 84' lang='lat' dir='ltr'>potestatisuaeque</span> <span class='ocrx_word' id='word_1_634' title='bbox 3552 4361 3769 4421; x_wconf 89' lang='lat' dir='ltr'>obedien-</span> 
     </span>
    </p>
   </div>
   <div class='ocr_carea' id='block_1_52' title="bbox 421 4443 3771 4530">
    <p class='ocr_par' dir='ltr' id='par_1_52' title="bbox 421 4443 3771 4530">
     <span class='ocr_line' id='line_1_52' title="bbox 421 4443 3771 4530; baseline -0.003 -17"><span class='ocrx_word' id='word_1_635' title='bbox 421 4455 776 4530; x_wconf 89' lang='lat' dir='ltr'>quibusdam</span> <span class='ocrx_word' id='word_1_636' title='bbox 809 4458 1005 4509; x_wconf 83' lang='lat' dir='ltr'>tamen</span> <span class='ocrx_word' id='word_1_637' title='bbox 1036 4451 1252 4508; x_wconf 90' lang='lat' dir='ltr'>ibidem</span> <span class='ocrx_word' id='word_1_638' title='bbox 1285 4452 1722 4508; x_wconf 88' lang='lat' dir='ltr'>remanentibus</span> <span class='ocrx_word' id='word_1_639' title='bbox 1760 4451 2063 4508; x_wconf 86' lang='lat' dir='ltr'>monachis</span> <span class='ocrx_word' id='word_1_640' title='bbox 2171 4453 2264 4508; x_wconf 65' lang='lat' dir='ltr'>tim</span> <span class='ocrx_word' id='word_1_641' title='bbox 2299 4453 2658 4524; x_wconf 87' lang='lat' dir='ltr'>subjaceant,</span> <span class='ocrx_word' id='word_1_642' title='bbox 2676 4469 2781 4509; x_wconf 92' lang='lat' dir='ltr'>nec</span> <span class='ocrx_word' id='word_1_643' title='bbox 2803 4453 2983 4510; x_wconf 90' lang='lat' dir='ltr'>alium</span> <span class='ocrx_word' id='word_1_644' title='bbox 3009 4456 3388 4528; x_wconf 74' lang='lat' dir='ltr'>praepositum</span> <span class='ocrx_word' id='word_1_645' title='bbox 3404 4455 3662 4519; x_wconf 86' lang='lat' dir='ltr'>habeant,</span> <span class='ocrx_word' id='word_1_646' title='bbox 3689 4443 3771 4504; x_wconf 79' lang='lat' dir='ltr'>nisi</span> 
     </span>
    </p>
   </div>
   <div class='ocr_carea' id='block_1_53' title="bbox 2173 4532 3768 4616">
    <p class='ocr_par' dir='ltr' id='par_1_53' title="bbox 2173 4532 3768 4616">
     <span class='ocr_line' id='line_1_53' title="bbox 2173 4532 3768 4616; baseline -0.004 -20"><span class='ocrx_word' id='word_1_647' title='bbox 2173 4543 2369 4614; x_wconf 89' lang='lat' dir='ltr'>ipsum</span> <span class='ocrx_word' id='word_1_648' title='bbox 2418 4542 2709 4612; x_wconf 86' lang='lat' dir='ltr'>abbatem,</span> <span class='ocrx_word' id='word_1_649' title='bbox 2743 4543 2842 4616; x_wconf 91' lang='lat' dir='ltr'>qui</span> <span class='ocrx_word' id='word_1_650' title='bbox 2892 4560 2991 4600; x_wconf 89' lang='lat' dir='ltr'>eos</span> <span class='ocrx_word' id='word_1_651' title='bbox 3038 4547 3218 4616; x_wconf 82' lang='lat' dir='ltr'>regat,</span> <span class='ocrx_word' id='word_1_652' title='bbox 3250 4548 3307 4599; x_wconf 88' lang='lat' dir='ltr'>et</span> <span class='ocrx_word' id='word_1_653' title='bbox 3337 4543 3638 4606; x_wconf 87' lang='lat' dir='ltr'>custodiat,</span> <span class='ocrx_word' id='word_1_654' title='bbox 3666 4532 3768 4594; x_wconf 85' lang='lat' dir='ltr'>etsi</span> 
     </span>
    </p>
   </div>
   <div class='ocr_carea' id='block_1_54' title="bbox 2173 4627 3768 4706">
    <p class='ocr_par' dir='ltr' id='par_1_54' title="bbox 2173 4627 3768 4706">
     <span class='ocr_line' id='line_1_54' title="bbox 2173 4627 3768 4706; baseline 0.001 -22"><span class='ocrx_word' id='word_1_655' title='bbox 2173 4630 2328 4686; x_wconf 87' lang='lat' dir='ltr'>inter</span> <span class='ocrx_word' id='word_1_656' title='bbox 2353 4648 2414 4687; x_wconf 93' lang='lat' dir='ltr'>se</span> <span class='ocrx_word' id='word_1_657' title='bbox 2443 4630 2625 4703; x_wconf 87' lang='lat' dir='ltr'>ipsos,</span> <span class='ocrx_word' id='word_1_658' title='bbox 2657 4630 2746 4688; x_wconf 90' lang='lat' dir='ltr'>vel</span> <span class='ocrx_word' id='word_1_659' title='bbox 2777 4631 2835 4687; x_wconf 89' lang='lat' dir='ltr'>in</span> <span class='ocrx_word' id='word_1_660' title='bbox 2865 4632 3012 4688; x_wconf 91' lang='lat' dir='ltr'>alios</span> <span class='ocrx_word' id='word_1_661' title='bbox 3043 4632 3544 4706; x_wconf 86' lang='lat' dir='ltr'>psccaverint,eos</span> <span class='ocrx_word' id='word_1_662' title='bbox 3572 4631 3626 4686; x_wconf 92' lang='lat' dir='ltr'>in</span> <span class='ocrx_word' id='word_1_663' title='bbox 3645 4627 3768 4696; x_wconf 72' lang='lat' dir='ltr'>virga</span> 
     </span>
    </p>
   </div>
   <div class='ocr_carea' id='block_1_55' title="bbox 2177 4715 3768 4794">
    <p class='ocr_par' dir='ltr' id='par_1_55' title="bbox 2177 4715 3768 4794">
     <span class='ocr_line' id='line_1_55' title="bbox 2177 4715 3768 4794; baseline -0.004 -20"><span class='ocrx_word' id='word_1_664' title='bbox 2177 4719 2544 4775; x_wconf 87' lang='lat' dir='ltr'>rectitudinis</span> <span class='ocrx_word' id='word_1_665' title='bbox 2577 4721 3079 4794; x_wconf 89' lang='lat' dir='ltr'>corrigat,eosque</span> <span class='ocrx_word' id='word_1_666' title='bbox 3107 4723 3178 4777; x_wconf 88' lang='lat' dir='ltr'>ad</span> <span class='ocrx_word' id='word_1_667' title='bbox 3210 4723 3478 4778; x_wconf 89' lang='lat' dir='ltr'>eamdem</span> <span class='ocrx_word' id='word_1_668' title='bbox 3511 4715 3768 4777; x_wconf 69' lang='lat' dir='ltr'>Ecclesium</span> 
     </span>
    </p>
   </div>
   <div class='ocr_carea' id='block_1_56' title="bbox 2173 4807 3770 4883">
    <p class='ocr_par' dir='ltr' id='par_1_56' title="bbox 2173 4807 3770 4883">
     <span class='ocr_line' id='line_1_56' title="bbox 2173 4807 3770 4883; baseline 0 -22"><span class='ocrx_word' id='word_1_669' title='bbox 2173 4807 2362 4864; x_wconf 90' lang='lat' dir='ltr'>vivere</span> <span class='ocrx_word' id='word_1_670' title='bbox 2390 4808 2686 4875; x_wconf 84' lang='lat' dir='ltr'>faciat,vel</span> <span class='ocrx_word' id='word_1_671' title='bbox 2719 4809 3136 4883; x_wconf 87' lang='lat' dir='ltr'>regulariterin</span> <span class='ocrx_word' id='word_1_672' title='bbox 3168 4809 3427 4866; x_wconf 86' lang='lat' dir='ltr'>claustro</span> <span class='ocrx_word' id='word_1_673' title='bbox 3459 4825 3586 4866; x_wconf 93' lang='lat' dir='ltr'>cum</span> <span class='ocrx_word' id='word_1_674' title='bbox 3614 4817 3770 4875; x_wconf 74' lang='lat' dir='ltr'>supra-</span> 
     </span>
    </p>
   </div>
   <div class='ocr_carea' id='block_1_57' title="bbox 2179 4893 3766 4972">
    <p class='ocr_par' dir='ltr' id='par_1_57' title="bbox 2179 4893 3766 4972">
     <span class='ocr_line' id='line_1_57' title="bbox 2179 4893 3766 4972; baseline -0.006 -20"><span class='ocrx_word' id='word_1_675' title='bbox 2179 4897 2351 4952; x_wconf 91' lang='lat' dir='ltr'>dictis</span> <span class='ocrx_word' id='word_1_676' title='bbox 2396 4897 2698 4953; x_wconf 89' lang='lat' dir='ltr'>monachis</span> <span class='ocrx_word' id='word_1_677' title='bbox 2747 4899 2795 4954; x_wconf 90' lang='lat' dir='ltr'>si</span> <span class='ocrx_word' id='word_1_678' title='bbox 2839 4898 3401 4972; x_wconf 58' lang='lat' dir='ltr'>ipsimetcapellani</span> <span class='ocrx_word' id='word_1_679' title='bbox 3451 4899 3593 4955; x_wconf 84' lang='lat' dir='ltr'>hanc</span> <span class='ocrx_word' id='word_1_680' title='bbox 3629 4893 3766 4948; x_wconf 84' lang='lat' dir='ltr'>vitam</span> 
     </span>
    </p>
   </div>
   <div class='ocr_carea' id='block_1_58' title="bbox 2180 4980 3766 5058">
    <p class='ocr_par' dir='ltr' id='par_1_58' title="bbox 2180 4980 3766 5058">
     <span class='ocr_line' id='line_1_58' title="bbox 2180 4980 3766 5058; baseline -0.005 -17"><span class='ocrx_word' id='word_1_681' title='bbox 2180 4986 2371 5058; x_wconf 89' lang='lat' dir='ltr'>magis</span> <span class='ocrx_word' id='word_1_682' title='bbox 2403 4986 2807 5058; x_wconf 88' lang='lat' dir='ltr'>elegerint,vel</span> <span class='ocrx_word' id='word_1_683' title='bbox 2825 4987 3102 5044; x_wconf 89' lang='lat' dir='ltr'>canonice</span> <span class='ocrx_word' id='word_1_684' title='bbox 3135 4988 3194 5044; x_wconf 92' lang='lat' dir='ltr'>in</span> <span class='ocrx_word' id='word_1_685' title='bbox 3225 4987 3496 5044; x_wconf 90' lang='lat' dir='ltr'>domibus</span> <span class='ocrx_word' id='word_1_686' title='bbox 3525 4980 3766 5043; x_wconf 72' lang='lat' dir='ltr'>aliialiee</span> 
     </span>
    </p>
   </div>
   <div class='ocr_carea' id='block_1_59' title="bbox 2179 5071 3764 5134">
    <p class='ocr_par' dir='ltr' id='par_1_59' title="bbox 2179 5071 3764 5134">
     <span class='ocr_line' id='line_1_59' title="bbox 2179 5071 3764 5134; baseline -0.003 -5"><span class='ocrx_word' id='word_1_687' title='bbox 2179 5075 2386 5130; x_wconf 84' lang='lat' dir='ltr'>fratres</span> <span class='ocrx_word' id='word_1_688' title='bbox 2417 5075 2693 5132; x_wconf 88' lang='lat' dir='ltr'>canonice</span> <span class='ocrx_word' id='word_1_689' title='bbox 2725 5077 3081 5134; x_wconf 89' lang='lat' dir='ltr'>sancivimus</span> <span class='ocrx_word' id='word_1_690' title='bbox 3114 5078 3262 5134; x_wconf 90' lang='lat' dir='ltr'>:hoc</span> <span class='ocrx_word' id='word_1_691' title='bbox 3311 5095 3430 5133; x_wconf 92' lang='lat' dir='ltr'>una</span> <span class='ocrx_word' id='word_1_692' title='bbox 3458 5093 3584 5134; x_wconf 91' lang='lat' dir='ltr'>cum</span> <span class='ocrx_word' id='word_1_693' title='bbox 3612 5071 3764 5129; x_wconf 76' lang='lat' dir='ltr'>nostm</span> 
     </span>
    </p>
   </div>
   <div class='ocr_carea' id='block_1_60' title="bbox 2177 5157 3764 5238">
    <p class='ocr_par' dir='ltr' id='par_1_60' title="bbox 2177 5157 3764 5238">
     <span class='ocr_line' id='line_1_60' title="bbox 2177 5157 3764 5238; baseline -0.002 -20"><span class='ocrx_word' id='word_1_694' title='bbox 2177 5163 2328 5218; x_wconf 91' lang='lat' dir='ltr'>clero</span> <span class='ocrx_word' id='word_1_695' title='bbox 2346 5163 2746 5220; x_wconf 86' lang='lat' dir='ltr'>laudavimus:</span> <span class='ocrx_word' id='word_1_696' title='bbox 2765 5165 3083 5238; x_wconf 89' lang='lat' dir='ltr'>idemquea</span> <span class='ocrx_word' id='word_1_697' title='bbox 3096 5165 3264 5223; x_wconf 87' lang='lat' dir='ltr'>nobis</span> <span class='ocrx_word' id='word_1_698' title='bbox 3277 5165 3547 5222; x_wconf 88' lang='lat' dir='ltr'>omnibus</span> <span class='ocrx_word' id='word_1_699' title='bbox 3568 5157 3764 5218; x_wconf 73' lang='lat' dir='ltr'>firmiter</span> 
     </span>
    </p>
   </div>
   <div class='ocr_carea' id='block_1_61' title="bbox 2178 5249 3763 5325">
    <p class='ocr_par' dir='ltr' id='par_1_61' title="bbox 2178 5249 3763 5325">
     <span class='ocr_line' id='line_1_61' title="bbox 2178 5249 3763 5325; baseline -0.003 -19"><span class='ocrx_word' id='word_1_700' title='bbox 2178 5252 2402 5308; x_wconf 88' lang='lat' dir='ltr'>laudari</span> <span class='ocrx_word' id='word_1_701' title='bbox 2432 5251 2735 5322; x_wconf 89' lang='lat' dir='ltr'>volumus;</span> <span class='ocrx_word' id='word_1_702' title='bbox 2771 5258 2835 5309; x_wconf 91' lang='lat' dir='ltr'>ut</span> <span class='ocrx_word' id='word_1_703' title='bbox 2857 5254 3053 5325; x_wconf 90' lang='lat' dir='ltr'>vicini,</span> <span class='ocrx_word' id='word_1_704' title='bbox 3088 5259 3145 5312; x_wconf 90' lang='lat' dir='ltr'>et</span> <span class='ocrx_word' id='word_1_705' title='bbox 3174 5255 3377 5323; x_wconf 89' lang='lat' dir='ltr'>abbas,</span> <span class='ocrx_word' id='word_1_706' title='bbox 3419 5258 3483 5310; x_wconf 89' lang='lat' dir='ltr'>ut</span> <span class='ocrx_word' id='word_1_707' title='bbox 3510 5265 3650 5308; x_wconf 90' lang='lat' dir='ltr'>nunc</span> <span class='ocrx_word' id='word_1_708' title='bbox 3673 5249 3763 5301; x_wconf 77' lang='lat' dir='ltr'>sta-</span> 
     </span>
    </p>
   </div>
   <div class='ocr_carea' id='block_1_62' title="bbox 2177 5339 3762 5418">
    <p class='ocr_par' dir='ltr' id='par_1_62' title="bbox 2177 5339 3762 5418">
     <span class='ocr_line' id='line_1_62' title="bbox 2177 5339 3762 5418; baseline 0.001 -22"><span class='ocrx_word' id='word_1_709' title='bbox 2177 5341 2422 5410; x_wconf 88' lang='lat' dir='ltr'>tuimus,</span> <span class='ocrx_word' id='word_1_710' title='bbox 2455 5341 2869 5400; x_wconf 86' lang='lat' dir='ltr'>inviolabiliter</span> <span class='ocrx_word' id='word_1_711' title='bbox 2897 5348 3156 5418; x_wconf 85' lang='lat' dir='ltr'>teneant,</span> <span class='ocrx_word' id='word_1_712' title='bbox 3169 5347 3228 5401; x_wconf 91' lang='lat' dir='ltr'>et</span> <span class='ocrx_word' id='word_1_713' title='bbox 3259 5343 3404 5401; x_wconf 85' lang='lat' dir='ltr'>dixit</span> <span class='ocrx_word' id='word_1_714' title='bbox 3432 5339 3612 5401; x_wconf 88' lang='lat' dir='ltr'>omnis</span> <span class='ocrx_word' id='word_1_715' title='bbox 3627 5347 3762 5411; x_wconf 78' lang='grc' dir='ltr'>ροριι·</span> 
     </span>
    </p>
   </div>
   <div class='ocr_carea' id='block_1_63' title="bbox 2179 5428 2633 5498">
    <p class='ocr_par' dir='ltr' id='par_1_63' title="bbox 2179 5428 2633 5498">
     <span class='ocr_line' id='line_1_63' title="bbox 2179 5428 2633 5498; baseline 0 -14"><span class='ocrx_word' id='word_1_716' title='bbox 2179 5428 2272 5486; x_wconf 94' lang='lat' dir='ltr'>lus</span> <span class='ocrx_word' id='word_1_717' title='bbox 2308 5447 2319 5484; x_wconf 90' lang='lat'>:</span> <span class='ocrx_word' id='word_1_718' title='bbox 2355 5430 2478 5498; x_wconf 89' lang='lat' dir='ltr'>fiat,</span> <span class='ocrx_word' id='word_1_719' title='bbox 2512 5429 2633 5486; x_wconf 84' lang='lat' dir='ltr'>ﬁat.</span> 
     </span>
    </p>
   </div>
   <div class='ocr_carea' id='block_1_64' title="bbox 421 4538 2065 4602">
    <p class='ocr_par' dir='ltr' id='par_1_64' title="bbox 421 4538 2065 4602">
     <span class='ocr_line' id='line_1_64' title="bbox 421 4538 2065 4602; baseline -0.004 0"><span class='ocrx_word' id='word_1_720' title='bbox 421 4562 556 4602; x_wconf 90' lang='lat' dir='ltr'>cum</span> <span class='ocrx_word' id='word_1_721' title='bbox 579 4543 704 4601; x_wconf 92' lang='lat' dir='ltr'>suis</span> <span class='ocrx_word' id='word_1_722' title='bbox 735 4539 1250 4598; x_wconf 89' lang='lat' dir='ltr'>monasterialibus</span> <span class='ocrx_word' id='word_1_723' title='bbox 1271 4538 1681 4596; x_wconf 87' lang='lat' dir='ltr'>instrumentis</span> <span class='ocrx_word' id='word_1_724' title='bbox 1702 4538 1759 4592; x_wconf 87' lang='lat' dir='ltr'>in</span> <span class='ocrx_word' id='word_1_725' title='bbox 1781 4543 2065 4596; x_wconf 90' lang='lat' dir='ltr'>monaste-</span> 
     </span>
    </p>
   </div>
   <div class='ocr_carea' id='block_1_65' title="bbox 421 4627 2064 4701">
    <p class='ocr_par' dir='ltr' id='par_1_65' title="bbox 421 4627 2064 4701">
     <span class='ocr_line' id='line_1_65' title="bbox 421 4627 2064 4701; baseline -0.005 -10"><span class='ocrx_word' id='word_1_726' title='bbox 421 4635 506 4691; x_wconf 87' lang='lat' dir='ltr'>rio</span> <span class='ocrx_word' id='word_1_727' title='bbox 539 4634 599 4690; x_wconf 89' lang='lat' dir='ltr'>S.</span> <span class='ocrx_word' id='word_1_728' title='bbox 651 4630 917 4689; x_wconf 88' lang='lat' dir='ltr'>Protasii.</span> <span class='ocrx_word' id='word_1_729' title='bbox 952 4628 1354 4701; x_wconf 88' lang='lat' dir='ltr'>Omnibusque</span> <span class='ocrx_word' id='word_1_730' title='bbox 1404 4631 1563 4700; x_wconf 88' lang='lat' dir='ltr'>patet</span> <span class='ocrx_word' id='word_1_731' title='bbox 1607 4628 1678 4682; x_wconf 87' lang='lat' dir='ltr'>ab</span> <span class='ocrx_word' id='word_1_732' title='bbox 1725 4627 1851 4700; x_wconf 91' lang='lat' dir='ltr'>ipso</span> <span class='ocrx_word' id='word_1_733' title='bbox 1884 4627 1976 4683; x_wconf 90' lang='lat' dir='ltr'>die</span> <span class='ocrx_word' id='word_1_734' title='bbox 2005 4629 2064 4682; x_wconf 90' lang='lat' dir='ltr'>in</span> 
     </span>
    </p>
   </div>
   <div class='ocr_carea' id='block_1_66' title="bbox 421 4715 2070 4798">
    <p class='ocr_par' dir='ltr' id='par_1_66' title="bbox 421 4715 2070 4798">
     <span class='ocr_line' id='line_1_66' title="bbox 421 4715 2070 4798; baseline -0.005 -18"><span class='ocrx_word' id='word_1_735' title='bbox 421 4721 697 4798; x_wconf 73' lang='lat' dir='ltr'>praedicta</span> <span class='ocrx_word' id='word_1_736' title='bbox 726 4718 970 4776; x_wconf 88' lang='lat' dir='ltr'>ecclesia</span> <span class='ocrx_word' id='word_1_737' title='bbox 999 4717 1185 4774; x_wconf 85' lang='lat' dir='ltr'>sancti</span> <span class='ocrx_word' id='word_1_738' title='bbox 1217 4716 1458 4772; x_wconf 87' lang='lat' dir='ltr'>Protasii</span> <span class='ocrx_word' id='word_1_739' title='bbox 1491 4715 1809 4772; x_wconf 90' lang='lat' dir='ltr'>monachos</span> <span class='ocrx_word' id='word_1_740' title='bbox 1841 4733 2070 4788; x_wconf 73' lang='lat' dir='ltr'>semper</span> 
     </span>
    </p>
   </div>
   <div class='ocr_carea' id='block_1_67' title="bbox 421 4805 2068 4879">
    <p class='ocr_par' dir='ltr' id='par_1_67' title="bbox 421 4805 2068 4879">
     <span class='ocr_line' id='line_1_67' title="bbox 421 4805 2068 4879; baseline -0.004 -11"><span class='ocrx_word' id='word_1_741' title='bbox 421 4809 730 4877; x_wconf 88' lang='lat' dir='ltr'>mansisse,</span> <span class='ocrx_word' id='word_1_742' title='bbox 765 4825 900 4865; x_wconf 89' lang='lat' dir='ltr'>cum</span> <span class='ocrx_word' id='word_1_743' title='bbox 933 4805 1251 4879; x_wconf 87' lang='lat' dir='ltr'>capellanis</span> <span class='ocrx_word' id='word_1_744' title='bbox 1268 4805 1328 4862; x_wconf 88' lang='lat' dir='ltr'>in</span> <span class='ocrx_word' id='word_1_745' title='bbox 1350 4805 1744 4862; x_wconf 86' lang='lat' dir='ltr'>ecclesiastico</span> <span class='ocrx_word' id='word_1_746' title='bbox 1767 4806 1957 4861; x_wconf 84' lang='lat' dir='ltr'>officio</span> <span class='ocrx_word' id='word_1_747' title='bbox 1973 4807 2068 4862; x_wconf 87' lang='lat' dir='ltr'>ad-</span> 
     </span>
    </p>
   </div>
   <div class='ocr_carea' id='block_1_68' title="bbox 421 4893 2064 4970">
    <p class='ocr_par' dir='ltr' id='par_1_68' title="bbox 421 4893 2064 4970">
     <span class='ocr_line' id='line_1_68' title="bbox 421 4893 2064 4970; baseline -0.005 -13"><span class='ocrx_word' id='word_1_748' title='bbox 421 4898 899 4957; x_wconf 86' lang='lat' dir='ltr'>ministrantibus</span> <span class='ocrx_word' id='word_1_749' title='bbox 911 4896 1124 4970; x_wconf 91' lang='lat' dir='ltr'>populo</span> <span class='ocrx_word' id='word_1_750' title='bbox 1147 4895 1205 4950; x_wconf 90' lang='lat' dir='ltr'>in</span> <span class='ocrx_word' id='word_1_751' title='bbox 1231 4893 1505 4951; x_wconf 88' lang='lat' dir='ltr'>omnibus</span> <span class='ocrx_word' id='word_1_752' title='bbox 1519 4893 1830 4949; x_wconf 88' lang='lat' dir='ltr'>submissis</span> <span class='ocrx_word' id='word_1_753' title='bbox 1848 4895 2064 4962; x_wconf 85' lang='lat' dir='ltr'>abbati,</span> 
     </span>
    </p>
   </div>
   <div class='ocr_carea' id='block_1_69' title="bbox 421 4983 2073 5059">
    <p class='ocr_par' dir='ltr' id='par_1_69' title="bbox 421 4983 2073 5059">
     <span class='ocr_line' id='line_1_69' title="bbox 421 4983 2073 5059; baseline -0.003 -15"><span class='ocrx_word' id='word_1_754' title='bbox 421 4987 652 5059; x_wconf 89' lang='lat' dir='ltr'>sibique</span> <span class='ocrx_word' id='word_1_755' title='bbox 683 4985 992 5041; x_wconf 64' lang='lat' dir='ltr'>submissae</span> <span class='ocrx_word' id='word_1_756' title='bbox 1023 4983 1594 5058; x_wconf 60' lang='lat' dir='ltr'>congregationiﬂis</span> <span class='ocrx_word' id='word_1_757' title='bbox 1617 4987 1811 5038; x_wconf 89' lang='lat' dir='ltr'>autem</span> <span class='ocrx_word' id='word_1_758' title='bbox 1840 4989 2073 5039; x_wconf 88' lang='lat' dir='ltr'>conten-</span> 
     </span>
    </p>
   </div>
   <div class='ocr_carea' id='block_1_70' title="bbox 418 5071 2066 5147">
    <p class='ocr_par' dir='ltr' id='par_1_70' title="bbox 418 5071 2066 5147">
     <span class='ocr_line' id='line_1_70' title="bbox 418 5071 2066 5147; baseline -0.004 -13"><span class='ocrx_word' id='word_1_759' title='bbox 418 5075 680 5134; x_wconf 88' lang='lat' dir='ltr'>tionibus</span> <span class='ocrx_word' id='word_1_760' title='bbox 709 5074 892 5130; x_wconf 89' lang='lat' dir='ltr'>abbas</span> <span class='ocrx_word' id='word_1_761' title='bbox 919 5077 976 5129; x_wconf 91' lang='lat' dir='ltr'>et</span> <span class='ocrx_word' id='word_1_762' title='bbox 1003 5074 1178 5130; x_wconf 88' lang='lat' dir='ltr'>vicini</span> <span class='ocrx_word' id='word_1_763' title='bbox 1209 5078 1329 5130; x_wconf 89' lang='lat' dir='ltr'>tam</span> <span class='ocrx_word' id='word_1_764' title='bbox 1349 5073 1599 5147; x_wconf 83' lang='lat' dir='ltr'>graviter</span> <span class='ocrx_word' id='word_1_765' title='bbox 1641 5071 2066 5141; x_wconf 83' lang='lat' dir='ltr'>dissentientes,</span> 
     </span>
    </p>
   </div>
   <div class='ocr_carea' id='block_1_71' title="bbox 420 5162 2070 5234">
    <p class='ocr_par' dir='ltr' id='par_1_71' title="bbox 420 5162 2070 5234">
     <span class='ocr_line' id='line_1_71' title="bbox 420 5162 2070 5234; baseline -0.002 -13"><span class='ocrx_word' id='word_1_766' title='bbox 420 5169 488 5222; x_wconf 91' lang='lat' dir='ltr'>ut</span> <span class='ocrx_word' id='word_1_767' title='bbox 516 5163 617 5220; x_wconf 92' lang='lat' dir='ltr'>Dei</span> <span class='ocrx_word' id='word_1_768' title='bbox 651 5162 909 5219; x_wconf 87' lang='lat' dir='ltr'>Ecclesia</span> <span class='ocrx_word' id='word_1_769' title='bbox 937 5163 1275 5218; x_wconf 90' lang='lat' dir='ltr'>vacillanter</span> <span class='ocrx_word' id='word_1_770' title='bbox 1305 5162 2070 5234; x_wconf 89' lang='lat' dir='ltr'>inquietaretur,omnisque</span> 
     </span>
    </p>
   </div>
   <div class='ocr_carea' id='block_1_72' title="bbox 422 5249 2070 5324">
    <p class='ocr_par' dir='ltr' id='par_1_72' title="bbox 422 5249 2070 5324">
     <span class='ocr_line' id='line_1_72' title="bbox 422 5249 2070 5324; baseline -0.003 -12"><span class='ocrx_word' id='word_1_771' title='bbox 422 5253 630 5312; x_wconf 86' lang='lat' dir='ltr'>civitas</span> <span class='ocrx_word' id='word_1_772' title='bbox 647 5249 1328 5324; x_wconf 88' lang='lat' dir='ltr'>perturbaretur,emoliti</span> <span class='ocrx_word' id='word_1_773' title='bbox 1354 5252 1589 5307; x_wconf 89' lang='lat' dir='ltr'>tandem</span> <span class='ocrx_word' id='word_1_774' title='bbox 1613 5251 1831 5305; x_wconf 90' lang='lat' dir='ltr'>nostris</span> <span class='ocrx_word' id='word_1_775' title='bbox 1851 5252 2070 5308; x_wconf 88' lang='lat' dir='ltr'>crebris</span> 
     </span>
    </p>
   </div>
   <div class='ocr_carea' id='block_1_73' title="bbox 421 5338 2068 5411">
    <p class='ocr_par' dir='ltr' id='par_1_73' title="bbox 421 5338 2068 5411">
     <span class='ocr_line' id='line_1_73' title="bbox 421 5338 2068 5411; baseline -0.002 -11"><span class='ocrx_word' id='word_1_776' title='bbox 421 5338 924 5401; x_wconf 86' lang='lat' dir='ltr'>admonitionibus</span> <span class='ocrx_word' id='word_1_777' title='bbox 936 5355 1170 5396; x_wconf 89' lang='lat' dir='ltr'>omnem</span> <span class='ocrx_word' id='word_1_778' title='bbox 1185 5355 1422 5396; x_wconf 89' lang='lat' dir='ltr'>causam</span> <span class='ocrx_word' id='word_1_779' title='bbox 1435 5346 1633 5397; x_wconf 89' lang='lat' dir='ltr'>nostro</span> <span class='ocrx_word' id='word_1_780' title='bbox 1649 5339 1947 5411; x_wconf 89' lang='lat' dir='ltr'>nostrique</span> <span class='ocrx_word' id='word_1_781' title='bbox 1961 5340 2068 5396; x_wconf 91' lang='lat' dir='ltr'>cle-</span> 
     </span>
    </p>
   </div>
   <div class='ocr_carea' id='block_1_74' title="bbox 423 5427 2071 5502">
    <p class='ocr_par' dir='ltr' id='par_1_74' title="bbox 423 5427 2071 5502">
     <span class='ocr_line' id='line_1_74' title="bbox 423 5427 2071 5502; baseline -0.002 -12"><span class='ocrx_word' id='word_1_782' title='bbox 423 5431 472 5490; x_wconf 87' lang='lat' dir='ltr'>ri</span> <span class='ocrx_word' id='word_1_783' title='bbox 497 5429 720 5502; x_wconf 89' lang='lat' dir='ltr'>judicio</span> <span class='ocrx_word' id='word_1_784' title='bbox 744 5427 1044 5486; x_wconf 88' lang='lat' dir='ltr'>terminari</span> <span class='ocrx_word' id='word_1_785' title='bbox 1064 5433 1416 5487; x_wconf 85' lang='lat' dir='ltr'>statuerunt.</span> <span class='ocrx_word' id='word_1_786' title='bbox 1435 5432 1796 5501; x_wconf 87' lang='lat' dir='ltr'>Quapropter</span> <span class='ocrx_word' id='word_1_787' title='bbox 1816 5445 1950 5485; x_wconf 87' lang='lat' dir='ltr'>cum</span> <span class='ocrx_word' id='word_1_788' title='bbox 1973 5447 2071 5486; x_wconf 79' lang='lat' dir='ltr'>no-</span> 
     </span>
    </p>
   </div>
  </div>
