3984 6082
507 320 664 397 i667
1488 339 1885 402 ADDENDA.
1931 375 2010 387 —
2052 342 2452 406 RADULPHI
2492 344 2909 409 ARDENTIS.
3750 351 3878 415 {eos

502 470 609 542 pit,
646 472 983 542 permaneat
1012 488 1026 526 :
1059 473 1185 527 tum
1218 474 1282 528 ut
1308 474 1537 529 tantum
1570 473 1824 532 auctoris
1853 475 2086 548 scriptis
2116 475 2203 532 ha:
2234 477 2419 533 nostri
2450 477 2632 533 seculi
2663 482 2832 535 sectae
2882 495 2951 535 ac
2994 479 3376 539 dissentionis
3424 486 3644 556 pestes,
3674 501 3798 558 qua:
3832 484 3877 541 in

501 558 844 632 dies,magis
873 576 941 617 ac
970 560 1162 635 magis
1192 560 1502 634 pullulant,
1536 563 1815 620 radicitus
1845 564 2184 621 evellantur.
2219 565 2454 623 Decrevi
2483 570 2681 622 autem
2713 566 2870 640 apud
2900 584 2994 624 me
3022 567 3131 625 tibi
3158 568 3528 644 antiquitatis
3574 577 3635 630 et
3673 573 3881 647 pietatis

498 647 929 718 amantissimo,
962 648 1096 706 illas
1127 650 1381 723 credere,
1413 655 1478 706 ut
1501 650 1713 708 barum
1745 652 2133 725 patrocinium
2165 654 2474 723 suscipias.
2508 655 2670 722 Quod
2701 655 2751 711 si
2779 657 2988 730 egeris,
3019 675 3149 731 qua;
3181 662 3404 717 restant
3431 659 3593 718 illius
3640 662 3881 720 Ardentis

497 752 676 825 opera
693 736 852 825 brevi
881 736 1149 811 accipies.
1185 738 1384 795 Servet
1411 742 1466 795 te
1497 739 1652 796 Deus
1681 740 1814 815 Opt.
1850 741 1999 798 Max.
2029 743 2308 799 abbatum
2342 745 2544 813 decus,
2573 744 2831 802 ecclesiae
2864 763 2983 803 suae
3012 750 3229 804 sancta:
3258 747 3444 807 multo
3473 752 3740 825 tempore
3758 751 3882 809 inco-

495 823 714 882 lumen.
747 824 906 882 Vale.
940 825 1177 883 Parisiis
1202 827 1383 884 Nonis
1414 827 1553 885 Maii
1585 830 1741 886 1564.

1397 1122 2378 1263 AUCTORIS
2509 1127 3006 1265 νιΤιιΕ

1544 1343 1650 1405 EX
1689 1343 2051 1407 EJUSDEM
2093 1346 2351 1411 LIBRIS
2394 1346 2832 1410 EXCERPTA.

551 1609 836 1690 Radutplius
850 1607 1056 1690 Ardeas,
1079 1610 1323 1690 Pictavus,
1340 1612 1497 1663 viculo
1517 1612 1602 1678 qui
1620 1613 1767 1690 vulgo
1788 1613 2006 1667 Beaulieu
2035 1617 2235 1678 dicitur,
2268 1618 2322 1669 in
2377 1633 2495 1684 agro
2527 1618 2903 1679 Berchoratum,
2951 1632 3069 1685 quor
3080 1635 3163 1671 um
3199 1620 3411 1683 Plinius,
3464 1625 3696 1676 muniuit
3718 1624 3794 1676 lib.
3823 1643 3879 1690 η,

1210 1694 1257 1739 et
1274 1703 1368 1767 per
1393 1702 1541 1767 quam
1574 1689 1817 1742 nobilibus
1845 1698 1998 1755 ortus,
2027 1693 2231 1745 subinde
2252 1708 2284 1745 a
2303 1695 2474 1761 pueris
2500 1695 2638 1746 libris
2654 1708 2852 1761 operam
2897 1684 3050 1748 dedit.
3085 1697 3142 1748 In
3167 1697 3340 1762 quibus
3366 1696 3441 1765 (ut
3467 1703 3577 1751 «at
3809 1684 3876 1753 σέ

485 1763 662 1827 dentis)
681 1763 753 1814 ita
773 1761 999 1829 profecit,
1026 1767 1081 1813 ut
1099 1768 1214 1815 ante
1243 1765 1547 1817 tricesimum
1572 1780 1677 1817 suae
1704 1769 1866 1819 (etatis
1902 1784 2087 1821 annum
2116 1771 2326 1822 doctoris
2355 1771 2569 1836 theologi
2591 1775 2926 1836 assequeretur
2949 1761 3189 1837 gradum.
3208 1773 3327 1826 Fuit
3352 1761 3406 1827 in
3433 1761 3735 1828 docendo'in
3756 1778 3875 1829 scho-

485 1839 547 1918 lis
566 1843 838 1918 promptus.
869 1843 920 1918 et
946 1839 1005 1918 in
1024 1838 1345 1918 declamando
1373 1840 1440 1891 ad
1459 1843 1699 1908 populum
1722 1844 1775 1894 in
1803 1845 2000 1911 templis
2028 1848 2263 1909 (maxime
2290 1848 2344 1898 in
2363 1849 2571 1899 ecclesia
2594 1848 2675 1899 cui
2694 1846 2916 1914 prwﬁiit)
2946 1848 3196 1907 assiduus.
3221 1850 3352 1903 unde
3390 1851 3631 1904 celebrior
3667 1853 3876 1918 fadus,i

488 1914 750 1996 Guillelmo
778 1928 850 1996 iv.
879 1912 1249 1996 Aquitanorum
1266 1917 1404 1976 duce.
1439 1919 1733 1996 incuriam.
1756 1920 1837 1996 tut
1853 1922 1913 1972 de
1940 1936 1991 1972 se
2021 1923 2187 1974 scribit
2217 1924 2269 1973 in
2291 1923 2514 1989 prologo)
2540 1912 2729 1990 raptus,
2767 1912 2858 1975 has
2894 1924 3126 1977 homilias
3151 1926 3283 1979 inter
3307 1941 3451 1980 arma
3779 1912 3875 1980 si.

1001 1991 1355 2079 inconsiliis‘et
1378 1993 1708 2079 concionibus.
1735 1995 1942 2062 Scripsit
1967 2011 2191 2049 sermone
2219 1999 2445 2064 equidem
2473 2000 2611 2051 dulci
2638 2004 2782 2065 atque
2804 1998 3017 2065 facundo
3036 2015 3055 2053 :
3632 1990 3651 1996 ’
3739 1990 3744 1991 7
3948 2044 3949 2079 ι

547 2066 879 2119 Homiliarum
907 2065 968 2116 de
996 2068 1216 2126 tempore
1243 2071 1293 2118 et
1320 2068 1380 2119 de
1402 2069 1583 2120 sanctis
1610 2068 1692 2121 lib.
1726 2085 1780 2121 η.

547 2144 671 2195 Item
689 2142 874 2208 grande
904 2155 1024 2208 opus
1051 2142 1182 2207 quod
1199 2142 1450 2209 Speculum
1481 2145 1697 2198 Ardentis
1716 2146 1957 2212 inscripsit
1985 2146 2055 2212 (1)
2094 2147 2459 2212 quatuordecim
2490 2146 2577 2209 lib,
2633 2148 2939 2200 distinctum.
2981 2147 3199 2200 [labetur
3241 2147 3498 2201 Berchorii
3524 2149 3581 2201 in
3611 2148 3871 2202 bibliothea

480 2219 937 2280 Franciscanorum,
957 2218 1177 2269 nondum
1205 2221 1329 2286 typis
1355 2234 1608 2276 emensum.

689 2294 1333 2434 ﬁgimﬁibngpm.
1363 2382 1536 2435 nempe
1563 2370 1693 2422 Belli
1706 2369 1964 2433 Cede/redi
1982 2369 2041 2419 de
2068 2369 2271 2421 Buitlon
2299 2371 2353 2421 in
2377 2370 2663 2433 Saracenos,
2685 2373 2765 2423 cui
2792 2372 2973 2423 assecla
2999 2372 3137 2423 ducis
3154 2370 3433 2437 Aquitania:
3473 2372 3723 2438 interﬁcit.

539 2445 741 2512 Scripsit
762 2446 995 2512 pleraque
1022 2445 1140 2505 alia,
1172 2448 1228 2495 ut
1256 2445 1357 2509 ipse
1382 2444 1442 2495 de
1459 2458 1511 2495 se
1534 2449 1742 2497 testatur
1778 2446 1831 2497 in
1866 2459 1955 2497 suo
1982 2444 2203 2511 Speculo.
2227 2446 2419 2498 Floruit
2447 2462 2558 2499 vero
2587 2449 2715 2500 circa
2746 2453 2964 2515 tempora
2990 2449 3209 2516 Philippi
3229 2449 3384 2515 primi
3410 2448 3723 2503 Frmeorum
3739 2450 3862 2516 regis,

472 2522 534 2575 ab
560 2536 690 2575 anno
707 2522 907 2575 Domini
927 2520 1057 2572 10w
1072 2534 1222 2586 usque
1250 2520 1317 2571 ad
1338 2520 1488 2571 1100.

544 2650 620 2725 (4)
649 2649 795 2707 Vide
823 2649 1101 2706 Notitiam
1131 2648 1475 2705 litterariam
1504 2648 1565 2704 in
1596 2647 1986 2721 Badulphum,
2020 2665 2218 2721 supra,
2247 2647 2355 2705 col.
2390 2648 2547 2705 1299.

468 2799 3863 2831 Μ

1707 2939 2056 3056 PARS
2150 2942 2627 3053 PRIMA.

992 3223 1294 3282 HOMlLlA
1332 3222 1582 3279 PRIMA.
2139 3222 2193 3287 Α
2222 3223 2484 3276 mortuos
2532 3218 2908 3288 dormientes,
2962 3219 3242 3293 quoniam
3288 3219 3405 3277 Deo
3451 3237 3575 3277 non
3638 3224 3861 3296 pereunt

868 3329 1143 3370 DOMINICA
1182 3329 1364 3368 PRIMA
1398 3327 1710 3367 ADVENTUS.

532 3411 682 3464 Hora
712 3413 791 3462 est
810 3405 933 3476 jam
958 3419 1056 3459 nos
1084 3401 1149 3457 de
1176 3416 1364 3457 somno
1391 3416 1613 3471 surgere
1642 3398 1971 3472 (Romam),
1994 3402 2102 3455 etc.

458 3495 563 3552 His
591 3493 803 3561 verbis,
836 3493 1044 3548 fratres
1075 3489 1706 3557 charissimi,hortatur
1735 3505 1841 3544 nos
1869 3489 2107 3562 Aposto-

454 3583 570 3651 lus,
597 3586 665 3638 ut
692 3583 764 3637 ad
797 3581 1123 3637 secundum
1155 3578 1285 3634 Filii
1337 3578 1438 3633 Dei
1487 3579 1794 3634 adventom
1827 3594 2107 3650 praepare-

453 3688 606 3728 mur.
644 3675 763 3726 Duo
794 3670 1012 3742 quippe
1041 3672 1180 3725 sunt
1211 3669 1341 3740 ejus
1363 3668 1646 3723 adventus
1672 3667 1968 3724 visibiles:
1996 3668 2107 3740 pri-

452 3776 588 3815 mus
616 3758 909 3832 praeteriit,
939 3757 1233 3815 secundus
1263 3761 1543 3812 venturus
1573 3761 1677 3812 est.
1716 3755 1945 3813 Primus
1995 3756 2106 3811 fuit

449 3847 512 3905 in
544 3847 894 3916 humilitate,
927 3847 1222 3903 secundus
1251 3845 1362 3903 erit
1400 3846 1459 3900 in
1509 3846 1834 3917 majestate.
1869 3844 2105 3901 Primus

449 3937 561 3995 fuit
587 3935 875 4005 occultus,
905 3935 1200 3992 secundus
1228 3933 1339 3991 erit
1366 3938 1623 4007 apertus.
1660 3933 1893 3990 Primus
1922 3934 2098 3990 misc-

447 4025 709 4085 ricordize
740 4025 853 4082 fuit
884 4040 898 4080 :
930 4024 1226 4081 secundus
1246 4022 1356 4080 erit
1366 4022 1705 4095 justitiaaln
1733 4023 1921 4096 primo
1942 4023 2100 4079 venit

438 4115 830 4191 judicandus;
863 4114 926 4171 in
941 4113 1198 4170 secundo
1216 4111 1885 4184 venietjudicaturus.ln
1906 4112 2097 4185 primo

443 4204 602 4262 venit
628 4220 834 4261 vocare
862 4207 1195 4278 peccatores
1241 4219 1344 4275 per
1392 4200 1876 4272 misericordiam,
1909 4201 1969 4257 in
2002 4218 2098 4258 se-

444 4293 637 4350 eundo
675 4292 869 4349 veniet
915 4291 1158 4349 reddere
1200 4289 1524 4363 unicuique
1554 4290 1711 4363 quod
1756 4288 1970 4346 meruit
1992 4307 2097 4363 per

433 4381 756 4455 justitiam.
785 4381 871 4439 Ad
902 4379 1060 4438 hunc
1096 4396 1233 4454 ergo
1281 4378 1592 4453 vigilanter
1635 4380 2092 4453 exspectandum

440 4470 779 4529 exhortatur
808 4487 915 4527 nos
942 4468 1257 4543 Apostolus
1285 4469 1396 4526 hoc
1416 4468 1589 4525 modo
1623 4484 1637 4524 :
1671 4468 1865 4525 Primo
1897 4473 2095 4526 monet

440 4578 548 4620 nos
578 4577 817 4634 surgere
841 4578 876 4617 a
895 4558 1396 4618 somno.Secundo
1427 4557 1624 4615 subdit
1651 4575 1888 4614 causam
1913 4575 2093 4631 quare
2119 4595 2169 4660 Β

438 4650 555 4709 cito
585 4651 948 4725 surgendum
977 4647 1272 4706 sit.Tertio
1294 4646 1548 4704 ostendit
1568 4648 1860 4719 quomodo
1882 4648 1954 4703 ab
1977 4648 2088 4704 isto

438 4757 648 4798 somno
678 4737 1223 4813 surgatur.Monens
1252 4753 1388 4810 ergo
1418 4753 1525 4793 nos
1554 4736 2087 4810 surgere,ait:Hora

435 4838 515 4887 est
529 4832 653 4904 jam
679 4844 779 4886 nos
808 4827 874 4886 de
901 4842 1088 4885 somno
1112 4842 1354 4897 surgere.
1391 4826 1455 4881 ln
1485 4842 1624 4898 quo,
1668 4826 1909 4907 fratres,
1949 4842 2086 4881 con-

436 4918 819 4976 siderandum
842 4918 1013 4975 nobis
1042 4920 1132 4975 est
1162 4915 1296 4989 quis
1326 4915 1404 4971 sit
1432 4915 1542 4971 iste
1573 4931 1842 4983 somnus,
1871 4918 1928 4971 et
1958 4932 2085 4988 quae

435 5007 516 5063 sit
544 5006 690 5063 hora
716 5007 1017 5080 surgendi.
1049 5006 1151 5063 Est
1180 5008 1375 5061 autem
1408 5020 1652 5060 somnus
1682 5002 1890 5075 triplex
1921 5021 1935 5060 :
1968 5004 2087 5060 Pri-

434 5110 571 5152 mus
599 5097 691 5151 est
718 5097 961 5163 naturae,
994 5095 1289 5152 secundus
1320 5093 1546 5162 mortis,
1584 5093 1795 5149 tertius
1842 5092 2083 5166 peccati.

433 5182 516 5242 De
545 5182 738 5256 primo
769 5182 912 5239 dicit
941 5187 1111 5257 poeta
1140 5200 1153 5239 :

504 5279 656 5351 Quod
682 5287 829 5337 caret
855 5280 1071 5354 alterna
1099 5283 1305 5354 requie,
1338 5280 1592 5354 durabile
1618 5297 1730 5338 non
1757 5288 1854 5354 est.

998 5350 1185 5422 (Ovid:
1209 5354 1333 5409 Her.
1366 5369 1458 5426 ep.
1490 5353 1543 5422 l,
1574 5369 1722 5410 vers.
1758 5353 1863 5425 89).

500 5451 582 5510 De
611 5451 868 5510 secundo
896 5451 1039 5509 dicit
1065 5451 1378 5525 Apostoius
1428 5468 1442 5507 :
1498 5452 1635 5511 Nolo
1684 5468 1773 5508 vos
1803 5468 2081 5525 ignorare,

424 5540 649 5611 fratres,
682 5540 749 5599 de
773 5541 1188 5611 dormientibus,
1218 5548 1283 5598 ut
1308 5554 1421 5595 non
1446 5542 1848 5599 contristemini
1874 5544 2019 5599 sicut
2035 5550 2086 5599 et

422 5636 614 5693 veteri
668 5630 769 5710 qui
819 5647 970 5709 spem
1013 5646 1127 5690 non
1180 5632 1383 5688 habent
1429 5632 1477 5711 (ζ
1510 5630 1685 5690 Thess.
1718 5633 1820 5704 ιν),
1868 5647 2083 5692 vocans

2214 3324 2456 3382 corpora
2488 3313 2688 3366 nostra
2717 3307 3038 3375 moriendo,
3070 3309 3169 3365 sed
3202 3312 3511 3366 mutantur
3535 3311 3607 3367 in
3649 3311 3856 3381 melius,

2216 3396 2493 3470 quoniam
2525 3402 2811 3470 quantum
2862 3396 3029 3455 facile
3077 3403 3165 3455 est
3214 3397 3391 3455 alicui
3439 3399 3705 3457 excitare
3745 3401 3855 3458 dor-

2214 3488 2516 3555 mientem,
2548 3491 2669 3544 tam
2700 3487 2887 3557 facile,
2920 3487 3038 3544 imo
3069 3487 3298 3545 facilius
3328 3491 3417 3546 est
3459 3489 3584 3546 Deo
3629 3491 3855 3548 excitare

2213 3576 2575 3634 defunctum.
2594 3577 2758 3633 Unde
2789 3577 2913 3651 ipse
2944 3576 3232 3634 Dominus
3256 3578 3369 3634 ait:
3392 3579 3650 3637 Lazarus
3670 3582 3853 3637 amicus

2208 3674 2392 3722 noster
2438 3666 2658 3735 dormit,
2710 3665 2802 3723 sed
2852 3664 2989 3722 vado
3033 3674 3098 3721 ut
3141 3683 3175 3721 a
3211 3683 3400 3723 somno
3445 3670 3690 3727 excitem
3717 3670 3853 3725 illum

2212 3755 2384 3826 (Joon.
2437 3755 2514 3828 χ).
2561 3754 2640 3811 De
2688 3755 2859 3811 tertio
2907 3754 3122 3829 legitur
3153 3773 3165 3810 :
3198 3755 3391 3829 Surge,
3423 3758 3522 3829 qui
3557 3758 3787 3823 domis,
3811 3764 3852 3812 et

2208 3861 2440 3917 exsurge
2489 3862 2521 3900 a
2576 3847 2825 3912 mortuis,
2885 3854 2938 3903 et
2989 3848 3253 3902 excitabit
3291 3854 3341 3903 te
3370 3846 3631 3905 Christus
3661 3850 3849 3924 (Ephes.

2209 3933 2286 4006 v).
2320 3933 2501 3990 Vocat
2530 3934 2885 3991 dormientes
2937 3939 2995 3991 et
3044 3938 3311 3993 mortuos
3367 3936 3468 4009 qui
3515 3935 3588 3994 in
3619 3937 3851 4012 peccatis

2205 4021 2552 4079 mortalibus
2583 4027 2975 4095 perseverant,
3008 4027 3064 4079 et
3103 4024 3529 4093 convenienter,
3592 4025 3851 4100 quoniam

2203 4111 2351 4167 bene
2367 4110 2694 4185 dormitqui
2708 4129 2822 4168 non
2844 4112 3023 4169 sentit
3040 4129 3218 4186 quam
3241 4112 3393 4169 male
3416 4114 3853 4173 dormiat.Sicut

2202 4199 2360 4255 enim
2413 4200 2711 4258 dormiens
2761 4200 2976 4258 clausis
3023 4201 3230 4273 oculis,
3263 4219 3377 4259 non
3422 4208 3595 4261 cavet
3625 4222 3700 4263 ne
3728 4202 3850 4278 quid

2202 4288 2315 4345 sibi
2340 4289 2479 4346 mali
2506 4289 2809 4358 inferatur,
2832 4289 2914 4346 ita
2943 4290 3241 4348 dormiens
3269 4290 3330 4347 in
3360 4291 3850 4366 peccatis,clausis

2201 4376 2387 4435 oculis
2416 4378 2803 4448 rationis,non
2834 4383 2998 4437 cavet
3027 4378 3142 4437 sibi
3171 4397 3206 4436 a
3223 4379 3493 4455 gebenna
3518 4398 3660 4455 qua
3690 4382 3743 4441 ei
3762 4399 3850 4458 pa-

2199 4471 2382 4524 ratur.
2414 4467 2500 4523 Ab
2557 4466 2668 4524 hoc
2719 4485 2855 4543 ergo
2910 4467 3132 4542 peccati
3188 4486 3394 4526 somno
3447 4470 3731 4529 hortatur
3757 4487 3850 4527 nos

2198 4555 2512 4629 Apostolus
2545 4557 3013 4631 surgere,dicens
3046 4559 3225 4629 gHora
3256 4565 3334 4616 est
3354 4560 3481 4632 jam
3508 4577 3617 4618 nos
3643 4561 3850 4619 deson-

2197 4662 2268 4702 no
2300 4662 2540 4719 surgere.
2586 4649 2763 4703 Porro
2810 4646 2958 4704 hora
3000 4651 3108 4717 est,
3162 4647 3281 4704 alia
3323 4650 3699 4722 tempestiva,
3745 4649 3846 4706 alia

2199 4734 2348 4808 sera,
2402 4735 2517 4792 alia
2567 4735 2953 4793 infructuosa.
3000 4741 3159 4794 Hora
3207 4737 3561 4812 tempestiva
3619 4744 3729 4808 est,
3769 4744 3841 4807 ut,

2198 4824 2337 4880 dum
2364 4823 2779 4893 vivimus,dum
2799 4825 3232 4895 valemus,dum
3250 4842 3491 4899 peccare
3510 4844 3843 4901 possumus,

2196 4931 2434 4986 peccare
2463 4931 2779 4972 cessemus.
2812 4914 2977 4972 Unde
3004 4914 3319 4989 Apostolus
3356 4932 3372 4972 :
3427 4915 3728 4989 Operemus
3761 4918 3840 4973 bo.

2194 5003 2710 5075 num,fralres,dum
2740 5010 2949 5076 tempus
2978 5003 3501 5075 habemus(Gal.v1).
3520 5007 3677 5064 ﬂora
3704 5023 3838 5076 sera,

2194 5096 2284 5149 est
2329 5092 2474 5149 hora
2521 5092 2748 5149 mortis.
2781 5092 2946 5149 Unde
2988 5094 3357 5168 Augustinus
3389 5112 3403 5151 :
3438 5095 3547 5166 Age
3573 5099 3837 5168 paeniten-

2190 5184 2327 5238 tiam
2354 5181 2485 5238 dum
2508 5199 2677 5239 sanus
2705 5190 2757 5239 et
2784 5198 3010 5240 securus
3039 5200 3121 5253 es;
3154 5184 3286 5256 quia
3317 5185 3710 5256 paenitentiam
3735 5185 3836 5256 egi-

2188 5273 2281 5340 sti,
2309 5271 2441 5327 dum
2465 5288 2690 5345 peccare
2712 5274 2976 5344 potuisti;
3004 5273 3058 5329 si
3083 5288 3208 5329 vero
3257 5274 3343 5329 vis
3383 5288 3545 5344 agere
3586 5276 3837 5347 penite»

2191 5362 2328 5417 tiam
2355 5378 2478 5417 cum
2516 5362 2640 5433 jam
2665 5377 2887 5434 peccare
2928 5378 3043 5419 non
3081 5370 3253 5435 potes,
3295 5370 3519 5435 peccata
3546 5371 3602 5420 te
3630 5362 3836 5420 dimise-

2190 5458 2341 5520 runt,
2370 5466 2480 5523 non
2511 5457 2569 5506 tu
2608 5451 2727 5507 illa.
2778 5450 2906 5508 Non
2948 5455 3196 5526 negatur
3244 5456 3443 5509 tamen
3490 5450 3589 5509 hic
3638 5453 3834 5509 fratres

2191 5539 2291 5614 qui
2315 5540 2376 5596 in
2393 5540 2509 5597 ﬁne
2526 5556 2723 5596 veram
2742 5540 2931 5614 possit
2949 5540 3229 5615 consequi
3250 5535 3833 5614 misericordiam,qui

2188 5645 2385 5691 veram
2405 5630 2679 5689 habuerit
2691 5630 3098 5692 contritionem
3112 5647 3248 5691 cum
3270 5631 3553 5708 scriptum
3570 5629 3832 5693 situth
