3984 6082
161 286 321 354 1669

832 284 1184 351 HOMILUE
1226 285 1303 349 IN
1347 283 1596 349 EPIST.
1643 284 1744 349 ET
1787 281 2073 350 EVANG.
2120 286 2468 350 DOMINIC.
2504 320 2579 334 --
2606 286 2805 351 PARS
2849 288 2898 352 Ι.

3411 259 3568 357 4670

155 423 409 484 nitentia
438 426 1242 498 quantumcunquesera,non
1259 424 1348 478 est
1377 421 1804 489 infructuosa;»
1837 423 1891 489 Α
1920 420 2019 495 qui
2050 422 2469 478 consuetudine
2498 422 2887 496 cupiditatum
2919 423 3204 496 impediti,
3231 440 3336 481 nec
3383 425 3441 482 in
3475 444 3567 485 se-

155 517 217 571 et
249 531 265 573 :
296 536 325 565 ‹‹
357 528 710 587 quacunque
738 510 883 570 hora
905 514 1173 584 peccator
1199 509 1570 584 ingemuerit,
1600 509 1719 566 vita
1738 508 1815 565 vi-

150 607 250 661 vet
277 602 662 675 (Bacchum)
691 624 720 654 ››
753 601 866 658 Sed
896 599 1176 673 quoniam
1204 599 1300 655 vix
1326 597 1416 654 vel
1446 614 1576 654 raro
1605 598 1663 653 in
1699 599 1813 655 ﬁne

151 693 334 772 ἀξίω·
345 690 633 768 peccatori
644 708 782 747 vera
801 689 1099 747 contritio:
1116 687 1265 745 alius
1277 687 1432 744 enim
1446 687 1530 743 exi
1538 687 1811 761 gentibus

154 782 413 857 peccatis
439 784 624 839 morte
656 777 1190 855 praevenitur,alius
1219 794 1288 834 ex
1334 776 1619 852 gravitate
1642 776 1810 833 inﬁr-

152 870 382 929 mitatis
397 869 619 928 amittit
634 865 1160 935 memoriam,alius
1181 865 1656 940 loquelam,a]ius
1677 865 1811 938 plus

152 960 316 1019 dolet
340 958 688 1034 temporalia
706 957 886 1015 nimis
907 960 1102 1014 amata
1121 955 1451 1029 relinquere
1482 971 1660 1028 quam
1682 971 1812 1028 pec-

152 1053 289 1108 cata
318 1047 708 1115 commisisse,
741 1046 879 1104 hinc
909 1044 1196 1119 contingit
1225 1045 1381 1118 quod
1424 1043 1541 1101 rari
1590 1045 1649 1100 in
1695 1043 1810 1100 ﬁne

149 1156 289 1197 vere
318 1136 780 1213 pmniteantﬁed
813 1134 867 1193 ei
896 1134 947 1193 si
976 1134 1110 1208 quis
1138 1151 1272 1191 vere
1302 1133 1809 1207 poeniteat,trans-

148 1229 417 1287 eundum
448 1231 649 1285 tamen
677 1229 769 1283 est
797 1223 850 1282 ei
877 1240 982 1299 per
1008 1223 1412 1299 purgatorium
1456 1223 1677 1298 ignem,
1708 1222 1810 1296 qui

148 1316 379 1376 excedit
407 1332 644 1375 omnem
673 1331 802 1389 quas
828 1313 924 1370 hic
955 1313 1160 1371 sentiri
1188 1313 1379 1386 possit
1407 1312 1806 1386 asperitatem.

151 1407 312 1465 Hora
337 1422 474 1464 vero
504 1405 871 1463 infructuosa
899 1395 989 1460 est
1026 1402 1304 1477 poenitere
1351 1405 1483 1475 post
1535 1404 1804 1457 mortem.

149 1496 528 1556 Pmnitebunt
557 1494 795 1569 quidem
825 1492 1088 1550 damnati
1107 1491 1424 1559 ininferno,
1444 1490 1679 1548 etvalde
1695 1507 1809 1563 pce-

146 1586 446 1654 nitebunt,
478 1585 583 1644 sed
612 1582 715 1642 illa
744 1582 1087 1657 poenitentia
1115 1598 1231 1638 non
1262 1580 1373 1638 erit
1403 1579 1486 1637 eis
1516 1580 1588 1636 ad
1619 1596 1805 1636 reme-

145 1676 315 1752 dium
341 1672 850 1749 indulgentim,sed
883 1672 955 1729 ad
986 1674 1369 1744 augmentum
1409 1667 1805 1743 pmnasPocni-

143 1769 341 1823 tentes
369 1778 627 1837 namque
657 1760 936 1836 plangent
963 1765 1021 1817 et
1050 1758 1555 1833 dicentnOperari
1579 1759 1719 1814 dum
1743 1756 1806 1813 li-

143 1854 291 1925 cuit,
320 1851 593 1911 voluntas
618 1850 762 1909 mihi
789 1849 1176 1907 defuit.Nunc
1206 1848 1475 1905 voluntas
1503 1846 1801 1917 tribuitur,

144 1944 253 2005 sed
278 1941 526 2000 facultas
547 1938 1501 2012 adimitur.»Itaque,fratres,dum
1522 1936 1676 2005 licet,
1684 1954 1805 2010 poe-

143 2033 467 2109 niteamus,
498 2034 557 2088 et
596 2031 751 2088 bona
798 2045 1126 2103 operemur,
1160 2029 1303 2084 dum
1354 2027 1480 2084 dies
1521 2031 1632 2096 est,
1668 2025 1810 2099 quia

141 2124 295 2180 venit
320 2138 433 2179 no.2:
460 2119 521 2177 in
552 2136 671 2195 qua
697 2135 853 2176 nemo
877 2126 1051 2191 potest
1078 2119 1301 2191 operari
1328 2120 1618 2189 (Joanux).
1645 2118 1809 2174 Tunc

144 2211 310 2270 enim
339 2214 575 2285 tempus
595 2208 706 2266 erit
734 2224 852 2264 non
884 2207 1135 2277 serendi,
1170 2208 1271 2263 sed
1296 2206 1575 2263 metendi.

223 2298 500 2374 Sequitur
528 2314 667 2372 pars
694 2295 1041 2362 secunda,in
1072 2312 1190 2369 qua
1220 2295 1474 2353 ostendit
1496 2293 1811 2368 Apostolus

148 2406 394 2448 causam
425 2403 605 2462 quare
636 2404 672 2444 a
699 2403 908 2444 somno
937 2385 1157 2459 peccati
1190 2384 1303 2442 cito
1333 2401 1571 2459 surgere
1602 2385 1811 2441 debea-

156 2497 316 2549 mus,
350 2478 552 2536 dicens
584 2494 599 2533 :
633 2479 793 2534 Nunc
829 2477 978 2533 enim
1022 2477 1250 2548 propior
1293 2483 1372 2532 est
1409 2482 1596 2532 nostra
1640 2474 1812 2540 salus,

162 2586 331 2643 quam
358 2584 484 2625 cum
510 2565 860 2633 credidimus,
892 2564 951 2620 id
999 2568 1088 2621 est
1135 2581 1313 2638 quam
1363 2581 1497 2621 cum
1536 2564 1607 2621 ad
1642 2563 1815 2619 ﬁdem

165 2656 356 2716 vocati
387 2656 630 2713 fuimus.
664 2657 739 2712 Ac
770 2653 821 2712 si
846 2652 1002 2710 dicat
1034 2670 1048 2710 :
1083 2652 1229 2721 Cito,
1261 2653 1489 2723 fratres,
1531 2670 1566 2708 a
1611 2667 1817 2708 somno

175 2745 398 2821 peccati
429 2759 665 2817 surgere
694 2744 998 2810 debemus,
1031 2741 1308 2815 quoniam
1335 2743 1462 2813 jam
1482 2741 1663 2798 instat
1681 2744 1822 2797 tem-

176 2853 291 2910 pus
319 2834 529 2893 salutis
559 2837 794 2890 nostrae.
825 2832 1083 2905 Tempus
1112 2836 1329 2899 autem,
1363 2832 1590 2900 fratres,
1610 2834 1820 2886 nostrae

1921 513 2155 565 nectute
2186 509 2980 584 corriguntur.Pro'eparemur
3009 511 3209 584 igitur,
3242 514 3470 589 fratres,
3494 517 3568 573 ad

1921 603 2512 673 mortem,antequam
2541 600 2738 657 veniat
2766 606 2822 658 et
2847 602 3153 660 vincamus
3186 603 3569 678 cupiditatem

1921 692 2238 761 antequam
2272 689 2329 744 in
2371 690 2856 747 consuetudinem
2898 692 3188 750 durescat.
3221 676 3613 769 Vigilemus,"

1919 777 2197 848 quoniam
2238 779 2536 836 nescimus
2584 780 2728 837 diem
2756 797 2927 853 neque
2954 780 3148 839 horam
3176 782 3382 855 (Matth.
3412 787 3566 855 xxv),

1919 867 2199 940 quoniam
2228 868 2342 924 dies
2369 869 2590 924 Domini
2637 871 2781 926 sicut
2823 872 2922 943 fur
2969 871 3031 926 in
3076 879 3228 929 nocte
3268 874 3348 929 ita
3391 875 3571 932 veniet

1920 956 1967 1029 (Ι
1996 957 2254 1029 Thess.v).
2286 956 2474 1014 Aliam
2506 974 2747 1014 causam
2779 975 2962 1032 quare
2994 976 3232 1035 surgere
3263 961 3568 1033 debemus,

1918 1043 2120 1101 subdit
2147 1046 2482 1119 Apostolus,
2501 1047 2701 1105 dicens
2735 1065 2748 1105 :
2781 1049 2903 1105 Nox
2926 1052 3226 1122 praecessit,
3255 1050 3369 1108 dies
3390 1059 3572 1110 autem

1916 1137 2392 1208 appropinquavit.
2424 1137 2609 1193 Vocat
2653 1141 2872 1209 autem,
2904 1138 3136 1210 fratres,
3173 1139 3270 1197 hic
3315 1145 3569 1212 noctem,

1916 1223 2187 1281 tenebras
2215 1223 2581 1299 ignorantiae,
2611 1226 2698 1282 vel
2730 1227 2972 1300 peccati,
2998 1244 3126 1301 quae
3148 1235 3574 1303 praecesserunt

1916 1312 2233 1369 adventum
2279 1314 2520 1384 Christi;
2573 1314 2729 1373 diem
2776 1333 2932 1389 vero,
2981 1321 3218 1391 tempus
3256 1320 3478 1393 gratim,
3508 1318 3570 1378 in

1915 1417 2031 1473 quo
2062 1402 2278 1475 nuptiae
2309 1402 2526 1460 Christi
2556 1407 2613 1460 et
2641 1403 2911 1462 Ecclesia
2947 1404 3243 1480 incipiunt
3269 1406 3569 1467 celebrari.

1918 1491 1988 1548 Ut
2015 1508 2175 1565 ergo,
2206 1492 2434 1561 fratres,
2468 1494 2715 1566 tempori
2745 1494 2947 1569 gratia:
2973 1498 3031 1552 et
3060 1495 3402 1570 nuptiarum
3433 1514 3571 1556 con-

1914 1581 2117 1638 cordes
2146 1585 2203 1638 et
2232 1582 2565 1640 concolores
2594 1582 2804 1654 simus,
2838 1602 2873 1642 a
2912 1585 3168 1643 tenebris
3196 1591 3572 1661 peccatorum

1913 1687 2250 1741 surgamus.
2286 1671 2449 1728 Unde
2475 1676 2533 1728 et
2562 1673 2767 1730 subdit
2796 1689 2811 1730 :

1983 1759 2321 1833 Abjiciamus
2378 1778 2503 1833 ergo
2552 1778 2716 1835 opera
2772 1764 3138 1821 tenebrarum.
3198 1764 3299 1822 Est
3351 1768 3569 1837 autem,

1916 1849 2141 1918 fratres,
2175 1849 2295 1905 haec
2327 1867 2463 1922 pars
2493 1851 2688 1918 tertia,
2736 1851 2797 1908 in
2828 1869 2946 1926 qua
2976 1854 3234 1912 ostendit
3258 1854 3572 1929 Apostolus

1916 1939 2208 2010 quomodo
2238 1955 2273 1994 a
2304 1955 2510 1996 somno
2536 1944 2910 2012 peccatorum
2941 1942 3022 1999 sit
3051 1944 3436 2017 surgendum.
3455 1944 3573 2002 Hoc

1917 2030 2114 2083 autem
2166 2027 2232 2081 fit
2278 2043 2383 2100 per
2434 2028 2860 2102 paenitentiam,
2892 2029 3240 2089 declinando
3288 2030 3512 2090 scilicet
3540 2051 3575 2091 a

1919 2114 2158 2182 malo,et
2186 2116 2454 2173 faciendo
2477 2117 3004 2193 bonum,fugiendo
3032 2119 3174 2177 vitia
3201 2124 3257 2178 et
3277 2123 3574 2196 sequendo

1919 2205 2181 2262 virtutes.
2245 2206 2465 2279 Itaque,
2530 2206 2761 2277 fratres,
2833 2209 3159 2266 secundum
3216 2215 3572 2286 prmeeptum

1921 2294 2196 2367 Apostoli,
2229 2297 2555 2368 abjiciamus
2596 2313 2760 2369 opera
2788 2297 3155 2367 tenebrarum,
3195 2307 3249 2357 et
3275 2300 3578 2359 induamur

1921 2402 2079 2441 arma
2107 2385 2266 2440 lucis.
2297 2384 2584 2441 Dicuntur
2610 2390 2807 2442 autem
2838 2391 3076 2459 peccata
3102 2405 3280 2463 opera
3305 2391 3577 2450 tenebra-

1923 2491 2055 2530 rum
2088 2473 2303 2547 triplici
2334 2474 2557 2531 ratione
2590 2491 2604 2530 :
2637 2478 2766 2532 tum
2798 2475 2939 2548 quia
2976 2476 3077 2550 qui
3108 2477 3261 2535 male
3290 2479 3430 2554 agit,
3453 2480 3578 2540 odit

1924 2563 2114 2620 lucem
2144 2563 2506 2619 naturaliter.
2536 2564 2699 2621 Unde
2726 2570 2784 2621 et
2810 2564 3038 2639 primus
3066 2565 3264 2636 homo,
3296 2573 3430 2643 post
3448 2586 3580 2645 pec-

1927 2657 2145 2719 eatum,
2161 2669 2222 2708 se
2252 2652 2362 2708 sub
2384 2651 2495 2708 ﬁcu
2520 2653 2854 2724 abscondit;
2885 2658 3014 2710 tum
3040 2656 3315 2729 quoniam
3338 2663 3578 2732 peccata

1928 2747 2185 2797 mentem
2216 2745 2502 2798 excaecant
2529 2740 2960 2814 interius,unde
2991 2744 3315 2804 Dominus:
3341 2748 3449 2817 Qui
3463 2766 3578 2807 am-

1933 2832 2083 2887 bulat
2128 2833 2187 2885 in
2218 2830 2473 2896 tenebris,
2511 2833 2685 2887 nescit
2728 2848 2833 2904 quo
2876 2832 3039 2890 vadat
3069 2835 3246 2907 (Joan.
3278 2840 3416 2907 xu);
3446 2842 3576 2896 tum

177 2923 386 2982 salutis
432 2927 544 2993 est,
573 2920 662 2980 vel
692 2921 818 2979 dies
849 2921 1055 2978 mortis
1084 2920 1572 2993 uniuscujusque,
1606 2920 1665 2975 in
1707 2935 1824 2991 qua
1932 2918 2212 2991 quoniam
2236 2919 2308 2975 ad
2335 2919 2649 2976 exteriores
2680 2919 2969 2991 tenebras,
3004 2921 3061 2977 id
3109 2926 3199 2980 est
3235 2924 3574 2998 infernales,

174 3014 373 3072 anima
400 3011 670 3069 induitur
681 3009 832 3067 stola
850 3009 1419 3084 incorruptionis,vel
1448 3010 1573 3066 dies
1588 3007 1820 3081 judicii,

171 3103 234 3160 in
264 3120 382 3178 qua
409 3117 625 3175 corpus
653 3115 787 3156 cum
818 3098 1017 3156 anima
1045 3097 1195 3155 stola
1223 3097 1504 3172 gaudebit
1530 3098 1824 3154 immorta-

1932 3007 2301 3081 pertrahunt.
2334 3007 2691 3078 Econtrario,
2707 3008 2862 3065 bona
2888 3009 3169 3068 dicuntur
3196 3029 3363 3071 arma
3380 3012 3530 3092 lucis
3561 3034 3578 3088 ;

1931 3099 2129 3166 Arma,
2179 3096 2319 3169 quia
2361 3113 2465 3169 per
2510 3113 2578 3153 ea
2628 3096 2927 3156 diabolum
2956 3097 3295 3172 repellimus
3323 3105 3381 3159 et
3408 3119 3585 3177 expu-

169 3167 676 3249 litatis.Haec-verc
706 3187 831 3245 dies
851 3187 978 3260 jam
1010 3204 1190 3261 prope
1226 3167 1344 3256 est,
1377 3186 1655 3260 quoniam
1686 3188 1742 3241 et
1770 3184 1821 3243 si
1850 3167 1894 3237 (ἶ
1932 3167 2213 3260 εηειωυεξ
2259 3167 2409 3241 lucis
2456 3189 2583 3241 tum
2627 3187 2907 3258 quoniam
2949 3167 3097 3245 bene
3141 3204 3411 3262 operans,
3461 3167 3580 3250 non

170 3279 296 3339 dies
316 3279 527 3354 judicii
558 3277 912 3353 quibusdam
923 3277 1154 3334 videtur
1173 3276 1670 3344 remotior,tamen
1688 3276 1814 3332 uni-

169 3370 381 3444 cuique
411 3368 535 3427 dies
580 3366 789 3426 mortis
836 3383 955 3423 sua:
1002 3365 1185 3423 instat
1211 3364 1613 3439 propinquior.
1644 3367 1714 3422 Et
1750 3367 1810 3424 in

170 3446 287 3534 quo
316 3462 533 3534 puncto
559 3457 693 3533 quis
721 3456 900 3514 exibit
927 3456 999 3512 de
1029 3454 1328 3525 saeculo,in
1348 3472 1414 3512 eo
1435 3459 1524 3512 est
1537 3455 1810 3527 judican-

167 3549 280 3607 dus
310 3565 346 3605 a
372 3547 640 3605 Domino.
672 3546 836 3604 Unde
865 3544 1140 3602 Salomon
1183 3562 1196 3602 :
1235 3546 1562 3617 Ubicumque
1599 3545 1814 3615 lignum

164 3637 440 3706 ceciderit,
472 3637 588 3694 sive
615 3635 686 3693 ad
712 3643 982 3703 austrum,
1009 3636 1124 3691 sive
1150 3634 1222 3690 ad
1250 3635 1560 3706 aquilonem
1590 3636 1674 3690 ibi
1708 3636 1815 3690 erit

166 3727 331 3797 (Eccl.
362 3726 460 3798 ιι).
508 3726 832 3799 Surgamus
879 3723 1060 3796 igitur
1107 3724 1334 3792 fratres,
1385 3740 1698 3797 surgamus
1743 3724 1815 3779 de

164 3816 302 3874 faece
333 3818 705 3889 peccatorum
727 3816 1082 3880 nostrorum,
1119 3813 1261 3868 dum
1293 3829 1631 3886 possumus,
1665 3830 1814 3886 quo-

166 3906 325 3962 niam
347 3905 475 3977 jam
517 3903 704 3961 aderit
747 3906 981 3975 tempus
1028 3901 1088 3956 in
1139 3918 1254 3975 quo
1304 3918 1419 3958 non
1467 3902 1809 3974 poterimus.

164 3994 345 4053 Nemo
375 3993 633 4052 confidat
683 3992 755 4049 de
792 3992 1101 4064 juventute
1149 4007 1278 4061 sua,
1328 3991 1608 4064 quoniam
1644 3992 1816 4063 juxta

164 4083 542 4158 Evangelium
574 4081 863 4156 quosdam
892 4080 1047 4138 Deus
1075 4084 1242 4138 vocat
1270 4079 1331 4136 in
1360 4080 1553 4154 prima
1591 4079 1812 4154 vigilia,

162 4172 224 4230 id
277 4177 369 4231 est
421 4173 481 4229 in
540 4170 810 4246 pueritia,
866 4169 1012 4227 alios
1072 4169 1133 4226 in
1189 4170 1449 4227 secunda
1501 4168 1716 4243 vigilia,
1753 4168 1813 4224 id

161 4265 255 4319 est
282 4262 342 4318 in
364 4262 694 4335 juventute,
746 4258 891 4317 alios
937 4258 997 4316 in
1043 4259 1217 4316 tertia
1260 4259 1482 4334 vigilia,
1511 4258 1571 4315 id
1620 4261 1710 4315 est
1755 4257 1815 4314 in

158 4350 312 4408 virili
344 4354 530 4419 etate,
562 4349 710 4408 alios
750 4348 813 4406 in
861 4352 1091 4422 quarta,
1141 4348 1201 4405 id
1249 4352 1337 4406 est
1384 4348 1445 4405 in
1491 4355 1821 4409 senectute.

159 4440 343 4498 Nemo
372 4439 530 4498 dicat
544 4443 744 4496 :«Cum
766 4454 943 4496 senex
969 4437 1561 4511 fuerc,poenitentiam
1581 4457 1813 4515 agam.»

1920 3276 2097 3332 habet
2126 3291 2363 3331 necesse
2394 3290 2523 3331 sese
2553 3276 2885 3332 recondere.
2919 3276 3050 3345 Qui,
3082 3280 3140 3333 et
3178 3278 3228 3336 si
3277 3279 3350 3337 ob
3381 3280 3580 3339 humi-

1919 3365 2144 3423 litatem
2178 3364 2529 3437 quandoque
2560 3356 2622 3420 se
2653 3366 3007 3435 recondat,si
3037 3366 3097 3423 in
3127 3384 3303 3442 opera
3332 3371 3584 3445 reperia.

1921 3460 2037 3525 tur,
2070 3471 2187 3510 non
2214 3453 2390 3509 habet
2420 3454 2574 3510 unde
2604 3455 3062 3522 erubescat,tum
3093 3457 3372 3531 quoniam
3412 3477 3578 3518 men-

1920 3549 2038 3601 tem
2068 3543 2515 3613 illuminat,tum
2546 3543 2826 3616 quoniam
2857 3545 2929 3601 ad
2976 3544 3169 3604 lucem
3201 3564 3317 3604 non
3348 3549 3577 3609 ducunt

1921 3634 2360 3706 sempiternam.
2391 3631 2495 3688 llis
2526 3632 2744 3706 itaque,
2779 3633 3009 3705 fratres,
3055 3635 3237 3694 armis
3284 3636 3436 3696 lucis
3483 3640 3576 3696 in-

1922 3724 2194 3789 duamur,
2226 3726 2280 3777 et
2309 3724 2450 3778 sicut
2499 3724 2560 3778 in
2600 3722 2689 3779 die
2735 3723 2954 3782 honeste
2995 3726 3355 3799 ambulemus,
3402 3732 3469 3784 ut
3513 3729 3575 3786 in

1922 3812 2144 3887 nuptiis
2175 3811 2555 3878 Christi,cum
2579 3812 2827 3885 nuptiali
2849 3818 3006 3871 veste
3033 3831 3140 3871 nos
3170 3815 3573 3877 exhibeamus.

1923 3908 2056 3971 Quae
2084 3918 2218 3957 vero
2250 3899 2368 3956 sint
2397 3917 2574 3974 opera
2601 3902 3307 3972 tenebrarum,enumerat
3330 3906 3576 3979 Aposto-

1920 3991 2016 4048 lus
2046 3992 2251 4047 dicens
2284 4007 2297 4044 :
2330 3990 2447 4046 Non
2472 3991 2532 4045 in
2560 3992 3095 4049 commessationibus
3122 4000 3175 4049 et
3199 3992 3571 4065 ebrietatibus,

1920 4098 2033 4138 non
2062 4082 2118 4136 in
2148 4078 2421 4135 cubilibus
2449 4086 2501 4135 et
2541 4079 2922 4151 impudicitiis,
2970 4097 3083 4137 non
3128 4082 3186 4138 in
3234 4087 3574 4144 contentione

1921 4182 1973 4230 et
2016 4171 2387 4230 mulatione.
2418 4170 2520 4226 Est
2565 4173 2762 4227 autem
2816 4170 3227 4229 commessatio
3274 4175 3574 4246 superﬂua

1922 4263 2198 4334 frequens
2244 4263 2299 4315 et
2356 4257 2656 4315 luxuriosa
2713 4257 2990 4332 epulatio,
3026 4276 3132 4317 nec
3177 4260 3239 4318 in
3267 4278 3566 4335 mensura,

1924 4369 2029 4409 nec
2059 4351 2119 4406 in
2144 4354 2424 4422 tempore,
2456 4364 2560 4404 nec
2608 4347 2669 4404 in
2718 4349 2891 4406 modo
2938 4350 3180 4407 modum
3231 4350 3567 4411 observans.

1927 4443 2054 4498 llaec
2081 4439 2193 4495 fuit
2221 4454 2399 4495 causa
2422 4437 2741 4495 Sodomitis
2782 4441 2851 4496 ut
2885 4438 3156 4496 cederent
3182 4439 3244 4495 in
3272 4438 3566 4499 luxuriam

158 4528 307 4587 Nam
337 4529 471 4604 quis
500 4527 661 4586 dedit
686 4527 794 4585 tibi
823 4530 1055 4584 tantum
1086 4527 1343 4601 spatium
1372 4529 1537 4586 vitae?
1559 4530 1629 4586 Et
1658 4547 1802 4604 quo-
1831 4543 1879 4608 Β
1910 4527 2385 4592 abominationis.
2406 4527 2536 4583 Haec
2559 4526 2693 4583 fecit
2715 4526 3009 4584 Israelitas
3030 4544 3249 4586 manna
3279 4528 3567 4601 fastidire,

155 4618 300 4676 tidie
329 4618 494 4694 pueri
524 4618 860 4676 moriuntur
891 4634 905 4673 :
938 4621 996 4674 et
1042 4616 1092 4673 si
1139 4620 1203 4672 tu
1250 4617 1442 4676 vivere
1471 4636 1587 4675 non
1616 4625 1800 4693 potes,

158 4704 281 4763 haec
313 4711 401 4764 est
430 4711 704 4765 senectus
718 4706 1176 4779 tua.Heu,quam
1195 4705 1415 4764 multos
1431 4707 1626 4764 subita
1644 4725 1803 4766 mors

158 4795 454 4868 prevenit.
482 4797 553 4853 Et
582 4795 870 4869 reperitur
913 4796 974 4852 in
1021 4795 1169 4852 lecto
1207 4795 1459 4869 gelidus,
1492 4797 1592 4870 qui
1630 4797 1803 4855 modo

156 4901 339 4943 sanus
387 4890 530 4944 erat.
582 4887 716 4944 Ideo
759 4885 941 4954 enim,
989 4885 1218 4955 fratres,
1270 4885 1426 4942 Deus
1459 4904 1567 4943 nos
1596 4886 1803 4944 mortis

154 4978 367 5032 nostra:
396 4975 715 5033 terminum
746 4976 1015 5050 ignorare
1043 4974 1248 5043 voluit,
1280 4979 1347 5032 ut
1376 4992 1609 5050 semper
1638 4977 1802 5034 time-

152 5079 377 5133 remus,
409 5080 642 5139 semper
669 5068 917 5122 mortem
942 5067 1400 5138 expectaremus,
1451 5068 1509 5120 et
1554 5066 1627 5122 ad
1674 5083 1803 5124 eam

152 5151 596 5226 suscipiendam
634 5170 1113 5228 praepararemur.
1164 5151 1576 5210 Convertimini
1624 5153 1804 5227 igitur

150 5241 381 5313 fratres,
412 5242 834 5314 convertimini,
867 5243 1010 5300 dum
1039 5241 1194 5301 licet.
1222 5243 1369 5300 Nam
1401 5242 1803 5303 differentibus

151 5331 276 5391 haec
305 5331 832 5408 contingunt,quod
850 5337 950 5391 aut
971 5350 1007 5389 a
1027 5337 1216 5392 morte
1242 5332 1804 5407 praeveniuntur,aut

151 5410 186 5482 ά
215 5419 535 5496 cupiditate
577 5422 1002 5497 impediuntur.
1049 5422 1091 5479 A
1142 5425 1330 5479 morte
1368 5422 1804 5496 praeveniantur

151 5510 280 5588 qui,
314 5515 630 5587 antequam
658 5515 955 5587 putarent,
1008 5511 1133 5570 sine
1180 5514 1529 5569 testamento
1575 5516 1633 5568 et
1676 5514 1803 5571 sine

148 5598 558 5665 emendatione
584 5601 947 5677 moriuntur;
981 5618 1016 5662 a
1033 5600 1351 5681 cupiditate
1377 5599 1798 5680 impediuntur,

1911 4628 1968 4681 et
1996 4619 2149 4678 malo
2181 4635 2287 4675 suo
2319 4633 2523 4674 carnes
2554 4615 2869 4689 postulare.
2902 4616 3067 4673 Unde
3096 4617 3381 4691 scriptum
3421 4623 3513 4675 est
3545 4635 3561 4677 :

1909 4711 2094 4767 Adhuc
2122 4724 2263 4766 esca
2289 4723 2478 4763 eorum
2503 4714 2663 4762 erant
2710 4706 2769 4762 in
2798 4723 2892 4763 ore
2920 4707 3184 4779 ipsorum,
3206 4715 3285 4773 ~et
3328 4709 3418 4764 ira
3465 4710 3570 4766 Dei

1909 4798 2182 4858 descendit
2207 4813 2372 4868 super
2401 4812 2488 4853 eos
2519 4795 2695 4865 (Psat.
2733 4799 2961 4865 Lxxvn).
2997 4794 3260 4852 Ebrietas
3286 4800 3377 4853 est
3406 4813 3567 4855 men-

1915 4889 1994 4946 tis
2025 4885 2318 4954 alienatio,
2352 4902 2421 4941 ex
2451 4888 2590 4957 potu
2620 4884 3006 4959 intemperato
3036 4884 3403 4959 proveniens.
3435 4886 3566 4945 Haec

1913 4977 2107 5035 virilia
2150 4976 2270 5032 Noe
2298 4974 2541 5030 nudavit
2571 4974 2722 5047 (Gen.
2756 4976 2854 5047 ix),
2885 4973 3008 5031 haec
3038 4975 3147 5031 Lot
3190 4972 3423 5034 filiabus
3454 4976 3566 5034 mi-

1912 5067 2063 5125 scuit
2113 5065 2265 5139 (Gen.
2314 5067 2452 5134 xxx).
2486 5063 2617 5119 Haec
2666 5062 2966 5121 hominem
3017 5081 3054 5121 a
3098 5080 3161 5121 se
3208 5063 3446 5135 alienat,
3477 5066 3566 5124 of-

1912 5156 2043 5214 ﬁcio
2074 5154 2475 5212 membrorum
2506 5151 2714 5226 privat,
2738 5153 2800 5210 in
2824 5151 3014 5211 multa
3031 5153 3282 5211 crimina
3308 5154 3567 5229 pracipi-

1910 5248 2131 5305 tat.Per
2160 5244 2378 5302 cubilia
2405 5259 2538 5301 vero
2570 5242 2667 5300 hic
2696 5243 3083 5318 intelligimus
3114 5243 3564 5304 somnolentiam

1910 5340 1969 5393 et
1998 5340 2314 5408 torporem,
2347 5350 2476 5406 quae
2507 5331 2809 5390 hominem
2842 5333 3155 5393 emolliunt
3182 5337 3241 5391 et
3267 5337 3563 5404 enervant,

1909 5429 1971 5484 et
2000 5426 2061 5482 in
2089 5442 2240 5481 vana
2268 5438 2561 5495 pravaque
2594 5421 2890 5480 desideria
2936 5422 3322 5499 precipitant,
3355 5439 3566 5479 secun-

1910 5515 2056 5574 dum
2086 5513 2231 5570 illud
2265 5510 2559 5586 Sapientis
2593 5529 2607 5568 :
2641 5514 2705 5569 In
2734 5509 3027 5571 desideriis
3058 5520 3137 5573 est
3164 5510 3341 5568 omnis
3369 5511 3568 5566 otiosus

1910 5600 2265 5685 (Proe.xx1).
2297 5601 2447 5663 Nam
2495 5599 2597 5663 ubi
2645 5600 2899 5676 desidia,
2931 5600 3020 5667 ibi
3062 5615 3214 5667 vana
3258 5593 3567 5672 desideria,
