3984 6082
384 318 539 383 1671

1370 316 1770 378 ADDENDA.
1817 347 1895 362 ——
1938 314 2335 377 RADULPHI
2377 314 2795 379 ARDENTIS.

3634 311 3805 397 “37.3.

377 454 527 509 Sane
555 450 722 508 cibus
750 452 819 508 et.
838 453 1009 523 potus
1039 452 1097 506 et
1122 465 1371 506 somnus
1414 448 1683 506 sumendi
1717 452 1856 503 sunt
1884 464 2015 503 cum
2052 447 2106 514 Α
2134 447 2350 519 gelium
2383 447 2540 505 enim
2571 449 2710 505 bona
2761 449 3112 506 annuntiati'o
3142 444 3697 531 interpretatur,_ap
3728 461 3805 531 ep

375 540 783 615 temperantia,
831 539 984 597 sicut
1029 540 1475 603 medicamenta,
1537 539 1681 605 loco,
1744 543 2021 611 tempore,

375 632 551 689 modo
580 633 639 689 et
665 647 975 699 mensura;
1006 632 1063 685 et
1093 628 1177 684 sic
1206 633 1443 701 sumpta
1463 628 1694 700 juvant,
1728 627 1873 683 alias
1916 644 2025 682 no-

373 721 651 789 eent.Per.
669 715 1096 790 impudicitiam
1123 733 1353 788 quoque
1374 713 1758 789 intelligimus
1788 714 1881 770 hic
1905 732 2023 770 om-

375 824 511 867 nem
523 806 971 879 luxuriam,quaa
990 806 1054 860 fit
1067 804 1509 878 praeterlegitim
1520 822 1616 859 um
1630 802 2018 876 complexum,

374 902 442 963 ut
472 893 1320 963 fornicationem,adulteriuin,
1344 892 1675 961 mmchiam,
1709 892 2021 960 incestum,

374 985 793 1044 Sodomiticam
822 983 1136 1040 luxuriam.
1167 985 1347 1039 Amor
1376 982 1551 1040 etiam
1602 999 1747 1037 usus
1778 981 2023 1054 propriae

373 1074 640 1133 mulieris
693 1075 1118 1147 intemperatus
1168 1073 1390 1129 crimen
1436 1071 1630 1128 habet.
1666 1071 1794 1127 Hinc
1826 1074 2023 1126 autem

372 1182 501 1239 qua
531 1165 788 1223 diximus
835 1168 1087 1237 quatuor
1132 1161 1275 1219 vitia
1321 1161 1667 1235 corporalia,
1718 1159 2069 1233 tripliciter.

372 1254 890 1315 nocent:Animam
922 1252 1226 1319 damnant,
1251 1251 1479 1324 corpori
1502 1250 1877 1305 infirmitates
1924 1266 2021 1322 ge-

371 1346 697 1413 nerant,res
727 1346 1001 1415 paternas
1030 1340 1376 1414 dilapidant.
1413 1339 1715 1395 Contcnlio
1756 1356 1887 1393 vero
1936 1344 2023 1393 est

368 1431 735 1517 impugnatio
772 1429 1064 1499 veritatis,
1114 1447 1216 1503 per
1264 1429 1676 1485 confidentiam
1723 1427 2017 1483 clamoris.

366 1521 608 1591 Verum,
658 1523 724 1576 ut
769 1519 851 1575 ait
899 1517 1037 1575 alibi
1094 1516 1454 1590 Apostolus:
1489 1515 1718 1573 Servum
1764 1516 1864 1571 Dei
1911 1530 2021 1569 non

368 1616 571 1682 oportet
599 1610 819 1679 litigare
849 1607 917 1679 (Il
954 1607 1087 1663 Tim.
1121 1610 1205 1674 ιι).
1249 1606 1307 1662 Si
1364 1609 1465 1661 tua
1514 1605 1595 1660 nil
1639 1605 1832 1671 refert,
1881 1605 2020 1658 cede

369 1680 758 1756 contendenti.
795 1697 855 1753 Si
878 1712 1013 1752 vero
1045 1695 1240 1765 refert,
1272 1711 1407 1751 cum
1448 1694 1670 1751 ratione
1723 1711 1849 1766 age,
1881 1710 2018 1750 con-

368 1787 689 1846 tentionem
720 1784 1195 1891 fuge.{Emulatio
1225 1788 1315 1841 est
1335 1785 1684 1858 perversitas
1714 1783 1926 1886 mentis
1947 1784 2017 1840 de
2046 1826 2092 1891 Β

366 1877 520 1936 bono
550 1876 792 1935 alterius
813 1873 1150 1943 dolentis,et
1179 1875 1250 1930 de
1280 1875 1494 1931 damno
1525 1872 2014 1948 gaudentis.Hacc,

367 1962 605 2041 fratres,
628 1968 790 2025 tanto
819 1964 991 2023 nobis
1022 1963 1300 2039 fugienda
1347 1968 1456 2031 est,
1487 1966 1708 2036 quanto
1759 1961 1892 2036 plus
1929 1965 2020 2018 est

366 2055 637 2145 opposita
664 2052 957 2145 charitati,
989 2069 1115 2145 quae
1146 2053 1305 2145 novit
1331 2052 1569 2145 gaudere
1614 2069 1739 2108 cum
1775 2052 2016 2123 gauden-

367 2136 534 2213 tibus,
561 2147 697 2216 [lere
723 2160 850 2203 eum
873 2143 1130 2214 ﬂentibus
1159 2136 1334 2212 (Ro-in.
1366 2146 1489 2211 x11).
1514 2142 1615 2197 Est
1645 2146 1842 2197 autem
1865 2158 2018 2213 quae-

366 2235 504 2292 dam
535 2232 830 2290 aemulatio
859 2233 1031 2300 bona,
1062 2229 1322 2287 aemulari
1354 2230 1575 2287 scilicet
1620 2230 1839 2286 bonum
1873 2229 2014 2285 alte-

365 2324 490 2379 rius
520 2339 622 2397 pcr
649 2319 1234 2381 imitationem.Unde
1259 2319 1573 2393 Apostolus
1600 2337 1614 2375 :
1649 2317 2017 2375 (Emulamini

364 2414 700 2469 charismata
726 2411 959 2466 meliora
993 2410 1040 2482 (I
1067 2410 1189 2465 Cor.
1222 2413 1669 2482 xu).Postquam
1700 2426 1831 2464 vero
1863 2411 2014 2480 Apo-

367 2499 560 2561 stolus
587 2499 730 2556 vitia
758 2517 794 2557 a
822 2514 1082 2573 corpore,
1114 2499 1186 2555 ab
1219 2516 1316 2555 ore
1343 2504 1399 2555 et
1429 2515 1463 2554 a
1492 2504 1687 2555 mente
1709 2498 1891 2569 jussit
1922 2515 2014 2552 re-

365 2590 677 2660 movenda,
702 2590 873 2662 jubet
904 2605 1020 2646 non
1049 2588 1293 2645 virtutes
1334 2587 1623 2661 przedictis
1671 2587 1829 2643 vitiis
1877 2604 2011 2642 con-

363 2680 575 2741 trarias
604 2678 867 2750 induere,
899 2678 1100 2736 dicens
1154 2695 1168 2733 :
1219 2678 1324 2734 Sed
1370 2677 1675 2733 induimins
1720 2679 2015 2732 Dominum

294 2794 305 2801 ·
362 2771 547 2828 Iesum
577 2768 874 2838 Christum,
900 2768 958 2825 id
989 2772 1079 2824 est
1106 2767 1422 2823 novitatem
1454 2767 1603 2838 ejus,
1628 2783 1759 2821 eum
1792 2766 2016 2822 scilicet

364 2858 668 2923 imitando.
704 2857 925 2933 Itaque,
959 2856 1188 2926 fratres,
1221 2857 1362 2912 dum
1384 2855 1538 2923 licet,
1572 2873 1705 2912 cum
1731 2856 1889 2911 omni
1921 2872 2014 2911 ce-

365 2946 591 3005 leritate
638 2947 781 3004 vitia
828 2946 1196 3020 abjiciamus,
1250 2950 1308 3002 et
1354 2962 1555 3002 eorum
1602 2944 1845 3001 virtutes
1877 2962 2012 3000 con-

363 3038 577 3095 trarias
605 3035 945 3105 induamus,
979 3034 1417 3105 abstinentiam,
1451 3034 1910 3101 sobrietatem,et
1938 3034 2016 3089 vi-

362 3125 688 3200 gilantiam,
721 3125 1152 3193 castimoniam,
1184 3142 1408 3198 pacem,
1444 3124 1786 3180 charitatem
1831 3128 2013 3179 secte-

2135 540 2229 609 (ευ)
2263 539 2414 608 quod
2475 542 2563 594 est
2619 541 2838 607 bonum,
2899 544 2957 594 et
3012 537 3252 611 angelos
3298 520 3806 611 {amntem}!

2131 628 2394 683 nuntium
2422 627 2743 683 dicitur.De
2774 628 2990 701 quibus
3019 626 3096 683 sit
3124 625 3623 694 ostenditur,cum
3651 623 3805 699 s‘ub-

2125 715 2419 789 jungitur,
2454 717 2523 772 de
2554 716 2667 772 ﬁde
2697 720 2753 772 et
2780 716 3065 774 moribus.
3097 716 3200 772 Est
3221 714 3376 774 enim
3407 712 3805 793 Evangelium

2134 805 2205 860 de
2230 806 2344 860 ﬁde
2378 804 2509 860 trini
2541 810 2598 860 et
2626 805 2804 862 unius
2835 804 2956 876 Dei,
2991 810 3049 863 et
3077 806 3149 862 de
3178 804 3454 877 mysterio
3512 803 3807 865 lucerna-

2132 893 2307 949 tionis
2341 893 2489 961 Filii,
2524 895 2681 950 etde
2725 895 2949 951 caeteris
3006 893 3268 951 articulis
3326 892 3485 961 ﬁdei,
3538 880 3683 969 qua:
3736 889 3798 951 in

2134 983 2407 1055 Symbolo
2456 983 2850 1040 continentur.
2886 984 2984 1039 Est
3034 988 3092 1040 et
3134 985 3205 1040 de
3254 981 3537 1053 moribus,
3592 981 3657 1037 id
3708 985 3803 1049 est

2132 1074 2201 1127 de
2235 1073 2499 1129 doctrina
2531 1078 2683 1129 recte
2710 1074 2959 1131 vivendi.
2984 1074 3068 1129 Ad
3093 1089 3269 1147 quem
3298 1089 3430 1131 vero
3462 1071 3650 1127 ﬁnem
3684 1086 3795 1151 nos

2132 1161 2665 1229 ducat,declaratur
2694 1180 2830 1218 cum
2861 1162 3173 1231 dicitur,ad
3197 1160 3592 1219 salutem.Per
3616 1159 3797 1215 ﬁdem

2131 1251 2286 1305 enim
2316 1268 2511 1306 veram
2544 1255 2599 1305 et
2629 1252 2841 1307 bonam
2866 1250 3048 1307 vitam
3080 1251 3241 1308 ducit
3269 1267 3376 1306 nos
3423 1248 3487 1305 in
3529 1247 3794 1313 salutem

2131 1344 2427 1395 mternam.
2464 1341 2587 1395 Non
2612 1340 2789 1409 enim,
2826 1341 3052 1409 fratres,
3077 1338 3297 1396 sufficit
3328 1339 3474 1395 fides
3505 1337 3641 1417 sine
3674 1324 3796 1394 mo-

2130 1429 2293 1485 ribus
2324 1430 2513 1497 bonis,
2550 1447 2652 1485 nec
2683 1430 2821 1486 boni
2851 1447 3044 1487 mores
3075 1421 3202 1487 sine
3230 1430 3363 1485 ﬁde.
3390 1427 3598 1505 Fidem
3633 1426 3793 1508 enim

2128 1517 2306 1574 habet
2335 1517 2736 1587 diabolus,sed
2766 1536 2881 1575 non
2910 1519 3085 1575 habet
3115 1519 3305 1581 bonos
3324 1518 3625 1595 moresEt
3652 1533 3796 1595 gen-

2127 1606 2248 1663 tilis
2280 1607 2495 1680 aliquis
2524 1608 2612 1664 vel
2643 1608 2885 1666 Judaeus
2904 1609 3082 1666 habet
3108 1609 3293 1665 bonos
3318 1606 3647 1681 mores,sed
3675 1622 3792 1673 non

2127 1696 2304 1753 habet
2334 1698 2543 1765 fidem;
2575 1703 2631 1754 et
2660 1698 2742 1755 ita
2770 1703 3018 1771 uterque
3050 1698 3412 1771 reprobatur.
3434 1696 3627 1777 Sedsi
3650 1682 3795 1769 'quis

2126 1786 2301 1843 habet
2332 1787 2506 1843 ﬁdem
2537 1795 2591 1843 el
2620 1787 2804 1845 honos
2837 1804 3048 1856 mores,
3073 1786 3283 1862 procul
3306 1786 3487 1843 dubio
3517 1785 3605 1869 ad
3625 1782 3797 1842 salu-

2126 1880 2242 1932 tem
2274 1877 2481 1932 tendit.
2515 1877 2585 1933 Et
2631 1893 2781 1949 quae,
2815 1877 3023 1934 fratres
3071 1877 3208 1945 mei,
3240 1894 3365 1951 quae
3405 1875 3794 1935 annuntiatio

2126 1969 2318 2037 potest
2346 1982 2475 2023 esse
2522 1964 2729 2023 melior
2775 1983 2956 2039 quam
3003 1965 3354 2023 annuntiare
3384 1960 3489 2021 illa
3517 1980 3629 2039 per
3658 1952 3797 2038 qud

2125 2058 2407 2127 perpetua
2462 2054 2623 2111 salus
2680 2055 2948 2112 habetur.
2998 2056 3220 2129 Itaque,
3270 2054 3503 2123 fratres,
3548 2070 3807 2129 semper

2123 2143 2499 2217 Evangelium
2531 2148 2589 2201 et
2616 2145 2859 2202 auribus
2889 2148 3215 2219 captemus,
3264 2148 3322 2201 et
3366 2143 3543 2203 corde
3583 2147 3795 2221 tenea-

2126 2251 2279 2301 mus,
2312 2239 2370 2289 et
2398 2250 2496 2290 ore
2527 2234 3060 2308 pronuntiemus,et
3088 2233 3365 2309 operibus
3395 2232 3791 2317 impleamus.

2124 2323 2271 2388 Quid
2303 2323 2458 2379 enim
2492 2323 2760 2381 insanius
2791 2341 2995 2397 quam,
3026 2327 3358 2397 contempto
3401 2322 3534 2403 vita}
3583 2322 3793 2405 verba,

2124 2428 2295 2468 aures
2325 2412 2540 2470 fabulis
2572 2413 2917 2470 scurrilibus
2946 2417 3004 2469 et
3032 2411 3494 2469 detractionibus
3523 2412 3793 2485 aperire?

2124 2502 2269 2568 Quid
2304 2502 2569 2559 insanius
2596 2520 2795 2576 quam,
2830 2506 3162 2576 contempto
3192 2501 3527 2577 Evangelio,
3559 2501 3790 2561 bucco-

2124 2590 2235 2647 lica
2263 2591 2547 2659 carmina,
2571 2592 2887 2648 comoedias
2917 2596 2973 2647 et
3002 2595 3240 2648 caeteras
3270 2589 3559 2649 vanitates
3592 2588 3793 2667 legere

2122 2686 2179 2735 ct
2208 2681 2431 2736 docere.
2465 2679 2706 2736 Talibus
2749 2679 2964 2754 quippe
3011 2680 3239 2737 Veritas
3284 2679 3427 2737 dicit
3457 2680 3571 2748 Qui
3610 2688 3697 2737 est
3722 2696 3791 2735 ea:

2120 2772 2246 2837 Deo,
2280 2770 2440 2825 rerba
2470 2772 2573 2827 Dei
2598 2771 2790 2839 audit;
2815 2778 3102 2843 propterea
3130 2786 3222 2826 vos
3252 2786 3358 2825 non
3384 2767 3623 2837 auditis,
3655 2771 3791 2842 quia

2121 2876 2190 2915 ea:
2223 2865 2329 2916 Deo
2356 2876 2467 2915 non
2495 2860 2623 2915 estis
2653 2861 2829 2929 (Joan.
2861 2862 3009 2929 vni).
3040 2859 3111 2914 Et
3157 2875 3342 2931 quare
3394 2857 3793 2931 Evangelinm

2123 2948 2338 3005 dicitur
2364 2950 2497 3005 Jesu
2531 2947 2747 3005 Christi
2779 2947 2909 3005 Filii
2940 2948 3081 3004 Dei?
3110 2947 3257 3014 Quia
3283 2945 3409 3004 etsi
3430 2944 3646 3020 plures
3668 2934 3793 3007 sint

2121 3037 2415 3110 Evangelii
2448 3037 2781 3111 scriptores,
2806 3042 3000 3094 tamen
3033 3036 3218 3094 solius
3243 3034 3458 3095 Christi
3489 3039 3585 3095 est
3604 3034 3797 3099 Evan-

2122 3127 2364 3199 gelium,
2396 3132 2677 3200 tanquam
2710 3128 2986 3197 auctoris,
3020 3125 3276 3183 materiai
3324 3129 3382 3181 et
3430 3124 3795 3200 promulga-

363 3220 591 3289 mur,ut
644 3214 739 3271 his
793 3215 985 3271 ornati
1039 3214 1265 3271 Christo
1319 3213 1573 3270 venienti
1631 3214 1701 3268 ad
1770 3212 2007 3285 nuptias
2039 3202 2080 3268 C
2120 3216 2281 3273 toris.
2316 3218 2395 3272 Ex
2425 3236 2491 3273 eo
2523 3234 2776 3289 namque
2824 3221 2881 3272 et
2929 3217 3000 3272 de
3048 3232 3138 3284 eo,
3168 3219 3228 3272 et
3255 3230 3357 3288 per
3402 3231 3567 3281 eum,
3602 3214 3793 3277 habe-

363 3305 552 3363 eecuri
591 3304 915 3371 obviemus,
948 3309 1013 3359 ut
1049 3320 1186 3359 cum
1225 3320 1291 3360 eo
1338 3304 1396 3358 in
1447 3308 1729 3358 aiternum
1770 3319 2014 3375 regnare

360 3393 682 3461 valeamus,
724 3393 850 3466 ipso
900 3391 1200 3466 largiente,
1251 3392 1421 3463 cujus
1468 3391 1794 3447 Adventum
1841 3391 2014 3447 hodie

362 3482 746 3552 celebramus,
780 3481 1026 3538 Domino
1060 3485 1256 3537 nostro
1294 3482 1433 3537 Jesu
1464 3480 1710 3547 Christo,
1745 3480 1844 3553 qui
1877 3497 2012 3536 cum

363 3571 531 3633 Patre
586 3574 644 3629 et
700 3570 918 3644 Spiritu
987 3574 1186 3627 sancto
1245 3569 1385 3626 vivit
1449 3574 1506 3626 ct
1571 3575 1775 3643 regnat
1835 3571 2008 3627 Deus.

360 3652 568 3717 Amen.

982 3746 1289 3803 HOMILIA
1328 3748 1399 3803 II.

764 3854 1043 3895 DOMINICA
1080 3854 1255 3894 PRIMA
1291 3853 1610 3894 ADVENTUS.

429 3928 662 3987 Initium
714 3927 1006 3997 Evangelii
1058 3927 1185 3983 Jesu
1242 3926 1455 3981 l'hristi
1510 3927 1647 3982 Filii
1703 3928 1825 3993 Dei,
1872 3928 2014 3983 sicut

358 4019 626 4092 scriptum
672 4024 752 4076 est
797 4019 859 4075 in
906 4016 1055 4073 Isaia
1095 4015 1358 4088 propheta
1403 4018 1602 4085 (Mare.
1656 4014 1715 4087 ι),
1777 4020 1834 4071 et
1884 4016 2013 4071 reli-

361 4124 496 4181 qua.
557 4107 721 4165 Sicut
765 4105 1034 4173 audistis,
1100 4104 1306 4161 fratres
1366 4103 1721 4169 charissimi,
1783 4105 2015 4161 Marcus

361 4194 734 4269 evangelista,
768 4194 1147 4268 Evangelium
1196 4211 1370 4250 suum
1420 4193 1626 4266 incipit
1684 4212 1718 4249 a
1766 4212 2013 4266 praecur-

362 4284 524 4341 sione
554 4283 893 4341 Joannis.Et
920 4301 1099 4356 quare
1120 4283 1228 4339 hoc
1260 4282 1433 4339 faciat
1464 4283 1662 4339 statim
1696 4283 1753 4338 in
1781 4284 2014 4339 exordio

361 4373 551 4432 reddit
580 4390 819 4430 causam
851 4390 986 4429 cum
1018 4372 1162 4428 dixit
1209 4389 1221 4427 :
1276 4375 1507 4428 Initium
1552 4374 1841 4441 Evangelii
1883 4377 2015 4428 Jesu

363 4464 587 4533 Christi,
620 4466 729 4521 etc.
763 4461 922 4519 Facit
952 4462 1151 4535 itaque
1182 4461 1295 4517 tria
1325 4479 1338 4516 :
1377 4461 1568 4517 Primo
1591 4462 1731 4517 dicit
1764 4463 2018 4534 praemis-

362 4551 589 4609 sionem
647 4551 893 4609 Joannis
942 4568 1069 4608 esse
1119 4550 1358 4606 initium
1410 4548 1725 4622 Evangelii,
1760 4552 2015 4607 secundo

363 4639 520 4699 idem
551 4641 759 4715 probat
788 4639 1128 4715 prbphetica
1161 4637 1526 4710 auctoritate,
1557 4638 1726 4695 tertio
1776 4640 2015 4695 demon-

364 4734 509 4793 strat
538 4730 830 4806 quomodo
868 4729 1123 4785 Joannes
1171 4727 1400 4783 Christo
1442 4727 1597 4782 viam
1648 4728 2012 4801 praeparavit.

365 4820 651 4878 lnchoans
683 4835 819 4895 ergo
850 4818 933 4875 ait
966 4835 979 4874 :
1014 4818 1242 4874 Initium
1284 4818 1555 4888 Evangeli
1593 4818 1715 4874 Jesu
1767 4818 2012 4887 Chrisiti,

365 4909 670 4979 subaudis,
700 4909 809 4965 hoc
837 4912 928 4965 est
957 4907 1113 4981 quod
1148 4905 1370 4963 scilicet
1400 4907 1656 4963 Joannes
1686 4911 1817 4963 ante
1851 4907 2016 4963 Chri-

365 5001 523 5054 stum
553 4998 896 5070 priemissus
926 5000 1030 5053 est.
1070 4996 1132 5053 In
1165 5013 1302 5068 quo,
1338 4996 1565 5063 fratres,
1596 4996 1709 5050 tria
1749 4996 2041 5081 considcz

365 5085 549 5141 randa
581 5089 721 5141 sunt
752 5102 765 5140 :
802 5085 947 5153 Quid
983 5086 1059 5141 sit
1090 5083 1487 5158 Evangelium,
1513 5089 1568 5140 et
1589 5101 1768 5156 quare
1790 5084 2019 5140 dicatur

365 5173 506 5230 Jesu
554 5172 771 5229 Christi
820 5173 949 5229 Filii
999 5174 1122 5242 Dei,
1172 5179 1229 5230 et
1274 5174 1566 5246 quomodo
1621 5174 1923 5229 exordium
1982 5192 2019 5230 a

365 5263 591 5319 Joanne
621 5261 909 5319 habuerit.
943 5263 1045 5318 Est
1092 5262 1272 5335 igitur
1318 5262 1695 5337 Evangelium
1730 5264 1882 5319 bona
1913 5281 2015 5320 an-

367 5350 659 5411 nuntiatio
691 5351 763 5408 de
792 5352 906 5407 ﬁde
937 5355 992 5406 et
1014 5352 1276 5407 moribus
1297 5353 1369 5408 ad
1398 5351 2022 5410 salutem.Ostenditur

369 5445 564 5497 autem
596 5440 657 5497 in
688 5439 798 5499 hac
829 5439 1168 5497 definitione
1189 5441 1343 5496 unde
1367 5441 1596 5497 dicatur
1626 5442 2025 5516 Evangelium,

367 5533 427 5587 et
456 5530 527 5586 de
556 5531 773 5606 quibus
803 5530 902 5597 sit,
938 5532 994 5585 et
1034 5529 1107 5585 ad
1140 5546 1317 5601 quem
1345 5531 1522 5586 tinem
1554 5531 1919 5587 ducat.Unde
1942 5532 2030 5587 di-

374 5623 567 5693 catur,
598 5620 926 5683 ostenditur
953 5637 1057 5699 per
1085 5616 1340 5677 nominis
1380 5618 1813 5695 etymologiam,
1846 5622 2031 5680 Evan-

2121 3323 2253 3361 mus
2278 3305 2655 3378 Evangelium
2690 3323 2702 3362 :
2733 3304 2896 3362 Unde
2947 3303 3163 3361 Paulus
3210 3302 3626 3378 Evangelium,
3671 3320 3791 3365 non

2119 3395 2190 3450 ab
2223 3394 2675 3467 homine,neque
2704 3411 2806 3468 per
2835 3393 3155 3461 hominem,
3190 3392 3291 3449 sed
3340 3407 3444 3466 per
3471 3390 3791 3455 revelatio-

2122 3500 2256 3539 nem
2307 3484 2447 3539 Jesu
2496 3483 2707 3540 Christi
2762 3500 2823 3539 se
2873 3482 3165 3556 accepisse
3212 3479 3500 3555 gloriatur
3532 3480 3693 3555 (Gal.
3725 3480 3788 3554 ι).

2121 3573 2185 3629 In
2225 3590 2360 3645 quo,
2394 3573 2622 3639 fratres,
2658 3589 2833 3645 super
2882 3588 3086 3627 omnes
3133 3569 3429 3628 doctrinas
3476 3569 3789 3649 Evangelii

2121 3661 2501 3734 praerogativa
2553 3662 3014 3730 demonstratur,
3053 3678 3182 3734 quae
3240 3676 3354 3719 non
3414 3658 3617 3719 solum
3682 3676 3794 3723 sua

2121 3749 2425 3807 honestate
2456 3754 2513 3806 et
2544 3748 2794 3805 utilitate
2825 3748 3198 3819 sublimatur,
3236 3748 3336 3805 sed
3366 3746 3551 3804 etiam
3582 3749 3793 3824 digni-

2121 3843 2239 3895 tate
2298 3838 2576 3907 auctoris,
2636 3837 2911 3906 materiae,
2972 3843 3030 3894 et
3085 3836 3568 3911 promulgatoris,
3646 3839 3791 3896 Jesu

2124 3928 2345 3985 scilicet
2392 3927 2607 3984 Christi
2668 3928 2795 3983 Filii
2850 3927 2972 3996 Dei,
3024 3927 3493 3984 commendatur.
3526 3927 3795 3987 Exorsus

2122 4023 2211 4073 est
2240 4024 2434 4074 autem
2467 4018 2724 4074 Joannes
2752 4016 3131 4090 Evangelium
3164 4016 3390 4089 primus
3438 4017 3794 4089 praedicare,

2126 4108 2403 4175 quoniam
2443 4107 2835 4163 ministerium
2895 4106 3198 4162 Trinitatis
3255 4110 3313 4162 et
3355 4104 3799 4163 Incarnationis

2128 4197 2587 4269 praecedentibus
2618 4196 2974 4263 obvelatum,
3021 4198 3221 4268 aperte
3250 4195 3612 4268 praedicavit,
3648 4195 3801 4253 dum

2126 4290 2183 4341 et
2212 4288 2443 4357 Agnum
2478 4284 2773 4343 tollentem
2822 4284 3027 4340 mundi
3074 4287 3312 4357 peccata
3358 4283 3803 4347 demonstravit

2122 4378 2311 4443 (Joan.
2345 4378 2415 4443 i);
2450 4380 2507 4430 et
2551 4392 2728 4446 super
2774 4374 2971 4446 ipsum
3021 4373 3381 4446 baptizatum
3430 4372 3683 4430 Patrum
3739 4374 3802 4431 in

2126 4459 2282 4527 voce,
2334 4464 2392 4518 in
2442 4462 2717 4519 columba
2766 4463 3052 4536 Spiritum
3100 4461 3383 4518 intellexit
3423 4462 3645 4531 (Matth.
3683 4463 3792 4535 III).

2050 4573 2095 4639 D
2128 4553 2535 4608 Pmnitentiam
2569 4551 3197 4625 quoque,et'ccelorum
3229 4567 3497 4625 regnum,
3523 4550 3800 4626 antiquis

2132 4641 2466 4697 inauditum
2514 4641 2866 4714 praedicavit.
2914 4642 3322 4709 Pamitentiam,
3372 4640 3586 4713 inquit,
3618 4649 3801 4713 agite,

2126 4732 2586 4804 appropinquavit
2613 4732 2763 4786 enim
2792 4747 3020 4801 regnum
3041 4731 3301 4787 caelorum
3329 4728 3534 4803 (ibid).

2204 4819 2479 4892 Sequitur
2508 4837 2646 4891 pars
2669 4820 3015 4888 secunda,in
3047 4837 3165 4892 qua
3193 4819 3401 4892 probat
3432 4818 3808 4891 evangelista

2130 4909 2464 4965 testimonio
2497 4908 2790 4981 prophetae
2814 4908 3267 4982 praecursionem
3285 4907 3531 4967 Joannis
3552 4892 3803 4965 initium

2131 5016 2260 5054 esse
2289 4997 2773 5071 Evangelii,juxta
2798 4998 2857 5055 id
2891 4999 3041 5071 quod
3068 4997 3355 5055 Dominus
3385 4996 3447 5055 in
3479 4996 3806 5071 Evangelia

2131 5087 2211 5143 ait
2244 5106 2256 5143 :
2294 5091 2404 5143 Lex
2432 5095 2484 5143 et
2510 5089 2786 5160 prophetae
2814 5104 2985 5160 usque
3011 5086 3082 5143 ad
3102 5092 3383 5145 Joannem
3412 5087 3643 5158 (Matth.
3700 5091 3807 5156 xi),

2133 5176 2299 5249 quasi
2329 5177 2546 5232 diceret
2580 5193 2592 5233 :
2626 5178 2664 5232 Α
2695 5177 2919 5233 Joanne
2970 5176 3177 5251 incipit
3226 5174 3632 5250 Evangelium.
3685 5177 3803 5232 Hoc

2134 5283 2271 5337 ergo
2304 5270 2391 5321 est
2418 5266 2575 5338 quod
2608 5266 2690 5321 ait
2721 5265 3004 5339 propheta
3033 5264 3282 5338 loquens
3314 5263 3373 5323 in
3406 5280 3662 5341 persona
3704 5264 3810 5321 Pa-

2136 5354 2244 5409 tris
2276 5355 2345 5409 ad
2384 5353 2599 5410 Filium
2641 5371 2654 5410 :
2688 5355 2818 5410 Ecce
2842 5370 2936 5426 ego
2964 5356 3119 5410 mitto
3159 5354 3419 5429 ang~lum
3458 5367 3643 5415 meum
3682 5362 3813 5411 σιω

2136 5441 2422 5513 faeiem,id
2456 5445 2544 5497 est
2592 5447 2726 5497 ante
2758 5442 3133 5513 praesentiam
3166 5442 3289 5501 sive
3319 5439 3592 5501 notitiam
3613 5445 3806 5499 tuam.

2140 5532 2292 5588 Sane
2323 5530 2588 5603 angelus,
2624 5531 2681 5586 id
2740 5536 2829 5587 est
2882 5532 3149 5601 nuntius,
3195 5531 3310 5589 tria
3355 5531 3494 5588 facit
3524 5548 3542 5588 :
3571 5531 3809 5595 Domini

2147 5621 2466 5681 adventum
2498 5620 2800 5695 prmeedit;
2830 5637 2946 5679 non
2978 5637 3170 5693 suam,
3202 5621 3305 5681 sed
3336 5619 3575 5683 Domini
3601 5623 3807 5683 aucto-
