3988 6074
165 332 323 403 i613

827 335 1182 399 HOMILLE
1220 336 1302 397 IN
1348 335 1600 398 EPIST.
1647 335 1749 397 ET
1790 332 2080 400 "A'NG.
2126 334 2480 398 DOMIMC.
2506 360 2583 380 ε-ι-
2610 335 2812 397 PARS
2855 336 2904 395 Ι.

3366 368 3375 371 ι
3420 339 3576 401 1674

159 471 394 535 ritatem
415 469 599 544 gerit;
624 482 739 527 non
760 468 1012 537 sibi,sed
1033 467 1282 525 Domino
1303 466 1625 540 hospitium
1650 468 1815 539 parat
1840 466 1899 537 Α
1925 480 2030 540 per
2083 466 2261 523 valles
2316 467 2758 540 desperationis.
2808 466 3048 540 Propter
3103 467 3214 525 hoc
3269 468 3578 544 subjungit

161 566 221 619 et
249 560 530 619 honorem
561 558 789 633 quaerit.
822 558 920 614 Sic
964 557 1218 615 Joannes
1251 558 1567 613 adventum
1597 556 1814 612 Christi

1923 556 2206 629 propheta
2240 574 2253 611 :
2289 556 2474 613 Omnis
2512 558 2676 613 vallis
2725 555 3066 629 implebitur,
3100 564 3155 613 et
3200 559 3376 614 omnis
3420 575 3575 615 mons

157 655 442 724 tanquam
474 663 802 723 praeursor
835 647 1155 720 precessit,
1181 647 1352 719 juxta
1380 646 1536 718 quod
1568 643 1815 718 angelus
1920 654 1971 702 et
2000 646 2154 703 collis
2184 646 2569 703 humiliabitur
2597 648 2726 718 (Ira.
2759 646 2873 719 XL),
2907 651 2973 702 ut
3003 645 3227 703 scilicet
3267 646 3572 720 aequalitas

156 739 504 813 pradixerat
532 738 602 795 de
631 754 698 795 eo
732 753 746 793 :
779 741 900 810 Ipse
918 735 1187 809 prmdet
1214 743 1341 792 ante
1382 736 1545 792 illum
1591 736 1649 791 in
1695 737 1813 807 spi-

155 831 271 889 ritu
295 835 349 886 et
374 830 575 885 virtute
602 826 755 884 Elia:
782 830 936 895 (Luc.
967 825 1030 899 ι).
1064 824 1190 883 Non
1237 840 1431 892 suam,
1463 824 1566 882 sed
1597 823 1809 879 Christi

154 918 566 975 auctoritatem
625 914 980 990 praedicavit.
1032 915 1157 971 Non
1214 930 1369 982 sum,
1429 912 1641 985 inquit,
1701 929 1808 986 ego

152 1007 574 1074 Christusmon
600 1021 734 1062 sum
765 1021 1040 1078 sponsus,
1060 1003 1162 1060 sed
1193 1004 1422 1060 amicus
1451 1002 1806 1075 sponsi.Non

152 1097 290 1163 sibi,
319 1096 424 1153 sed
470 1095 717 1152 Domino
762 1094 918 1150 viam
966 1096 1025 1149 et
1068 1091 1390 1164 hospitium
1438 1090 1802 1166 praeparavit.

150 1185 317 1242 Unde
347 1189 405 1242 et
433 1183 702 1257 sequitur
733 1201 746 1240 :
780 1185 895 1257 Qui
915 1183 1260 1256 praeparavit
1300 1182 1448 1238 viam
1493 1188 1645 1237 tuam
1680 1188 1805 1237 ante

149 1283 223 1332 ω.
254 1273 603 1348 Ρτωρειιιιινὶι
628 1273 790 1330 enim
834 1273 1088 1329 Joannes
1136 1270 1370 1328 Christo
1404 1270 1560 1327 viam
1592 1270 1802 1343 prtedi-

147 1365 357 1434 cando,
370 1362 739 1437 baptizando,
753 1360 1231 1419 demonstrando.
1245 1360 1371 1416 Non
1389 1358 1579 1416 solum
1601 1363 1799 1415 autem

144 1448 426 1522 Joannes,
458 1453 561 1509 sed
591 1451 769 1508 etiam
802 1449 1045 1524 quilibet
1071 1448 1433 1522 praedicator,
1465 1451 1524 1505 et
1552 1446 1802 1520 quilibet

146 1543 357 1612 ﬁdelis,
391 1541 491 1616 qui
543 1538 788 1598 verbum
835 1538 966 1595 vita:
1014 1538 1419 1612 peccatoribus
1465 1535 1795 1602 annuntiat,

143 1631 392 1706 angelus
420 1626 522 1688 Dei
555 1630 670 1688 dici
701 1632 913 1704 potest,
945 1629 1087 1685 dum
1120 1628 1171 1685 ei
1202 1628 1359 1683 viam
1388 1630 1445 1684 et
1474 1624 1796 1698 hospitium

142 1722 207 1778 in
236 1721 512 1779 cordibus
558 1718 867 1777 hominum
897 1721 1205 1792 praeparat.
1237 1716 1402 1774 Unde
1429 1714 1745 1773 Malachias
1778 1730 1791 1770 :

144 1811 336 1880 Latia,
388 1808 598 1883 inquit,
629 1807 924 1866 sacerdotis
970 1806 1281 1864 custodiunt
1325 1806 1610 1862 scientiam
1638 1811 1689 1861 et
1717 1804 1793 1860 le-

138 1912 266 1970 gem
317 1901 597 1972 requirent
646 1894 713 1956 de
750 1912 843 1955 ore
887 1897 1051 1969 ejus,-
1098 1896 1324 1968 angelus
1371 1895 1520 1951 enim
1573 1894 1796 1950 Domini

137 1990 483 2046 exercitum
509 1996 588 2045 est
615 1986 778 2062 (Mal.
811 1985 896 2059 ιι).
928 1986 1149 2057 Itaque,
1173 1986 1399 2052 fratres,
1423 2000 1532 2040 nos
1561 1982 1661 2056 qui
1696 1999 1796 2039 no.

135 2078 334 2134 vimus
360 2077 550 2152 legem
580 2075 851 2144 Dei,aliis
879 2074 1233 2131 annuntiarc
1262 2091 1377 2130 non
1409 2077 1793 2141 cessemus,et

136 2168 191 2223 ei
221 2166 376 2224 viam
406 2167 477 2223 ad
510 2165 688 2223 corda
724 2164 1033 2222 hominum
1084 2178 1500 2237 praeparemus,
1535 2178 1652 2219 non
1685 2178 1791 2218 no-

135 2260 352 2323 stram.
381 2256 483 2313 sed
514 2256 645 2328 ejus
686 2254 966 2311 honorem
998 2254 1057 2309 in
1104 2252 1384 2308 omnibus
1431 2261 1786 2324 quaeramus,

133 2349 203 2401 ut
217 2344 409 2401 efﬁcio
424 2348 482 2401 et
500 2343 738 2401 nomine
753 2342 1094 2416 angelorum
1109 2340 1267 2414 digni
1284 2356 1414 2396 esse
1435 2354 1785 2397 mereamur.

128 2435 219 2491 Ad
251 2430 404 2508 quod
436 2446 544 2492 nos
571 2432 841 2489 hortatur
869 2431 1184 2488 Psalmista
1211 2430 1413 2486 dicens
1445 2445 1459 2485 :
1492 2430 1599 2486 lter
1622 2432 1791 2502 facile

126 2526 187 2582 et
210 2527 314 2598 qui
334 2524 583 2583 deradit
613 2538 778 2596 super
818 2534 1065 2578 malm
1093 2538 1112 2576 :
1142 2521 1404 2576 Dominus
1450 2535 1646 2575 nomen
1696 2518 1790 2574 illi

128 2608 303 2688 (Paul.
352 2613 543 2686 vau).
591 2612 783 2685 Super
835 2627 1107 2667 occasum
1164 2608 1452 2666 Dominus
1499 2606 1784 2677 ascendit,

126 2714 268 2760 cum
301 2707 549 2761 mortem
578 2700 938 2773 resurgendo
983 2698 1296 2772 superavit.
1328 2695 1477 2754 Huic
1503 2695 1613 2753 iter
1644 2696 1784 2752 faci-

127 2806 288 2862 mus,
342 2792 489 2848 dum
527 2790 773 2849 verbum
816 2791 946 2861 ejus
974 2787 1107 2845 aliis
1156 2785 1601 2843 annuntiamus.
1635 2786 1783 2842 Nam

129 2878 548 2954 praedicatione
570 2883 920 2953 personante
948 2878 1021 2934 ad
1053 2892 1277 2944 aurem,
1309 2875 1596 2932 Dominus
1624 2874 1784 2932 venit

128 2971 206 3027 ad
236 2973 516 3027 mentem.
550 2968 714 3025 Unde
763 2972 820 3024 et
866 2965 1136 3039 sequitur
1168 2981 1181 3022 z
1218 2969 1343 3021 Vox
1384 2965 1674 3021 clamantis
1722 2966 1785 3020 in

127 3058 355 3116 deserto.
404 3059 583 3116 Porro
625 3071 734 3114 vox
781 3057 959 3112 habet
1003 3055 1163 3111 tria:
1197 3053 1471 3127 precedit
1514 3053 1779 3120 verbum,

128 3148 428 3223 signiﬁcat
454 3148 718 3216 verbum,
751 3145 865 3202 cito
895 3144 1129 3210 transit,
1159 3143 1334 3199 verbo
1362 3140 1423 3199 in
1454 3142 1627 3200 corde
1653 3158 1782 3214 per-

1920 734 2072 793 inter
2102 736 2618 809 praesumptionem
2663 740 2720 793 et
2762 735 3228 808 desperationem
3278 739 3568 796 teneatur.

1918 824 2369 893 Rectitudinem,
2401 829 2467 880 ut
2514 824 2753 893 scilicet,
2788 841 2893 881 nec
2942 826 3014 881 ad
3046 825 3341 882 dexteram
3389 825 3566 882 decli-

1917 918 2075 984 nent,
2101 931 2205 970 nec
2226 916 2298 971 ad
2330 912 2655 982 sinistram,
2675 914 2775 971 sed
2809 912 3179 969 mediocriter
3208 917 3461 971 teneant.
3482 916 3566 972 Ita

1914 1002 2138 1061 scilicet
2165 1008 2403 1061 teneant
2426 1003 2834 1060 rectitudinem
2855 1002 3124 1075 justitiae,
3147 1004 3302 1075 quod
3334 1021 3448 1060 non
3470 1006 3563 1062 de-

1914 1092 2132 1149 clinent
2146 1111 2179 1150 a
2195 1093 2414 1150 dextris
2437 1094 2508 1150 ad
2531 1092 2775 1148 nimiam
2794 1091 3113 1161 laxitatem,
3128 1108 3232 1147 nec
3249 1110 3283 1148 a
3302 1092 3560 1151 sinistris

1912 1183 1985 1238 ad
2017 1182 2440 1240 crudelitatem.
2473 1183 2559 1238 Ita
2586 1186 2821 1239 teneant
2842 1182 3242 1238 fortitudinem
3265 1183 3421 1254 quod
3442 1200 3556 1239 non

1910 1271 2267 1329 dedinentad
2282 1271 2721 1341 audaciam,nec
2736 1272 2809 1328 ad
2821 1271 3311 1327 timiditatem.1ta
3323 1274 3558 1328 teneant

1908 1361 2278 1434 sapientiam,
2294 1363 2449 1435 quod
2472 1379 2587 1418 non
2609 1360 2901 1417 declinent
2929 1362 3001 1417 ad
3031 1358 3432 1431 calliditatem,
3451 1378 3556 1417 nec

1907 1451 1979 1506 ad
2010 1450 2470 1524 simplicitatem.
2506 1452 2590 1507 ita
2617 1454 2855 1507 teneant
2896 1449 3364 1521 temperantiam,
3398 1450 3554 1523 quod

1907 1556 2022 1596 non
2054 1539 2347 1597 declinent
2374 1540 2447 1595 ad
2480 1538 2865 1605 nimietatem,
2894 1556 2997 1594 nec
3027 1540 3101 1595 ad
3132 1538 3550 1607 minoritatem.

1906 1629 1994 1685 Ita
2007 1633 2243 1687 teneant
2258 1629 2609 1703 largitatem,
2624 1628 2781 1701 quod
2803 1645 2918 1685 non
2939 1627 3233 1684 declinent
3260 1628 3332 1685 ad
3362 1628 3553 1701 prodi-

1903 1716 2223 1790 galitatem,
2256 1736 2361 1777 nec
2393 1720 2464 1776 ad
2497 1718 2820 1776 avaritiam.
2853 1719 2939 1774 Ita
2984 1717 3270 1791 castigent
3315 1734 3547 1790 corpus,

1904 1807 2057 1880 quod
2091 1824 2208 1864 non
2237 1808 2510 1875 luxuriet,
2534 1824 2639 1864 nec
2670 1807 2921 1875 deficiat,
2945 1806 3093 1873 Quid
3122 1805 3337 1879 plura?
3365 1806 3452 1863 Ita
3471 1810 3553 1864 te-

1900 1901 2077 1953 neant
2088 1896 2351 1967 virtutes,
2368 1898 2524 1970 quod
2541 1896 2679 1954 vitia
2694 1897 2910 1954 evitent
2923 1895 3299 1953 collateralia.
3314 1897 3552 1969 PrOpter

1900 1984 2010 2041 hoc
2037 2002 2174 2059 ergo
2203 1986 2511 2059 subjungit
2538 1986 2719 2043 Isaias
2743 2003 2755 2042 :
2780 1987 2846 2043 Et
2870 1993 3031 2043 erunt
3053 2001 3230 2058 prava
3258 1986 3316 2042 in
3345 1985 3552 2044 directa

1898 2074 2179 2147 (lbid.),ut
2206 2075 2430 2132 scilicet
2459 2075 2702 2132 torturis
2733 2075 2965 2143 ablatis,
2997 2074 3122 2132 sola
3150 2075 3435 2131 rectitude
3465 2080 3549 2132 te-

1899 2168 2124 2220 neatur.
2157 2164 2487 2231 Planitiem,
2522 2168 2587 2220 ut
2616 2164 2839 2220 scilicet
2886 2182 3000 2220 non
3044 2164 3256 2221 habeat
3299 2163 3545 2237 paludes

1895 2252 2258 2325 voluptatum
2285 2257 2342 2310 et
2365 2253 2817 2323 libidinum,nec
2837 2253 3145 2326 scrupulos
3175 2253 3545 2310 saecularium

1897 2343 2383 2400 sollicitudinum.
2418 2342 2565 2407 Quid
2596 2344 2778 2412 enim,
2826 2344 3035 2399 fratres
3064 2344 3202 2411 mei,
3234 2343 3376 2416 quid
3406 2350 3548 2400 sunt

1895 2433 2222 2506 voluptates
2252 2438 2311 2490 et
2340 2432 2637 2502 libidines,
2666 2433 2780 2489 nisi
2825 2433 3092 2505 quaedam
3123 2433 3367 2505 paludes
3415 2450 3543 2506 quae

1896 2522 2152 2579 animam
2184 2522 2485 2580 maculant
2513 2527 2571 2578 et
2601 2522 2938 2580 retardant?
2958 2524 3027 2577 Et
3050 2522 3189 2595 quid
3222 2526 3361 2579 sunt
3392 2522 3547 2580 solli-

1893 2610 2183 2669 citudines
2228 2611 2408 2684 hujus
2452 2611 2682 2683 mundi,
2713 2611 2829 2668 nisi
2860 2611 3127 2683 quaedam
3171 2611 3541 2683 offendicula,

1893 2716 2021 2773 qua
2042 2699 2303 2757 animam
2324 2700 2687 2773 praecipitant
2704 2700 2790 2756 vel
2814 2699 3155 2756 retardant?
3175 2700 3415 2774 Propter
3434 2700 3543 2757 hoc

1893 2804 2029 2862 ergo
2059 2788 2140 2844 ait
2184 2788 2470 2861 propheta
2501 2803 2515 2843 :
2547 2789 2614 2843 Et
2639 2804 2835 2860 aspera
2864 2791 2923 2845 in
2952 2790 3071 2844 vias
3096 2789 3294 2861 planas
3322 2788 3538 2859 (Ibid.).

1892 2878 2170 2950 Sequitur
2200 2894 2336 2951 pars
2363 2876 2552 2944 tertia,
2606 2877 2667 2933 in
2710 2895 2830 2950 qua
2870 2876 3127 2934 ostendit
3173 2875 3543 2951 Evangelista

1892 2967 2184 3039 quomodo
2230 2966 2556 3025 secundum
2585 2967 2892 3039 praefatum
2923 2965 3082 3022 Isaiae
3111 2965 3537 3038 testimonium,

1889 3055 2143 3112 Joannes
2190 3054 2419 3111 Christo
2468 3055 2876 3128 praeparaverit
2929 3054 3082 3112 viam
3132 3054 3380 3111 dicens:
3416 3056 3541 3112 Fuit

1888 3148 2126 3202 Joannes
2157 3147 2220 3201 in
2245 3145 2452 3201 deserto
2471 3145 2782 3217 praedicans
2801 3153 2852 3201 et
2874 3145 3157 3217 baptizari:
3179 3143 3534 3217 baptismoﬂ)

123 3217 423 3294 manente.
455 3237 560 3309 Ita,
592 3236 820 3303 fratres,
851 3234 1109 3291 Joannes
1158 3231 1270 3287 fuit
1294 3248 1401 3287 vox
1442 3229 1774 3288 clamantis.
1808 3217 1851 3285 C
1884 3236 2221 3307 paenitentiae
2287 3235 2349 3290 in
2411 3235 2788 3291 remissionem
2846 3242 3210 3306 peccatorum.
3281 3232 3536 3290 Joannes

120 3326 439 3383 Praecurrit
464 3325 706 3382 verbum
734 3323 858 3391 Dei,
886 3320 1033 3377 illud
1064 3319 1432 3394 praedicando
1459 3322 1518 3376 et
1546 3320 1782 3377 demon-

120 3414 370 3474 strando
399 3410 768 3489 signiﬁcavit.
801 3412 923 3467 Cito
951 3411 1082 3483 ejus
1111 3408 1445 3482 praedicatio
1473 3413 1531 3465 et
1581 3408 1777 3482 opinio

115 3504 378 3573 transiit,
409 3502 584 3559 verbo
616 3498 718 3558 Dei
768 3516 1004 3573 semper
1044 3501 1443 3571 permanente.
1475 3497 1778 3555 Clamabat

116 3597 319 3650 autem
350 3592 412 3647 in
440 3592 673 3647 deserto
694 3587 1149 3658 Judeaa,scilicet
1177 3587 1251 3643 ab
1280 3586 1441 3643 omni
1472 3587 1624 3644 bono
1646 3588 1774 3659 jam

114 3683 383 3749 deserta,
402 3679 462 3736 in
494 3692 613 3753 qua
643 3692 757 3736 non
789 3682 919 3735 sata
943 3676 1373 3744 virtutum,sed
1404 3676 1587 3749 spinas
1615 3675 1777 3733 vitio-

113 3780 254 3827 rum
283 3768 642 3837 crescebant,
675 3772 734 3825 et
777 3769 1043 3824 monstra
1087 3764 1396 3831 scelerum,
1430 3782 1546 3823 non
1578 3765 1774 3838 imago

113 3859 222 3917 Dei
251 3858 577 3916 habitabat.
621 3857 748 3914 Non
795 3856 989 3914 solum
1030 3860 1230 3912 autem
1273 3854 1548 3923 Joannes,
1582 3854 1685 3911 sed
1715 3860 1775 3911 et

114 3960 249 4017 nos,
309 3946 541 4019 fratres,
571 3962 681 4003 vox
720 3945 1032 4003 clamantis
1078 3954 1310 4011 sumus,
1340 3943 1390 4001 si
1436 3944 1496 4000 in
1546 3943 1777 4000 deserto

116 4038 301 4110 hujus
331 4036 537 4094 mundi
569 4040 903 4110 peccatores
922 4032 1389 4107 increpamus,si
1409 4049 1510 4089 eos
1541 4032 1780 4089 commi-

119 4125 358 4183 natione
384 4126 665 4199 gehennae
702 4129 1015 4194 terremus,
1049 4124 1098 4180 si
1127 4122 1371 4179 verbum
1402 4121 1527 4189 Dei,
1559 4121 1620 4178 in
1650 4138 1777 4179 cor-

118 4215 301 4273 dibus
327 4230 553 4282 eorum,
584 4215 761 4270 verbo
792 4217 851 4270 et
896 4211 1158 4284 exemplo
1207 4210 1593 4268 nominamus.
1627 4211 1777 4279 Quid

121 4303 415 4361 clamabat
444 4320 460 4360 :
495 4306 696 4360 Parata
716 4304 867 4358 viam
895 4301 1132 4369 Domini,
1165 4308 1338 4357 rectas
1364 4301 1532 4371 facite
1557 4302 1778 4356 semitas

119 4395 257 4467 ejus.
291 4388 419 4450 Una
446 4397 538 4450 est
564 4392 661 4449 via
689 4404 924 4465 magna,
954 4404 1058 4462 per
1103 4405 1282 4461 quam
1329 4387 1499 4444 multi
1532 4389 1774 4446 vadunt.

119 4482 355 4540 Semita
385 4487 527 4540 sunt
558 4480 778 4555 plures,
810 4482 1074 4553 angustae
1104 4481 1161 4535 et
1190 4478 1640 4550 compendiosas.
1672 4478 1779 4535 Via

118 4572 303 4646 igitur
331 4575 422 4628 est
452 4570 785 4628 Christiana
826 4567 1053 4658 religio,
1082 4584 1185 4641 per
1231 4583 1409 4658 quam
1459 4567 1658 4658 plures
1702 4568 1775 4624 ad
1803 4590 1854 4658 Β

120 4661 305 4717 Deum
336 4660 651 4727 vadunt,et
672 4659 830 4715 Deus
859 4657 931 4715 ad
957 4655 1155 4730 plures
1181 4655 1358 4713 venit.
1375 4656 1607 4713 Semitas
1638 4660 1779 4714 sunt

120 4748 521 4822 compendiosi
548 4751 612 4805 et
639 4746 783 4804 arcti
813 4745 973 4803 modi.
1014 4744 1265 4812 vivendi,
1298 4748 1366 4801 ut
1409 4745 1529 4801 vita
1569 4745 1777 4802 eremi-

117 4838 256 4905 tica,
287 4836 624 4895 claustralis
672 4839 730 4893 et
775 4835 1024 4892 reclusa.
1077 4835 1366 4906 Utrisque,
1417 4834 1647 4904 fratres,
1676 4835 1776 4891 de-

119 4927 262 4982 bent
291 4925 585 4998 parari,ut
612 4929 867 4999 quatuor
885 4923 1159 4991 habeant,
1175 4921 1574 4991 directionem,
1591 4940 1781 4995 aequa-

120 5016 368 5081 litatem,
414 5012 848 5081 rectitudinem,
898 5016 956 5069 et
1010 5011 1335 5085 planitiem.
1385 5011 1777 5068 Directionem

124 5102 261 5160 ﬁnis
294 5106 359 5159 ut
384 5103 455 5159 ad
488 5101 787 5159 Christum
819 5103 1017 5168 ducat,
1049 5099 1152 5173 qui
1182 5105 1273 5156 est
1304 5100 1438 5156 finis
1486 5100 1559 5156 ad
1597 5101 1777 5172 justi-

124 5193 268 5249 tiam
300 5191 462 5249 omni
491 5191 773 5248 credenti.
802 5189 927 5247 Nisi
958 5189 1117 5246 enim
1144 5189 1214 5245 ad
1255 5188 1550 5245 Christum
1581 5191 1775 5260 ducat,

127 5298 241 5339 non
272 5285 365 5338 est
392 5280 506 5351 via,
531 5281 632 5337 sed
663 5279 909 5336 invium.
934 5279 1176 5351 PrOpter
1203 5278 1314 5334 hoc
1343 5278 1428 5334 ait
1453 5279 1738 5351 propheta
1762 5296 1775 5335 :

126 5372 314 5428 Recta:
357 5372 524 5444 facite
563 5372 786 5426 sanitas
811 5370 949 5442 ejus.
1004 5365 1433 5440 Equalitatem,
1464 5371 1531 5423 ut
1559 5367 1782 5425 scilicet

126 5475 242 5518 non
271 5458 528 5518 elevatur
556 5470 659 5532 per
687 5460 917 5516 montes
938 5456 1247 5531 superbiae,
1261 5472 1368 5514 nec
1387 5455 1782 5530 praecipitetur

196 5638 308 5717 εν)
328 5628 505 5714 Valgi
531 5635 728 5697 solum
756 5632 940 5696 habet
959 5634 1276 5712 praedicam
1304 5634 1654 5711 baptismum.

449 5766 724 5830 Pas-act.
768 5761 937 5831 CLV.

1887 3323 2104 3397 quippe
2133 3336 2293 3380 more
2335 3322 2471 3379 boni
2502 3322 2915 3396 praedicatoris.
2949 3340 3065 3379 non
3114 3322 3305 3380 solum
3335 3322 3531 3392 verba,

1886 3412 1990 3469 sed
2037 3412 2213 3469 etiam
2262 3411 2525 3485 exemplo
2572 3412 2725 3467 viam
2779 3411 3006 3469 Christo
3054 3411 3415 3485 praeparavit.
3470 3412 3541 3467 Et

1884 3502 2050 3575 prius
2073 3501 2134 3557 in
2166 3518 2249 3570 se,
2282 3505 2415 3574 post
2439 3501 2498 3556 in
2531 3500 2702 3557 aliis:
2739 3501 2802 3557 In
2833 3518 2917 3573 se,
2946 3500 3103 3557 viam
3133 3499 3360 3557 Christo
3391 3516 3537 3573 prai-

1885 3590 2298 3665 paravit,unde
2329 3591 2700 3648 sanctitatem
2729 3590 2859 3659 ejus
2887 3590 3125 3664 exponit
3142 3588 3534 3663 evangelista:

1880 3682 2029 3749 Fuit,
2080 3679 2294 3752 inquit,
2352 3682 2588 3737 Joannes
2644 3682 2705 3736 in
2759 3680 2985 3737 deserto.
3044 3679 3105 3735 In
3165 3678 3317 3749 aliis,
3380 3678 3539 3736 viam

1882 3769 2109 3825 Christo
2139 3768 2506 3842 praeparavit,
2539 3769 2692 3825 unde
2737 3773 2795 3825 et
2843 3768 3038 3842 plures
3086 3770 3159 3825 ad
3210 3785 3346 3825 eum
3401 3785 3541 3825 con-

1881 3858 2122 3915 fluxisse
2152 3859 2510 3925 referuntur,
2542 3875 2678 3914 cum
2700 3857 2916 3914 dicitur
2938 3875 2952 3914 :
2976 3859 3041 3914 Et
3067 3858 3445 3930 egrediebatur
3467 3858 3538 3914 ad

1885 3965 2011 4005 eum
2039 3949 2214 4003 omnis
2240 3947 2453 4005 Iudaeae
2481 3949 2658 4021 regio,
2690 3951 2799 4004 etc.
2831 3946 3216 4003 Praecucurrit
3244 3945 3424 4019 igitur
3450 3945 3540 4003 lu-

1887 4053 2061 4093 cerna
2089 4035 2293 4093 lucens
2322 4036 2692 4107 praedicando
2722 4051 2791 4092 ea
2820 4052 2947 4107 quas
2969 4034 3236 4090 Christus
3259 4038 3383 4090 erat
3401 4052 3541 4107 prae-

1885 4125 2209 4182 dicaturus.
2270 4124 2537 4181 Christus
2586 4123 2880 4195 siquidem
2938 4127 3062 4179 erat
3116 4122 3539 4195 praedicaturus

1886 4215 2108 4271 mundo
2134 4213 2557 4286 paenitentiam,
2576 4212 2959 4285 baptismum,
2978 4216 3293 4286 utramque
3318 4212 3411 4269 sui
3437 4229 3539 4269 na-

1885 4307 2102 4370 turam,
2133 4301 2416 4360 moralem
2445 4302 2791 4369 doctrinam,
2825 4303 3152 4359 secundum
3196 4302 3535 4371 adventum,

1884 4391 2131 4466 gloriam
2154 4392 2455 4463 justorum
2503 4394 2562 4447 et
2608 4407 2840 4463 pmnam
2886 4392 3287 4464 reproborum.
3330 4390 3540 4447 Omnia

1885 4482 2006 4538 haec
2027 4480 2354 4555 praecursor
2378 4480 2812 4554 praenuntiavit.
2840 4480 3251 4539 Paenitentiam
3280 4494 3536 4552 namque

1886 4587 2002 4626 non
2034 4569 2227 4626 solum
2259 4568 2594 4642 predicavit
2622 4569 2824 4626 dicens
2852 4586 2864 4625 :
2899 4570 3081 4625 Facite
3107 4571 3319 4641 fructus
3347 4568 3539 4640 dignos

1882 4660 2242 4731 paenitentiae,
2270 4659 2371 4715 sed
2412 4657 2589 4715 etiam
2621 4658 2679 4713 in
2712 4675 2774 4715 se
2804 4656 3067 4731 exemplo
3098 4656 3538 4728 demonstravit,

1886 4747 1946 4803 in
1996 4746 2310 4821 asperitate
2363 4746 2496 4817 loci,
2544 4747 2811 4813 vestitus,
2845 4750 2903 4802 et
2947 4746 3158 4803 victus.
3211 4745 3365 4814 Loci,
3401 4744 3540 4818 quia

1885 4836 2170 4893 habitavit
2199 4836 2258 4891 in
2290 4837 2519 4893 deserto
2554 4836 2871 4903 solitarius,
2904 4836 3004 4908 qui
3038 4835 3201 4892 locus
3222 4838 3309 4892 est
3339 4851 3541 4891 conve-

1887 4924 2055 4981 niens
2086 4925 2668 4997 pcenitentibus,tum
2688 4942 2761 4982 ne
2786 4923 3276 4982 cohabitationem
3308 4923 3542 4981 saecula-

1888 5014 2041 5069 rium
2074 5015 2146 5071 ad
2169 5014 2417 5086 pristina
2438 5019 2674 5086 peccata
2695 5014 3049 5070 relabantur.
3075 5013 3237 5070 Unde
3257 5017 3314 5070 et
3335 5014 3534 5082 David,

1885 5104 2037 5171 Ecce,
2070 5103 2282 5175 inquit,
2314 5105 2565 5173 elongavi
2591 5105 2829 5175 fugiens,
2863 5106 2920 5158 et
2946 5104 3131 5159 mansi
3155 5104 3214 5158 in
3241 5102 3541 5159 solitudine

1887 5194 2058 5263 (Psal.
2092 5195 2224 5263 Liv),
2256 5196 2385 5247 tum
2417 5193 2554 5265 quia
2584 5192 2844 5248 fecerunt
2881 5209 2943 5248 se
2974 5191 3407 5249 cohabitatione
3433 5192 3539 5249 ho-

1890 5283 2119 5338 minum
2149 5281 2446 5355 indignos,
2470 5281 2607 5355 quia
2636 5281 2788 5337 malo
2819 5280 3083 5354 exemplo
3132 5286 3536 5356 corruperunt,

1881 5373 2045 5444 justa
2077 5370 2231 5443 quod
2262 5371 2402 5427 Cain
2430 5375 2563 5443 post
2609 5369 2995 5427 fratricidium
3047 5371 3329 5447 profugus
3358 5371 3542 5428 fuisse

1892 5463 2167 5519 narratur
2197 5459 2354 5537 (Gen.
2386 5463 2485 5531 ιγ).
2517 5458 2800 5529 Vestitus,
2834 5460 2974 5537 quia
3013 5467 3132 5520 erat
3168 5463 3389 5520 aestima
3416 5460 3544 5519 vilia

3138 5764 3219 5832 53
