3988 6074
427 338 584 404 {6'13

1428 336 1825 400 ADDENDA.
1857 368 1939 383 -—
1965 331 2370 401 RADULPHI
2413 334 2831 399 ARDENTIS.

3678 331 3842 397 ισιθ

426 474 638 544 cameli,
673 478 723 528 et
754 488 890 527 zona
914 471 1143 544 pellicea
1172 473 1317 527 circa
1349 472 1558 527 lumbos
1608 473 1743 543 ejus.
1778 471 1881 527 Pili
1916 470 2071 527 enim
2103 472 2157 539 Α
2186 475 2317 527 cata
2345 470 2563 544 scripta
2593 474 2732 527 sunt
2760 468 2833 526 ad
2864 467 3208 526 cavendum.
3230 466 3297 525 Et
3328 466 3380 525 si
3409 467 3556 525 forte
3585 468 3845 543 contige.

427 560 786 618 camelorum
819 563 876 616 et
905 559 1160 616 cilicium
1187 560 1356 633 signa
1385 564 1523 616 sunt
1551 560 1923 632 paenitentiae,
1950 564 2077 616 tum

429 655 668 724 propter
695 650 1068 722 asperitatem
1099 653 1155 706 et
1182 650 1582 722 punctionem,
1602 653 1727 705 tum
1752 650 1891 722 quia
1910 649 2081 723 signa

431 744 572 795 sunt
598 740 933 794 tunicarum
968 738 1362 811 pellicearum,
1407 738 1624 810 quibus
1670 738 1863 794 induti
1902 738 2079 811 primi

430 831 700 901 parentes
746 846 780 883 a
827 829 1096 900 paradiso
1153 828 1371 883 exclusi
1417 832 1556 884 sunt
1584 828 1737 896 (Gen.
1787 828 1891 900 ιιι).
1924 828 2080 883 Zona

431 916 671 990 pellicea
700 917 934 990 signum
965 921 1054 972 est
1084 917 1454 989 paenitentiae,
1488 921 1612 972 tum
1649 921 1885 989 propter
1917 915 2078 972 duri-

426 1006 570 1062 tiam
585 1010 639 1062 et
651 1006 1179 1078 asperitatem,tum
1193 1010 1429 1078 pr0pter
1439 1004 1821 1062 restrictionis
1834 1004 2078 1061 luxurias

429 1093 937 1168 significationem.
958 1094 1181 1160 Victus,
1210 1092 1347 1166 quia
1370 1095 1479 1149 mel
1503 1094 1762 1167 sylvestre
1779 1101 1832 1150 ct
1849 1095 2080 1149 locastas

427 1182 633 1239 edebat.
651 1182 853 1239 Victus
876 1183 1032 1239 enim
1060 1182 1449 1251 vilis,crudus
1475 1187 1533 1238 et
1563 1183 1887 1256 imparatus
1918 1182 2081 1238 decet

426 1273 797 1345 poenitentes,
825 1272 925 1345 qui
957 1290 1061 1345 per
1086 1271 1405 1345 ingluviem
1438 1272 1651 1345 saepius
1673 1274 2075 1345 peccaverunt.

412 1360 485 1445 .Si
516 1361 914 1433 ergo,fratres,
929 1361 1184 1417 Joannes
1206 1361 1278 1416 ab
1299 1364 1462 1417 utero
1493 1360 2080 1427 sanctificatus,tanta

426 1451 739 1523 asperitate
769 1467 831 1506 se
859 1451 1184 1523 castigavit,
1209 1450 1347 1522 quid
1379 1467 1486 1507 nos
1516 1450 1714 1506 miseri
1746 1454 2080 1523 peccatores

425 1539 613 1596 facere
661 1539 987 1596 debemus?
1026 1539 1392 1612 Baptismum
1441 1555 1673 1613 quoque
1720 1555 1835 1595 non
1885 1538 2077 1595 solum

425 1628 776 1700 praedicavit,
797 1630 898 1685 sed
930 1628 1105 1685 etiam
1129 1628 1402 1701 pluribus
1432 1629 1742 1697 dedit,non
1774 1629 1929 1701 quod
1954 1644 2080 1701 pec-

424 1721 555 1773 cata
583 1717 924 1784 dimitteret,
959 1719 1059 1775 sed
1092 1718 1233 1791 quia
1274 1719 1344 1774 ad
1376 1717 1777 1790 paenitentiam
1808 1717 2077 1774 homines

424 1807 788 1875 monebat,et
808 1808 879 1862 ad
906 1807 1268 1880 baptismum
1299 1807 2077 1879 assuefaciebat.Utramque

422 1898 695 1951 naturam
729 1895 939 1952 Christi
962 1898 1315 1969 praedicavit,
1329 1902 1386 1953 et
1406 1897 1583 1953 etiam
1612 1896 1807 1970 ipsum
1839 1898 2074 1953 demon-

422 1984 664 2041 stravit:
699 1985 1276 2059 Ecce,inquit,Agnus
1307 1989 1429 2055 Dei,
1442 1995 1495 2042 et
1522 1988 1620 2059 qui
1642 1995 1765 2058 post
1789 2003 1875 2042 me
1903 1987 2070 2055 venit,

423 2082 549 2130 ante
576 2090 662 2130 me
704 2076 880 2144 factus
920 2083 1000 2131 est
1040 2077 1219 2145 (Joan.
1249 2075 1309 2148 ι).
1363 2074 1659 2131 Moraliter
1704 2092 1937 2147 quoque
1982 2075 2072 2130 in-

423 2164 636 2219 struxit
665 2164 865 2219 dicens
899 2181 911 2218 :
950 2164 1058 2232 Qui
1084 2165 1243 2219 habet
1273 2164 1409 2219 duas
1451 2165 1687 2231 tunicas,
1718 2163 1806 2220 det
1833 2179 1941 2220 non
1972 2164 2072 2220 ha-

425 2252 590 2307 benti.
621 2254 689 2307 Et
717 2253 814 2324 qui
843 2252 1000 2307 habet
1028 2268 1177 2307 escas
1223 2252 1485 2308 similiter
1530 2255 1727 2324 faciat.
1779 2253 1930 2322 (Luc.
1962 2252 2068 2324 ιιι).

422 2339 759 2396 Secundum
790 2357 924 2396 vero
955 2341 1266 2397 adventum
1309 2340 1641 2413 praedicavit
1669 2340 1870 2397 dicens
1903 2358 1917 2397 :
1948 2343 2072 2398 lam

417 2430 626 2484 securis
666 2428 736 2484 ad
782 2429 1019 2486 radicem
1062 2429 1272 2487 arboris
1309 2432 1489 2503 posita
1529 2439 1608 2487 est
1638 2431 1841 2504 (lbid.).
1874 2430 2070 2487 Justo-

421 2533 553 2573 rum
584 2517 760 2573 etiam
792 2517 1296 2590 glorificationem,
1329 2523 1387 2575 et
1415 2520 1794 2592 reproborum
1825 2520 2068 2576 damna-

418 2604 636 2661 tionem
668 2607 1001 2680 praedicavit
1030 2607 1229 2664 dicens
1264 2625 1277 2663 :
1310 2609 1375 2664 Et
1412 2610 1781 2665 ventilabrum
1809 2610 1869 2663 in
1900 2626 2069 2665 manu

417 2695 622 2767 ejus,et
643 2699 903 2769 purgavit
930 2714 1115 2753 arcam
1142 2715 1319 2753 suam.
1338 2698 1515 2755 Grana
1540 2706 1703 2770 ponet
1734 2700 1796 2753 in
1814 2699 2071 2754 horreum

296 2784 303 2789 ’
416 2800 599 2857 suum,
654 2787 844 2857 paleas
908 2803 1030 2843 vero
1100 2787 1372 2843 comburct
1433 2789 1554 2859 igni
1622 2789 2071 2857 inexstinguibiti

421 2873 622 2946 (Ibid).
658 2875 766 2930 Per
810 2892 1012 2949 grana,
1047 2876 1273 2945 fratres,
1307 2877 1712 2949 signiﬁcantur
1738 2877 1896 2943 boni,
1930 2877 2069 2948 quia

419 2964 513 3019 sui
546 2964 760 3020 unione
792 2967 1109 3021 conﬁciunt
1136 2983 1345 3038 corpus
1375 2965 1608 3033 Christi,
1639 2964 1699 3021 id
1742 2970 1832 3022 est
1872 2964 2067 3022 Eccle-

417 3051 588 3121 siam,
604 3057 661 3109 et
679 3054 816 3126 quia
835 3055 919 3111 eis
942 3055 1202 3127 pascitur
1220 3060 1277 3110 et
1305 3054 1627 3111 delectatur
1655 3055 1833 3122 Deus,
1850 3059 1907 3111 et
1929 3055 2069 3128 quia

415 3142 577 3216 digni
619 3148 759 3199 sunt
807 3143 1215 3200 reservatione.
1266 3145 1376 3200 Per
1417 3144 1614 3216 paleas
1658 3145 2067 3217 exprimuntur

2187 560 2263 615 rit
2296 578 2403 617 nos
2431 559 2490 615 in
2518 558 2621 615 illa
2648 559 2997 627 cadere,non
3024 558 3424 631 desperemus,
3439 558 3539 615 sed
3571 557 3843 630 exemplo

2186 648 2365 705 David
2397 649 2467 705 ad
2500 646 2822 705 remedium
2858 645 3206 721 paenitentis:
3256 663 3651 703 recurramus.
3684 646 3845 710 Quo-

2186 739 2358 794 modo
2386 737 2584 794 valent
2632 738 2704 793 ad
2757 741 3016 793 nostram
3065 735 3394 792 doctrinam
3439 752 3569 808 quae
3618 734 3847 809 scripta

2187 827 2361 883 sunt?
2379 830 2442 885 Ut
2455 844 2548 900 per
2564 828 2911 899 patientiam,
2924 825 3135 898 inquit,
3149 833 3201 882 et
3211 826 3638 882 consolationem
3658 826 3849 898 Scrip-

2186 925 2465 983 turarum,
2497 915 2553 972 id
2585 919 2675 972 est
2703 933 2830 989 quae
2874 915 3153 988 leguntur
3198 913 3258 969 in
3311 913 3653 987 Scripturis,
3688 930 3846 987 spe:

2184 1007 2504 1062 habeamus.
2529 1004 2812 1062 Similiter
2839 1004 3030 1078 potuit
3057 1002 3271 1072 dicere,
3296 1006 3360 1058 ut
3388 1018 3493 1076 per
3520 1003 3852 1060 commina-

2182 1094 2402 1152 tionem
2415 1094 2851 1167 Scripturarum
2861 1093 3185 1150 habeamus
3195 1092 3463 1148 timorem
3473 1135 3487 1148 .
3503 1092 3677 1148 Sicut
3687 1092 3849 1150 enim

2188 1183 2491 1257 Scriptura
2518 1199 2687 1240 sacra
2716 1182 3051 1240 dolentibus
3079 1181 3370 1254 promittit
3389 1197 3578 1253 spem,
3597 1180 3685 1237 ita
3705 1198 3848 1238 uno

2186 1273 2579 1346 gaudentibus
2598 1272 2891 1330 timorem.
2909 1271 2969 1328 Si
2991 1287 3128 1345 ergo
3149 1269 3313 1327 doles
3340 1269 3402 1327 in
3433 1270 3848 1339 adversis,non

2188 1363 2483 1436 desperes,
2514 1362 2616 1418 sed
2646 1361 2774 1436 lege
2800 1365 3084 1441 quantam
3114 1358 3459 1434 patientiam
3492 1359 3715 1416 habuit
3740 1359 3846 1417 Job

2186 1450 2247 1507 in
2280 1449 2632 1519 adversis,et
2658 1454 2942 1522 quantam
2971 1448 3255 1506 Dominus
3280 1447 3545 1505 exhibuit
3567 1448 3625 1505 ei
3644 1465 3848 1505 conso-

2184 1539 2487 1609 lationem,
2517 1546 2575 1596 et
2602 1539 2848 1597 habebis
2879 1555 3065 1612 spem,
3099 1542 3165 1594 ut
3188 1554 3292 1611 per
3321 1536 3578 1595 similem
3610 1537 3849 1611 patien-

2186 1630 2352 1697 tiam,
2383 1630 2455 1686 ad
2488 1629 2741 1687 similem
2770 1628 2972 1686 venias
3010 1626 3490 1685 consolationem.
3522 1626 3587 1683 Si
3617 1628 3849 1701 gaudes

2184 1717 2242 1774 in
2276 1718 2592 1792 prosperis,
2636 1717 2757 1775 noli
2799 1733 3174 1792 praesumere,
3224 1717 3326 1774 sed
3377 1715 3503 1788 lege
3549 1720 3847 1789 quantam

2185 1808 2627 1882 prosperitatem
2656 1808 2866 1865 habuit
2894 1807 3191 1873 Salomon,
3214 1810 3273 1862 et
3301 1807 3373 1862 ad
3396 1808 3687 1879 quantam
3711 1805 3847 1862 inde

2184 1897 2494 1972 prolapsus
2522 1902 2614 1955 est
2640 1896 3047 1971 ignominiam,
3078 1901 3137 1953 et
3166 1894 3408 1954 habebis
3436 1894 3741 1964 timorem,
3775 1909 3847 1953 ne

2182 2004 2286 2061 per
2313 1986 2567 2044 similem
2598 1985 3152 2061 prosperitatem,ad
3173 1983 3427 2042 similem
3446 1982 3651 2041 venias
3682 1983 3847 2056 igno-

2182 2076 2448 2133 miniam.
2483 2077 2595 2134 Sed
2654 2076 2794 2150 quia
2839 2076 2911 2132 ad
2960 2076 3169 2132 fratres
3217 2073 3444 2131 efﬁctos
3486 2073 3846 2146 loquebatur

2181 2164 2513 2239 Apostolus,
2528 2166 2599 2222 de
2627 2164 2754 2222 sola
2782 2164 3069 2238 patientia
3095 2168 3153 2220 et
3174 2179 3277 2237 spe
3295 2162 3431 2220 facit
3451 2162 3840 2220 mentionem.

2180 2254 2293 2310 Sed
2323 2255 2464 2327 quia
2492 2254 2617 2313 sola
2646 2270 2783 2328 spes
2804 2244 2918 2310 non
2942 2252 3163 2310 sufficit
3181 2252 3252 2309 ad
3273 2251 3546 2319 salutem,
3564 2250 3841 2325 sequitur

2180 2344 2438 2400 secunda
2468 2360 2625 2417 pars,
2658 2342 2717 2398 in
2748 2359 2868 2416 qua
2896 2346 3058 2415 optat
3086 2340 3171 2398 eis
3200 2341 3329 2397 dari
3358 2357 3393 2397 a
3421 2339 3538 2396 Deo
3570 2337 3837 2396 consola-

2177 2436 2301 2489 tore
2357 2432 2418 2488 in
2478 2433 2613 2489 ﬁdei
2660 2431 3025 2490 confessione
3073 2428 3543 2487 unanimitatem.
3575 2428 3833 2485 dicens:

2176 2523 2317 2578 Deus
2346 2530 2529 2579 autem
2554 2523 2746 2579 solatii
2771 2521 2859 2578 det
2881 2520 3031 2577 vobis
3050 2535 3258 2593 sapere.
3272 2518 3383 2577 Sed
3417 2518 3558 2591 quia
3586 2517 3834 2590 quidam

2178 2610 2329 2667 male
2359 2609 2730 2684 sapiunt,alii
2761 2609 3076 2683 plusquam
3105 2611 3333 2682 oportet
3358 2606 3618 2680 sapiunt,
3634 2606 3837 2663 subdit

2174 2700 2469 2757 secundum
2495 2703 2677 2758 Jesum
2707 2699 3002 2756 Christum.
3025 2698 3138 2755 Sed
3167 2696 3309 2770 quia
3335 2696 3550 2754 iterum
3580 2695 3829 2768 quidam

2176 2789 2428 2847 haeretici
2450 2795 2507 2845 et
2527 2787 2888 2845 schismatici
2909 2788 3167 2844 dicentes
3188 2802 3251 2843 se
3270 2802 3475 2859 sapere
3496 2785 3828 2842 secundum

2174 2877 2376 2934 Jesum
2410 2877 2729 2946 Christum,
2762 2876 3040 2934 scindunt
3068 2875 3244 2932 ﬁdem
3275 2872 3508 2942 Christi,
3535 2873 3705 2930 addit
3728 2873 3830 2930 ids-

2171 2984 2352 3039 psum,
2385 2966 2444 3023 id
2473 2969 2562 3023 est
2592 2983 2775 3023 unum
2806 2965 2984 3022 idem.
3017 2964 3129 3021 Sed
3167 2963 3311 3036 quia
3336 2961 3552 3020 iterum
3583 2962 3828 3036 quidam

2174 3056 2322 3113 bene
2342 3057 2601 3130 sapiunt,
2617 3056 2717 3113 sed
2740 3055 2917 3111 rudes
2936 3058 2992 3111 et
3020 3057 3282 3110 errantes
3311 3052 3542 3109 erudire
3571 3056 3835 3107 contem-

2174 3150 2343 3214 nunt,
2359 3146 2559 3202 subdit
2588 3148 2646 3201 in
2678 3145 3026 3201 alterutrum.
3044 3142 3171 3199 Non
3203 3141 3363 3198 enim
3382 3140 3605 3198 sufﬁcit
3633 3140 3829 3208 nobis,

411 3230 573 3298 mali,
607 3231 746 3304 quia
773 3232 926 3289 leves
955 3238 1124 3289 vento
1162 3233 1437 3290 vanitatis
1485 3237 1541 3289 et
1582 3233 1889 3306 superbiae,
1924 3234 2063 3306 quia
2091 3219 2135 3285 C
2171 3239 2238 3290 ut
2267 3234 2436 3291 nobis
2465 3234 2612 3291 bene
2641 3233 2962 3308 sapiamus,
2980 3231 3097 3288 nisi
3128 3235 3187 3288 et
3214 3229 3351 3288 aliis
3380 3230 3534 3287 bona
3561 3229 3715 3286 bene
3744 3246 3831 3286 sa-

409 3320 578 3386 aridi,
611 3321 737 3376 sine
769 3339 896 3378 rore
918 3322 1134 3395 gratiae,
1159 3324 1298 3395 quia
1326 3326 1466 3379 sunt
1497 3323 1617 3395 apti
1647 3322 1753 3378 soli
1784 3322 2057 3379 ﬂammas.

409 3408 653 3481 Utrique
695 3415 914 3480 tamen,
948 3411 1100 3467 sicut
1130 3411 1297 3483 palea
1323 3416 1379 3467 et
1408 3427 1592 3485 grana
1614 3413 1685 3468 de
1715 3412 1918 3468 eodem
1950 3429 2056 3468 na-

409 3503 659 3554 scuntur
687 3501 930 3568 semine,
966 3499 1143 3557 simul
1176 3505 1464 3568 crescunt,
1498 3499 1678 3557 simul
1703 3500 2060 3574 colliguntur

408 3590 467 3642 et
488 3587 807 3658 jactantur,
820 3592 1017 3645 tamen
1046 3589 1105 3644 in
1138 3590 1367 3659 area,id
1388 3593 1477 3645 est
1499 3589 1559 3645 in
1578 3589 2057 3660 judicio,summi

400 3675 622 3747 judicis
676 3676 998 3734 ventilabro
1057 3678 1483 3745 discernentur,
1529 3682 1587 3734 et
1642 3678 1812 3734 ibunt
1854 3678 1937 3734 illi
1993 3679 2055 3736 in

354 3803 363 3825 .
406 3763 755 3836 gehennam,
788 3765 885 3821 isti
917 3765 976 3820 in
1022 3767 1201 3822 vitam
1252 3771 1549 3823 aeternam.
1582 3767 1807 3831 Quibus
1847 3768 2054 3825 merito

405 3856 463 3907 et
490 3853 728 3925 praemio
760 3871 867 3911 nos
897 3855 1156 3912 adunare
1186 3855 1461 3929 dignetur
1501 3854 1786 3912 Dominus
1836 3860 2052 3915 noster.

402 3946 613 3998 Amen.

1013 4033 1306 4089 HOMILIA
1342 4034 1435 4089 ΙΙΙ.

756 4138 1034 4177 ΒΟΜῙΝῙΟΑ
1079 4139 1337 4179 SECUNDA
1374 4139 1689 4179 ADVENTUS.

471 4210 816 4283 Quaecunque
856 4213 1055 4283 scripta
1115 4220 1261 4280 sunt,
1324 4211 1394 4267 ad
1451 4219 1693 4268 nostram
1740 4212 2045 4269 doctrinam

394 4300 595 4371 scripta
626 4309 754 4356 sunt
786 4301 955 4373 (Rom.
987 4301 1099 4374 xv),
1136 4305 1243 4358 etc.
1278 4301 1339 4356 In
1371 4301 1480 4357 hac
1512 4300 1803 4369 Lectione,
1837 4302 2044 4359 fratres

394 4387 746 4457 charissimi,
780 4390 849 4445 ad
884 4390 997 4446 tria
1028 4406 1133 4447 nos
1163 4390 1436 4447 hortatur
1464 4388 1797 4462 Apostolus,
1832 4394 1898 4446 ut
1926 4391 2042 4447 sci-

391 4475 527 4533 licet
543 4478 866 4535 habeamus
889 4479 947 4535 in
967 4480 1224 4536 adversis
1243 4497 1427 4553 spem,
1443 4480 1501 4534 in
1522 4478 1655 4534 fidei
1678 4479 2040 4537 confessione

392 4567 863 4636 unanimitatem,
888 4568 947 4623 in
979 4568 1259 4624 charitate
1288 4568 1685 4641 proximorum
1715 4569 2039 4641 susceptio-
2069 4590 2117 4656 D

390 4656 757 4712 nem.Monet
785 4657 964 4729 igitur
993 4675 1101 4713 nos
1121 4658 1465 4713 auctoritate
1494 4674 1670 4714 sacrae
1699 4656 2031 4730 Scriptura,

387 4749 455 4800 ut
484 4745 544 4800 in
576 4746 834 4802 adversis
865 4762 1028 4818 spem
1059 4746 1402 4813 habeamus,
1437 4746 1657 4813 dicens,
1692 4748 2039 4820 Quaecunque

384 4836 587 4905 scripta
614 4843 761 4906 sunt,
793 4836 863 4890 ad
906 4844 1149 4891 nostram
1184 4836 1489 4891 doctrinam
1514 4836 1719 4908 scripta
1745 4844 1890 4892 sunt.
1924 4837 2034 4893 Sed

346 4956 353 4961 -
385 4923 543 4978 dices
577 4940 589 4978 :
622 4923 921 4986 Quomodo
953 4924 1305 4981 adulterium
1337 4924 1538 4992 David,
1564 4924 1841 4997 superbia
1870 4925 2030 4994 Saul,

385 5011 737 5067 effeminatio
792 5013 1141 5081 Salomonis,
1196 5017 1251 5069 et
1309 5017 1513 5092 caetera
1570 5012 1727 5069 mala
1785 5031 1910 5086 quae
1971 5015 2030 5070 in

383 5099 682 5170 Scriptura
704 5100 972 5174 legimus,
990 5104 1059 5158 ad
1080 5106 1337 5159 nostram
1357 5101 1648 5175 pertinent
1667 5103 2031 5159 doctrinam?

379 5187 697 5260 Pcrtinent,
732 5191 936 5247 fratres
993 5193 1127 5257 moi,
1178 5191 1226 5246 si
1283 5191 1668 5248 intentionem
1719 5192 2029 5248 scribentis

379 5276 839 5336 consideremus.
875 5279 1226 5335 Scribuntur
1256 5280 1409 5335 enim
1444 5280 1503 5335 in
1535 5297 1701 5336 sacra
1729 5278 2030 5352 Scriptura

376 5363 605 5421 diversa
652 5366 972 5423 intentione
1018 5372 1289 5440 quatuor,
1324 5368 1500 5435 mala,
1534 5369 1705 5436 bona,
1738 5367 2028 5442 supplicia

375 5456 431 5509 et
460 5455 717 5527 praemia.
753 5455 905 5511 Mala
936 5455 1151 5528 scripta
1190 5461 1329 5511 sunt
1375 5458 1447 5512 ad
1497 5458 1838 5526 cavendum,
1875 5458 2027 5515 bona

373 5543 445 5598 ad
460 5542 836 5611 imitandum,
851 5544 1138 5617 supplicia
1158 5546 1229 5600 ad
1248 5545 1679 5615 deterrendum,
1696 5546 1933 5619 praemia
1948 5547 2021 5604 ad

371 5630 745 5691 imitandum.
777 5634 926 5709 Ergo
957 5632 1303 5691 adulterium
1335 5633 1514 5692 David
1547 5639 1605 5692 et
1647 5639 1854 5693 caetera
1883 5652 2022 5712 pec-

2168 3324 2423 3396 piamus.
2456 3323 2563 3388 Qui
2607 3322 2763 3380 enim
2812 3320 3100 3380 talentum
3147 3319 3447 3392 sapientis:
3491 3318 3827 3386 abscondit,

2160 3414 2332 3485 juxta
2378 3411 2779 3486 Evangelicam
2824 3408 3164 3484 parabolam
3220 3408 3565 3481 reprobatur
3611 3407 3824 3477 (latas.

2165 3505 2318 3572 xxv).
2352 3502 2515 3558 Unde
2545 3505 2603 3558 et
2631 3501 2918 3573 scriptum
2960 3503 3070 3556 est.
3118 3500 3196 3555 Ne
3240 3499 3475 3555 retineas
3505 3498 3737 3553 verbum
3764 3499 3823 3553 in

2165 3599 2399 3664 tempore
2434 3591 2631 3648 salutis
2661 3590 2850 3659 (Eccli.
2883 3589 2980 3661 ιν).
3011 3588 3080 3645 Et
3110 3587 3321 3644 iterum
3354 3603 3368 3642 :
3403 3587 3511 3655 Qui
3538 3586 3826 3644 abscondit

2163 3683 2460 3753 frumenta,
2492 3680 2847 3737 maledicetur
2886 3680 2950 3735 in
2992 3677 3212 3750 populis
3242 3675 3425 3750 (Prov.
3454 3675 3558 3748 χι).
3590 3675 3817 3749 Itaque,

2165 3770 2394 3838 fratres,
2427 3770 2527 3842 qui
2561 3770 2707 3826 bene
2737 3768 2911 3841 sapit,
2946 3765 3078 3823 aliis
3122 3767 3268 3823 bene
3314 3763 3543 3838 sapiat;
3573 3764 3679 3837 qui
3709 3765 3820 3822 scit

2164 3859 2471 3933 corrigere,
2503 3862 2794 3915 errantem
2829 3856 3120 3929 corrigat;
3153 3854 3255 3928 qui
3285 3854 3397 3911 scit
3424 3853 3572 3909 bene
3602 3870 3817 3911 consu-

2160 3947 2300 4017 lere,
2333 3946 2666 4005 inconsulto
2697 3944 2983 4003 consulat.
3016 3944 3164 4001 Nam
3195 3943 3245 4001 si
3273 3942 3436 3999 vides
3465 3948 3735 4000 errantes
3762 3946 3822 3999 et

2158 4037 2436 4103 taces,tot
2457 4035 2789 4091 animarum
2819 4049 2955 4090 reus
2974 4049 3061 4102 es,
3078 4035 3224 4105 quot
3250 4029 3490 4104 potuisti
3524 4030 3601 4087 ab
3621 4047 3821 4088 errore

2157 4123 2424 4181 liberare.
2439 4124 2508 4179 Et
2527 4123 2600 4179 ad
2623 4123 2765 4196 quid
2788 4126 2880 4179 est
2894 4120 3064 4178 nobis
3084 4120 3227 4178 utile
3246 4135 3452 4192 sapere
3481 4119 3816 4177 secundum

2154 4212 2357 4270 Jesum
2388 4212 2705 4279 Christum,
2731 4209 2990 4284 idipsum
3010 4209 3070 4266 in
3102 4207 3493 4265 alterutrum?
3518 4209 3584 4266 Ut
3612 4210 3821 4264 Mani»

2155 4316 2287 4369 mes,
2319 4298 2530 4373 inquit,
2563 4315 2673 4355 uno
2713 4314 2807 4355 ore
2852 4297 3217 4368 honoriﬁcetis
3264 4300 3465 4364 Deum,
3494 4303 3548 4352 et
3590 4296 3818 4352 Patrem

2153 4390 2378 4447 Domini
2402 4389 2577 4446 nostri
2601 4389 2725 4444 Iesu
2756 4387 2978 4445 Christi.
3002 4386 3168 4444 Sicut
3196 4385 3425 4453 fratres,
3451 4401 3570 4440 non
3590 4385 3819 4441 sufficit

2150 4478 2321 4535 nobis
2370 4495 2488 4535 uno
2546 4494 2645 4534 ore
2698 4474 2963 4533 confiteri
3010 4475 3217 4544 Deum,
3252 4473 3367 4530 nisi
3419 4473 3817 4531 conﬁteamur

2148 4566 2346 4639 ipsum
2377 4571 2435 4623 et
2463 4583 2579 4622 uno
2610 4566 2803 4633 corde,
2820 4565 2906 4621 ita
2926 4581 3043 4622 non
3072 4563 3294 4620 sufﬁcit
3321 4578 3439 4619 uno
3470 4562 3651 4619 corde
3681 4579 3815 4619 con-

2147 4656 2299 4712 ﬁteri
2328 4672 2486 4723 eum,
2519 4654 2633 4711 nisi
2663 4654 3051 4711 conﬁteamur
3074 4653 3273 4726 ipsum
3301 4656 3359 4708 et
3387 4667 3506 4708 uno
3539 4667 3665 4720 ore,
3692 4668 3814 4709 ma.

2146 4744 2299 4801 xime
2329 4745 2563 4817 quando
2610 4744 2757 4800 ﬁdes
2806 4741 3190 4816 periclitatur.
3224 4741 3286 4798 Si
3314 4740 3473 4797 enim
3512 4739 3644 4796 sola
3689 4739 3811 4797 oris

2144 4834 2432 4890 confessio
2461 4833 2776 4899 sufﬁceret,
2809 4849 2926 4889 non
2955 4832 3175 4889 diceret
3222 4829 3503 4888 Dominus
3531 4846 3637 4901 per
3670 4846 3811 4903 pro-

2144 4922 2379 4995 phetam
2402 4923 2675 4995 :Poputus
2700 4923 2791 4978 hic
2820 4922 2985 4978 labiis
3002 4937 3090 4978 me
3108 4922 3358 4987 honorat,
3388 4934 3483 4975 cor
3511 4927 3702 4975 autem
3719 4933 3807 4975 eo-

2141 5029 2268 5067 rum
2293 5012 2453 5081 longe
2479 5019 2557 5067 est
2582 5029 2617 5067 a
2643 5011 2870 5084 me(Isa.
2897 5011 2998 5080 29;
3020 5010 3184 5067 Marc.
3206 5010 3329 5081 vn).
3356 5009 3415 5065 Si
3446 5024 3662 5064 rursus
3682 5006 3809 5065 sola

2139 5100 2428 5157 confessio
2458 5100 2650 5157 cordis
2681 5100 2996 5169 sufﬁceret,
3010 5099 3137 5156 sine
3158 5098 3276 5155 oris
3294 5089 3666 5155 confessione
3688 5113 3804 5153 non

2138 5189 2355 5246 diceret
2373 5189 2657 5246 Dominus
2677 5206 2690 5245 :
2718 5188 2824 5258 Qui
2844 5206 2932 5246 me
2949 5189 3310 5257 erubuerit,et
3327 5202 3473 5243 meos
3500 5201 3802 5251 senum,

2135 5280 2280 5335 hunc
2304 5279 2478 5336 Filius
2500 5278 2740 5335 hominis
2759 5279 3053 5347 erubescet,
3067 5294 3192 5334 cum
3209 5277 3419 5334 venerit
3432 5276 3498 5330 in
3515 5275 3804 5347 majestate

2133 5385 2237 5424 sua
2252 5368 2401 5440 (Luc.
2422 5371 2520 5437 ιχ).
2540 5368 2682 5423 Tam
2697 5366 2879 5440 igitur
2893 5367 3013 5425 oris
3029 5382 3210 5440 quam
3228 5364 3445 5422 mentis
3463 5362 3800 5420 necessaria

2134 5461 2224 5514 est
2249 5455 2557 5513 confessio.
2591 5455 2756 5511 Sicut
2782 5454 3099 5529 Apostolus
3126 5453 3265 5513 alibi
3295 5452 3442 5510 dicit
3465 5450 3675 5509 :Corde
3692 5467 3801 5508 cre-

2131 5546 2286 5603 ditur
2313 5545 2385 5603 ad
2404 5546 2704 5618 justitiam,
2738 5560 2832 5601 ore
2860 5552 3042 5602 autem
3070 5544 3341 5617 confessio
3367 5542 3431 5614 ﬁt
3459 5540 3532 5597 ad
3561 5541 3800 5598 salutem

2130 5638 2307 5710 (Rom.
2322 5635 2402 5712 κ).
2427 5634 2573 5703 Qu‘ia
2590 5650 2726 5693 vero
2745 5634 3035 5695 confessio
3057 5632 3252 5696 cordis
3270 5635 3332 5694 et
3349 5630 3472 5694 oris
3486 5628 3625 5693 sine
3640 5630 3801 5692 bona
