3984 6082
150 363 306 464 1677

820 403 1172 466 HOMlLI/E
1214 405 1291 465 IN
1339 405 1592 466 EPIST.
1640 405 1742 466 ET
1786 405 2074 468 EVANG.
2123 407 2482 468 DOMINIC.
2515 440 2590 450 -—
2619 405 2816 467 PARS
2859 406 2908 469 Ι.

3411 409 3567 471 1678

149 532 492 608 operatione
522 549 637 590 non
667 533 889 592 sufﬁcit
944 535 1180 593 habenti
1239 541 1470 610 tempus
1501 538 1646 594 bene
1676 555 1808 610 ope-
1838 541 1894 606 Α
1923 537 2099 595 bilem
2133 555 2369 595 vocem:
2402 541 2496 608 Ite,
2551 539 2846 607 maledicti,
2898 538 2958 593 in
3014 539 3193 606 ignem
3252 546 3524 595 wiernum

148 623 322 680 randi
354 622 484 680 ideo
515 623 767 679 dicitur:
804 624 943 693 Quia
971 625 1102 697 ﬁdes
1129 627 1247 682 sine
1295 627 1546 699 operibus
1592 636 1809 684 mortua

153 721 235 770 est
262 712 394 785 (Jac.
423 715 505 782 ιι).

219 801 502 874 Sequitur
530 818 666 874 pars
710 801 902 869 tertia,
955 802 1014 858 in
1063 821 1180 876 qua
1237 804 1437 860 subdit
1491 803 1806 877 Apostolus

147 890 456 948 charitatis
487 891 907 962 operationem,
949 892 1186 949 dicens:
1216 895 1529 965 Propterea,
1565 898 1628 949 ut
1657 893 1808 949 scili-

153 984 246 1036 cet
312 980 564 1052 perfecte
618 980 919 1037 honoretis
975 983 1181 1052 Deum,
1243 985 1501 1054 suscipite
1551 985 1801 1050 invicem,

147 1070 298 1126 sicut
324 1077 375 1126 et
403 1069 650 1126 Christus
679 1071 912 1142 suscepit
943 1087 1049 1127 vos.
1083 1072 1384 1144 Suscipere
1415 1077 1504 1127 est
1532 1071 1802 1127 deficien-

147 1162 269 1215 tem
303 1176 374 1214 ne
396 1159 566 1216 cadat
587 1159 797 1216 subtus
817 1161 1244 1231 capere.Monet
1266 1161 1446 1234 igitur
1465 1159 1800 1233 Apostolus,

142 1248 358 1305 fratres
391 1247 745 1315 charissimi,
779 1253 844 1304 ut
875 1248 1043 1305 fortis
1092 1266 1194 1321 per
1237 1249 1578 1306 cbaritatem
1611 1249 1802 1306 susci-

145 1337 295 1410 piat,
330 1337 606 1407 debilem,
639 1337 874 1410 sapiens
923 1337 1322 1410 incipientem,
1355 1339 1514 1395 dives
1545 1339 1798 1410 inopem,

141 1443 330 1492 sanus
358 1426 684 1494 inﬁrmum,
719 1431 886 1483 stans
929 1427 1256 1484 cadentem.
1291 1427 1437 1484 Cum
1468 1427 1625 1483 enim
1647 1428 1801 1484 Deus

139 1521 346 1588 posset
375 1533 582 1573 omnes
612 1516 800 1572 facere
846 1516 1042 1585 fortes,
1107 1515 1402 1589 sapientes
1457 1520 1515 1573 et
1567 1517 1796 1586 divites,

138 1605 476 1661 noluit.Sed
508 1603 688 1660 voluit
717 1605 826 1661 hos
856 1621 986 1662 esse
1031 1606 1228 1673 fortes,
1257 1604 1389 1662 illos
1416 1605 1656 1674 debiles,
1691 1606 1800 1663 hos

137 1692 595 1767 sapientes,illos
608 1693 719 1749 insi
727 1693 1090 1766 pientes,hos
1102 1693 1349 1762 divites,i
1358 1694 1466 1751 llos
1487 1712 1794 1768 pauperes.

137 1783 205 1841 Si
237 1783 396 1840 enim
426 1799 631 1840 omnes
663 1787 862 1840 essent
882 1783 1382 1856 fortes,sapientes
1406 1789 1462 1840 et
1482 1783 1798 1855 divites,al-

137 1877 235 1928 ter
263 1871 506 1928 alterius
537 1889 654 1928 non
683 1872 990 1946 indigeret.
1023 1873 1252 1929 Rursus
1285 1873 1332 1929 si
1366 1889 1570 1929 omnes
1595 1878 1792 1930 essent

137 1960 736 2034 debiles,insipientes
766 1966 823 2018 et
847 1961 1307 2034 pauperes,aller
1327 1961 1494 2018 alteri
1515 1978 1628 2019 non
1653 1963 1791 2019 sub-

133 2050 382 2107 veniret.
410 2049 608 2106 Voluit
637 2067 773 2124 ergo
804 2051 912 2107 hos
955 2068 1084 2107 esse
1125 2052 1324 2121 fortes,
1358 2051 1672 2122 sapientes,
1703 2051 1791 2108 vel

133 2139 372 2209 divites,
407 2143 472 2195 ut
492 2139 721 2196 animas
767 2157 908 2196 suas
959 2139 1182 2196 salvare
1230 2145 1489 2212 possent,
1519 2139 1650 2196 aliis
1690 2157 1794 2214 per

131 2228 486 2285 charitatem
519 2228 1145 2285 subveniendo.Voluit
1164 2229 1294 2286 illos
1315 2246 1441 2286 esse
1463 2229 1683 2286 debiles
1703 2228 1790 2286 vel

131 2317 507 2391 insipientes,
538 2317 626 2374 vel
649 2318 872 2390 inopes,
908 2323 971 2374 ut
1001 2318 1232 2374 animas
1252 2335 1390 2375 suas
1412 2319 1634 2375 salvare
1665 2336 1792 2391 pos-

127 2412 288 2474 sent,
321 2407 561 2464 adversa
585 2424 686 2480 per
714 2407 1052 2479 patientiam
1085 2406 1406 2464 tolerando.
1427 2409 1572 2464 Hinc
1602 2408 1793 2466 Domi-

129 2514 250 2552 nus
281 2497 400 2552 ait:
433 2497 705 2569 Pauperes
733 2512 944 2568 semper
999 2497 1210 2552 habetis
1261 2497 1557 2565 vobiscum,
1590 2505 1642 2553 et
1669 2513 1792 2552 cum

125 2586 658 2658 volueritis,potestis
705 2587 782 2642 eis
838 2585 1152 2657 benefacere
1208 2589 1406 2655 (Marc.
1458 2590 1594 2654 xw).
1643 2586 1789 2642 Cum

127 2674 318 2750 igitur
345 2679 583 2749 egentes
613 2679 856 2731 manent
893 2675 1064 2746 juxta
1113 2675 1506 2742 abundantes,
1539 2683 1677 2732 sunt
1707 2675 1792 2732 eis

132 2769 244 2822 aut
281 2765 526 2821 materia
564 2763 727 2821 bonae
775 2763 1128 2837 operationis
1187 2769 1290 2820 aut
1347 2765 1788 2838 reprobationis.

133 2855 306 2921 Quod
337 2858 532 2911 autem
564 2853 649 2910 sic
696 2871 804 2910 nos
849 2853 1095 2909 invicem
1149 2854 1446 2926 suscipere
1487 2855 1788 2921 debemus,

135 2944 398 3002 ostendit
424 2942 736 3016 Apostolus
767 2942 1029 3015 exemplo
1051 2943 1287 3010 Christi,
1313 2943 1409 3015 qui
1444 2943 1500 2998 in
1533 2960 1640 2999 sua
1669 2961 1792 3016 per-

136 3051 290 3090 sona
317 3031 594 3106 suscepit,
641 3050 757 3089 non
810 3031 1002 3089 solum
1049 3049 1290 3088 causam
1351 3037 1632 3101 nostram,
1689 3035 1790 3090 sed

137 3124 319 3180 etiam
351 3127 620 3179 naturam
650 3125 932 3178 nostram.
968 3121 1114 3177 Cum
1145 3122 1301 3178 enim
1350 3127 1504 3177 esset
1535 3122 1788 3194 sapiens,

135 3213 262 3274 imo
291 3213 420 3284 ipsa
449 3210 756 3284 sapientia,
789 3211 1048 3283 suscepit
1085 3211 1484 3282 insipientiam
1506 3215 1786 3267 nostram.

1923 629 2130 700 (Matth.
2165 633 2314 698 xxv).
2347 630 2416 684 Et
2446 629 2673 700 quare?
2714 629 2912 684 Esurii
2961 629 3128 698 enim,
3163 636 3212 682 et
3261 645 3372 683 non
3415 628 3567 683 dedi-

1916 720 2013 774 stis
2043 719 2378 774 mand-ucare
2409 719 2549 773 mihi
2574 719 2644 772 de
2673 717 2820 773 escis
2852 717 3031 773 meis:
3064 717 3246 782 Sitivi,
3277 725 3326 771 et
3357 717 3429 771 de
3461 733 3566 788 po-

1917 810 1979 861 tu
2015 824 2144 863 moe
2174 824 2284 863 non
2332 808 2556 863 dedistis
2611 807 2754 861 mihi
2799 815 3024 877 potum:
3078 808 3271 876 Hospes
3302 823 3474 871 eram,
3508 810 3565 860 et

1918 897 1978 951 in
2011 896 2331 968 hospitium
2365 913 2562 952 meum
2595 895 2865 951 noluistis
2897 912 2987 950 me
3019 895 3314 965 suscipere
3338 911 3351 949 :
3375 895 3563 948 Nudus

1914 1002 2089 1055 eram,
2117 991 2173 1041 et
2202 986 2272 1041 de
2302 986 2564 1041 vestibus
2595 985 2742 1040 meis
2772 1000 2878 1040 non
2907 985 3256 1054 cooperuistis
3285 999 3368 1038 me
3381 983 3558 1052 (Ibid)

1912 1078 2047 1128 Haec
2077 1074 2274 1146 igitur,
2310 1075 2536 1141 fratres,
2571 1074 2691 1128 haec
2751 1071 3096 1144 cogitemus,
3132 1071 3252 1125 haec
3301 1071 3360 1124 in
3392 1072 3562 1126 corde

1917 1168 2244 1231 teneamus,
2279 1169 2334 1218 et
2361 1165 2431 1218 de
2462 1164 2636 1219 rebus
2685 1161 2854 1216 nobis
2881 1179 2914 1215 a
2971 1161 3084 1216 Deo
3115 1159 3556 1230 commendatis,

1910 1249 2105 1322 ipsum
2137 1250 2196 1306 in
2220 1250 2574 1322 pauperibus
2597 1246 3559 1321 pascamus,vestiamus,suscipia-

1911 1355 2066 1406 mus,
2098 1344 2162 1394 ut
2192 1344 2466 1396 :eternam
2506 1337 2970 1395 benedictionem
3020 1337 3091 1392 ab
3151 1353 3216 1392 eo
3265 1335 3561 1407 suscipere

1908 1444 2260 1484 mereamur.
2291 1430 2496 1485 Amen.

2511 1517 2821 1574 HOMILIA
2859 1516 2951 1573 IV.

2273 1623 2549 1663 DOMINICA
2587 1623 2723 1662 SECU
2732 1623 2844 1661 NDA
2883 1621 3199 1661 ADVENTUS.

1976 1697 2153 1753 Erunt
2179 1699 2338 1769 signa
2370 1699 2428 1752 in
2459 1698 2590 1764 sole,
2618 1704 2669 1752 et
2714 1697 2846 1751 luna
2894 1703 2946 1750 et
2998 1696 3171 1750 stellis
3225 1703 3277 1750 et
3306 1696 3364 1750 in
3395 1697 3556 1750 terris

1900 1803 2161 1858 pressura
2208 1788 2456 1856 gentium
2501 1801 2619 1857 prae
2667 1787 2983 1857 confusione
3024 1786 3241 1843 sonitus
3296 1785 3467 1839 maris
3505 1792 3556 1838 et

1901 1877 2168 1945 ﬂuctuum
2200 1877 2348 1948 (Luc.
2381 1875 2518 1947 XXI),
2552 1878 2662 1931 etc.
2711 1874 2847 1930 Pius
2877 1879 2934 1929 et
2980 1872 3313 1929 misericors
3355 1872 3552 1928 Domi-

1903 1981 2015 2020 nus
2047 1970 2103 2020 et
2134 1965 2486 2036 Redemptor
2528 1969 2742 2033 noster,
2802 1963 3002 2018 volens
3057 1961 3270 2018 electos
3298 1978 3457 2032 suos,
3491 1962 3550 2016 in

1903 2053 2180 2109 omnibus
2209 2054 2480 2125 providos
2511 2070 2640 2109 esse
2671 2054 2741 2108 de
2781 2053 3038 2108 secundo
3069 2053 3320 2107 adventu
3353 2068 3459 2107 suo
3489 2050 3550 2106 in

1899 2142 2008 2198 hae
2039 2159 2138 2198 eos
2167 2142 2480 2215 praemunit
2511 2141 2904 2208 lectione.Qua
2934 2139 3153 2196 ratione
3173 2139 3448 2212 ‘ltriplici.
3479 2139 3552 2194 Ut

1900 2231 2266 2305 priescientia
2277 2233 2405 2304 ejus
2418 2236 2571 2288 esset
2583 2230 2667 2287 eis
2680 2231 2749 2286 ad
2766 2229 3277 2297 eertitudinem,ad
3299 2227 3548 2302 vigilan-

1899 2322 2065 2390 tiam,
2099 2323 2168 2376 ad
2203 2321 2682 2377 consolationem.
2715 2320 2801 2374 Ad
2859 2319 3291 2386 certitudinem,
3325 2323 3389 2372 ut
3421 2335 3549 2373 cer-

1901 2411 2021 2466 tius
2051 2415 2450 2482 exspectarent
2491 2411 2802 2466 adventum
2863 2425 3061 2473 suum,
3115 2423 3291 2478 quam
3336 2405 3462 2461 coeli
3491 2410 3550 2461 et

1899 2503 2064 2556 terra:
2096 2499 2582 2572 permanentiam.
2617 2498 2780 2554 Unde
2811 2501 2942 2570 post
2971 2495 3207 2552 subdit:
3235 2497 3398 2550 Amen
3431 2494 3548 2550 dico

1898 2590 2071 2658 vobis,
2117 2606 2228 2645 non
2269 2589 2575 2662 pr'wteribit
2630 2589 2907 2656 generatio
2965 2587 3101 2650 haec,
3141 2585 3308 2640 donec
3363 2586 3551 2640 omnia

1897 2679 2073 2749 ﬁant;
2103 2680 2298 2734 cwlnm
2322 2687 2374 2734 et
2397 2687 2542 2734 terra
2569 2678 2902 2743 transibunt,
2939 2675 2995 2729 id
3027 2679 3115 2730 est
3163 2674 3551 2729 mutabuntur

1899 2766 1958 2822 in
1993 2767 2175 2822 alium
2205 2773 2446 2831 statum,
2473 2766 2631 2820 verba
2663 2773 2845 2820 autem
2873 2780 2993 2818 mea
3043 2780 3153 2818 non
3206 2763 3543 2830 transibunt,

1900 2856 2042 2928 quin
2074 2855 2293 2912 scilicet
2322 2855 2517 2911 omnia
2550 2871 2721 2926 opere
2752 2852 3273 2924 compleantur.Ad
3301 2851 3546 2924 vigilan-

1899 2946 2063 3013 tiam,
2099 2945 2376 3017 quoniam
2407 2944 2591 3000 levius
2613 2946 2824 2998 nocent
2857 2958 2925 2996 ea
2973 2957 3100 3012 qua
3136 2939 3543 3012 praevidentur,

1900 3052 2078 3106 quam
2111 3051 2238 3106 qua:
2272 3051 2386 3089 non
2420 3032 2828 3105 pravidentur.
2865 3030 3026 3085 Unde
3075 3029 3201 3100 ipse
3232 3029 3351 3084 ait:
3385 3031 3544 3100 Vigi-

1899 3133 2028 3191 tate,
2058 3126 2188 3195 quia
2214 3125 2434 3179 nescitis
2463 3123 2607 3178 diem
2625 3136 2797 3193 neque
2826 3122 3016 3176 horam
3047 3119 3262 3187 (Matth.
3295 3118 3542 3190 xxv).Ad

1900 3212 2451 3279 consolationem,ut
2480 3212 2551 3267 de
2583 3209 2929 3267 certitudine
2959 3209 3242 3264 adventus
3271 3207 3544 3275 sui,inter

137 3302 292 3360 Cum
319 3305 473 3358 esset
500 3300 660 3356 dives
689 3299 1242 3371 omnium,suscepit
1271 3304 1672 3372 paupertatem
1690 3318 1787 3356 no-
1816 3287 1860 3354 C
1899 3303 2166 3358 miserias
2187 3301 2366 3374 hujus
2384 3299 2915 3368 saeculi,sumerent
2933 3297 3044 3354 sibi
3063 3296 3538 3353 consolationem.

139 3397 352 3448 stram.
387 3391 546 3448 Hanc
571 3389 722 3445 viam
755 3388 1057 3444 charitatis
1104 3388 1358 3444 ostendit
1385 3388 1445 3443 in
1479 3406 1559 3454 se,
1594 3393 1658 3444 ut
1689 3406 1791 3462 per
1899 3391 2061 3447 Unde
2091 3395 2224 3463 post
2273 3390 2506 3447 subdit:
2542 3390 2676 3444 Cum
2734 3388 2980 3444 videritis
3027 3389 3145 3443 lure
3199 3388 3340 3458 ﬁeri,
3377 3387 3545 3441 levate

138 3497 272 3538 eam
323 3495 701 3552 sequeremur
747 3495 829 3535 se.
860 3478 931 3534 Et
978 3477 1086 3533 hoc
1143 3477 1202 3532 in
1258 3477 1538 3533 honorem
1572 3478 1694 3549 Dei,
1727 3482 1792 3533 ut

139 3569 638 3644 quemadmodam
669 3566 936 3623 Christus
964 3566 1024 3621 in
1058 3566 1332 3622 omnibus
1373 3567 1639 3638 qumsivit
1667 3567 1790 3640 glo-

140 3660 293 3716 riam
327 3656 530 3724 Patris,
559 3674 676 3712 non
699 3672 889 3724 suam,
921 3654 1006 3710 ita
1035 3660 1093 3712 et
1123 3672 1230 3710 nos
1276 3656 1335 3710 in
1368 3656 1642 3712 omnibus
1692 3656 1792 3712 Dei
1840 3705 1845 3710 .

141 3748 414 3823 gloriam,
449 3763 565 3804 non
595 3749 858 3802 nostram
909 3761 1260 3816 quaeramus.
1296 3745 1565 3817 Suscepit
1594 3749 1790 3801 autem

142 3835 549 3894 infirmitatem
581 3851 697 3890 non
720 3834 912 3892 solum
930 3833 1478 3902 circumcisionis,id
1493 3838 1582 3891 est
1599 3835 1791 3890 Judae-

143 3943 339 3993 orum,
369 3925 442 3981 ad
474 3940 652 3996 quam
681 3923 1005 3980 secundum
1041 3922 1460 3996 promissiones
1492 3923 1797 3996 propheta-

143 4032 280 4072 rum
313 4013 422 4069 fuit
453 4013 710 4080 missus;
744 4013 861 4068 imo
891 4012 1068 4068 etiam
1115 4011 1401 4084 gentium,
1434 4012 1649 4084 quibus
1680 4029 1794 4068 non

144 4108 273 4161 erat
302 4103 649 4176 promissus.
685 4101 845 4158 Unde
890 4101 1126 4173 utrique
1158 4101 1343 4158 Deum
1376 4102 1589 4158 debent
1618 4101 1797 4158 hono-

144 4210 278 4250 rare
307 4197 364 4248 et
386 4190 732 4265 gloriﬁcare.
765 4193 833 4247 Et
861 4190 1048 4246 Judaei
1082 4189 1260 4247 etiam
1291 4191 1361 4246 de
1392 4190 1796 4263 promissionis

146 4282 602 4356 adimpletione;
636 4285 693 4338 et
731 4285 934 4354 gentes
964 4281 1035 4336 de
1067 4279 1371 4352 insperata:
1401 4280 1597 4352 gratiis
1629 4279 1800 4336 colla-

145 4372 496 4438 tione.Quod
529 4369 973 4427 auctoritatibus
1004 4369 1423 4442 prophetarum
1453 4369 1680 4440 probat,
1708 4371 1796 4424 di-

148 4478 287 4518 cens
313 4478 326 4517 :
359 4462 508 4518 Sicut
530 4462 794 4532 scriptum
821 4467 937 4515 est:
970 4463 1281 4532 PrOpterea
1305 4457 1384 4513 ait
1412 4457 1594 4514 Filius
1623 4459 1794 4531 patri:

148 4551 455 4622 Conﬁtebor
483 4552 586 4606 tibi
617 4552 676 4605 in
723 4551 990 4620 gentibus,
1037 4557 1087 4604 et
1143 4550 1360 4604 nomini
1409 4556 1498 4604 tuo
1551 4550 1796 4616 cantabo,

148 4642 215 4696 Et
249 4642 486 4696 iterum:
519 4641 815 4697 Laetamini
851 4646 1056 4707 gentes,
1088 4654 1212 4692 cum
1259 4637 1413 4709 plebe
1457 4638 1594 4710 ejus,
1625 4638 1681 4692 id
1715 4642 1801 4694 est

150 4728 400 4801 gentiles
430 4745 562 4785 eum
596 4727 848 4795 Judaais;
883 4732 970 4782 et:
1005 4727 1246 4782 Laudate
1275 4729 1586 4794 Dominum,
1619 4744 1800 4783 omnes

151 4826 354 4886 gentes,
379 4822 488 4874 etc.
522 4818 685 4874 Sicut
714 4822 908 4872 autem
933 4815 1197 4872 Christus
1221 4832 1333 4870 non
1357 4815 1546 4872 solum
1569 4817 1802 4888 propin-

153 4922 304 4978 quos
332 4907 585 4976 Judaaos,
620 4907 721 4962 sed
753 4907 928 4962 etiam
959 4904 1206 4978 gentiles
1230 4906 1578 4976 longinquos
1611 4923 1802 4961 susce-

154 4995 241 5067 pit
266 5014 279 5064 ;
312 4994 393 5051 sic
425 5001 481 5052 et
505 4996 874 5064 nos,fratres.
896 5011 1010 5050 non
1035 4995 1222 5050 solum
1250 4995 1608 5067 propinquos
1634 4995 1799 5050 nobis

152 5085 242 5141 vel
273 5102 483 5158 genere
537 5085 625 5141 vel
686 5084 947 5140 amicitia
999 5082 1414 5155 suscipiamus,
1476 5085 1573 5140 sed
1625 5084 1800 5140 etiam

155 5169 508 5246 longinquos
540 5176 597 5228 et
635 5171 990 5245 peregrinos.
1043 5171 1168 5226 Non
1226 5169 1382 5226 enim
1431 5176 1666 5244 propter
1695 5191 1802 5230 nos

156 5261 318 5319 solos
345 5261 588 5318 tradidit
636 5262 788 5318 Deus
838 5261 1007 5317 nobis
1058 5261 1213 5316 bona
1257 5277 1384 5327 sua,
1418 5261 1519 5315 sed
1569 5267 1804 5334 propter

155 5351 585 5424 pauperes.Nec
616 5349 752 5406 fecit
778 5366 893 5420 nos,
915 5349 1203 5417 dominos,
1220 5350 1320 5406 sed
1347 5349 1802 5422 dispensatores,

157 5439 502 5513 praecipiens
531 5439 700 5496 nobis
729 5443 813 5508 ut,
846 5439 917 5495 de
957 5440 1083 5496 suis
1112 5440 1307 5506 rebus,
1341 5438 1467 5494 suis
1497 5439 1633 5496 ﬁliis
1663 5441 1806 5498 indi-

157 5528 434 5601 gentibus
464 5527 890 5601 provideamus.
924 5527 1032 5596 Qui
1060 5527 1216 5584 enim
1272 5544 1364 5583 res
1395 5526 1493 5583 Dei
1528 5527 1803 5600 retinens,

159 5617 304 5675 sinit
330 5617 484 5676 ﬁlios
506 5617 607 5676 Dei
653 5621 910 5692 egestate
965 5616 1174 5691 perire,
1211 5617 1375 5690 quid,
1434 5617 1642 5675 fratres
1670 5620 1806 5692 mei,

162 5709 305 5788 quid
329 5712 418 5770 est
447 5709 756 5770 auditurus
777 5726 811 5768 a
839 5724 1072 5769 summo
1088 5705 1434 5781 Judice,nisi
1466 5706 1626 5767 illam
1648 5711 1814 5772 terri-

1898 3482 2080 3552 capita
2109 3488 2304 3548 vestra,
2337 3482 2470 3552 quia
2528 3479 2985 3550 appropinquavit
3023 3475 3317 3547 redemptio
3347 3483 3540 3530 vestra.

1899 3569 2047 3624 Nam
2078 3585 2254 3640 quam
2288 3568 2478 3624 dulcis
2507 3572 2614 3634 est,
2649 3569 2856 3623 fratres
2901 3566 3037 3633 mei,
3072 3565 3131 3620 in
3185 3569 3341 3620 terra
3371 3565 3544 3620 mise-

1901 3658 2017 3726 riae,
2052 3658 2370 3714 recordatio
2402 3657 2600 3730 patria:
2625 3656 2846 3712 lPrimo
2869 3655 3049 3728 igitur
3068 3655 3233 3728 ponit
3262 3653 3547 3709 Dominus

1903 3746 2072 3819 signa
2099 3746 2191 3802 sui
2248 3747 2530 3802 adventus
2583 3745 2942 3818 praenuntia:
2978 3744 3233 3802 secundo
3291 3743 3549 3800 ostendit

1903 3836 2195 3906 quomodo
2227 3835 2352 3907 ipse
2401 3839 2681 3890 venturus
2727 3839 2849 3889 est'
2909 3833 3100 3899 tertio,
3134 3832 3270 3904 quid
3318 3831 3455 3888 boni
3489 3831 3548 3886 in

1903 3924 2072 3980 bonis
2104 3923 2402 3997 proveniat
2435 3940 2447 3979 :
2482 3927 2709 3995 quarto,
2745 3922 2897 3978 dicta
2941 3939 3040 3994 per
3099 3921 3548 3978 similitudinem

1907 4013 2178 4070 declarat.
2211 4015 2300 4070 Ait
2327 4031 2454 4083 ergo
2471 4032 2489 4069 :
2521 4016 2694 4068 Erunt
2719 4014 2877 4083 signa
2907 4014 2969 4066 in
2996 4013 3107 4067 sole
3134 4019 3185 4066 et
3215 4012 3368 4065 l-una.
3389 4009 3552 4065 Sicut

1907 4101 2069 4174 prius
2090 4103 2374 4158 Dominus
2396 4101 2566 4175 signa
2583 4103 2865 4157 adventus
2889 4099 3391 4172 praenuntiavit,ut
3404 4096 3548 4163 suis,

1907 4191 2007 4264 qui
2051 4192 2110 4246 in
2142 4192 2250 4246 hoc
2284 4191 2503 4246 mundo
2535 4190 2752 4263 lugent,
2768 4194 2964 4245 essent
2981 4189 3052 4245 ad
3069 4187 3549 4255 consolationem,

1907 4281 1989 4336 ita
2020 4281 2306 4353 reprobis,
2337 4279 2438 4352 qui
2471 4279 2565 4334 hic
2597 4277 2992 4344 consolantur,
3017 4282 3213 4334 essent
3242 4277 3312 4332 ad
3348 4276 3549 4332 confu-

1908 4370 2149 4426 sionem.
2184 4369 2346 4426 Unde
2376 4369 2501 4440 ipse
2533 4373 2664 4440 post
2703 4367 2938 4422 subdit:
2971 4368 3343 4422 Arescentibus
3385 4365 3555 4420 homi-

1907 4461 2070 4516 nibus
2097 4474 2216 4532 prae
2261 4460 2453 4514 timore
2481 4466 2531 4513 et
2586 4458 2978 4538 exspectatione
3024 4471 3149 4528 qua?
3177 4457 3557 4526 supervenient

1909 4552 2162 4605 universo
2193 4550 2334 4604 orbi.
2359 4547 2505 4612 Quia
2551 4547 2705 4601 enim
2757 4545 2895 4600 mali
2945 4544 3219 4600 omnibus
3250 4542 3555 4598 elementis

1909 4639 2078 4694 abusi
2111 4643 2267 4705 sunt,
2302 4638 2374 4693 ab
2394 4637 2688 4706 ,omnibus
2739 4634 3073 4706 punientur,
3127 4637 3191 4687 ut
3239 4630 3554 4704 impleatur

1909 4730 2062 4801 quod
2096 4728 2379 4800 scriptum
2412 4733 2500 4782 est
2526 4742 2539 4781 :
2569 4726 2846 4796 l’ugnabit
2892 4741 2991 4795 pro
3019 4741 3078 4778 eo
3108 4722 3253 4778 orbis
3285 4730 3558 4777 terrarum

1909 4827 2098 4875 contra
2129 4820 2424 4873 inscnsatos
2456 4817 2602 4887 (Βίῳ.
2638 4815 2713 4884 v).
2749 4814 2893 4880 Quia
2923 4813 3078 4868 enim
3124 4810 3386 4866 claritate
3417 4809 3558 4866 solis

1911 4913 1967 4964 et
1995 4907 2146 4961 luna:
2177 4912 2232 4962 et
2273 4906 2570 4961 stellarum
2633 4904 3042 4966 abutebantur,
3071 4901 3317 4957 videndo
3365 4917 3468 4972 per
3491 4916 3558 4954 ea
3627 4949 3630 4952 .

1911 4997 2048 5069 quid
2082 4995 2560 5067 concupiscerent
2591 4993 2807 5064 etquid
2834 4991 2970 5047 mali
3001 4992 3274 5057 facerent,
3307 4993 3562 5045 vertetur

1911 5085 1993 5142 eis
2025 5085 2112 5140 sol
2139 5085 2197 5139 in
2233 5085 2524 5150 tenebras,
2557 5087 2612 5138 et
2636 5081 2775 5138 luna
2807 5083 2864 5136 in
2899 5081 3268 5153 sanguinem,
3293 5084 3349 5134 et
3380 5078 3560 5134 stellae

1912 5176 2121 5231 cadent
2151 5174 2220 5229 de
2253 5173 2414 5228 coelo.
2452 5173 2598 5239 Quia
2621 5188 2752 5226 vero
2783 5188 2921 5243 pace
2955 5168 3260 5243 temporali
3293 5185 3396 5240 per
3417 5167 3564 5223 stul-

1914 5270 2033 5321 tam
2048 5263 2421 5320 securitatem
2448 5261 2968 5329 abutebantur,ﬁet
2984 5275 3258 5331 pressura
3279 5256 3561 5330 gentium.

1915 5352 2061 5419 Quia
2088 5369 2220 5408 vero
2253 5350 2677 5422 tranquillitate
2701 5348 2879 5405 maris
2905 5348 2977 5402 ad
2998 5347 3381 5419 praedandum
3403 5350 3460 5400 et
3481 5362 3569 5400 ra-

1913 5443 2194 5514 piendum
2207 5438 2720 5503 abutebantur,[iet
2730 5436 2997 5495 confusio
3011 5436 3192 5494 maris
3205 5436 3578 5490 etﬂuetuum.

1916 5531 2065 5587 Nam
2098 5534 2162 5587 ut
2191 5529 2370 5585 tradit
2398 5528 2782 5597 Hieronymus
2804 5529 2863 5584 in
2886 5524 3158 5600 catologo
3177 5541 3249 5579 xv
3269 5523 3575 5595 signorum

1919 5636 2049 5693 qua
2079 5638 2147 5678 ex
2174 5617 2412 5675 Hebraeo
2453 5618 2776 5686 transtulit,
2818 5642 2846 5669 «
2899 5613 3106 5688 prima
3160 5611 3252 5668 die
3308 5611 3582 5668 ascendet

1924 5727 2090 5773 mare
2118 5707 2506 5794 quadraginta
2552 5709 2782 5771 subitos
2834 5718 3028 5781 super
3068 5703 3302 5766 altiores
3358 5699 3586 5756 montes
