3988 6074
384 359 541 418 1679

1380 355 1781 416 ADDENDA.
1815 388 1884 399 η-
1922 351 2322 415 RADULPHI
2367 350 2788 415 ARDENTIS.

3642 345 3820 411 esse

383 488 553 563 quasi
582 503 827 556 murus;
861 487 1290 565 secundavero
1337 488 1567 542 tantum
1598 486 1929 554 descendet,
1964 490 2029 541 ut
2055 489 2112 555 Α
2144 506 2173 536 α
2201 482 2469 541 Tollntur
2496 483 2715 557 impius
2742 499 2816 540 ne
2838 483 3033 541 videat
3049 479 3295 557 gloriam
3327 480 3823 541 Dei.»Videhmﬁ

380 578 473 634 vix
499 577 681 633 videri
712 576 918 648 possit.
954 599 976 627 ι
1014 575 1407 648 Rursus,quia
1433 575 1603 632 bonis
1632 579 1798 632 terris
1818 593 1919 649 per
1935 591 2029 632 su—

382 666 773 740 perﬂuitatem
803 666 1215 734 abutebantur,
1248 665 1350 720 ﬁet
1376 664 1483 731 eis,
1507 665 1660 722 sicut
1681 665 1843 722 idem
1860 681 2031 721 evan,

384 755 593 829 gelista
620 754 888 827 superius
918 754 1081 822 dicit,
1113 758 1279 810 terra:
1331 759 1528 812 motus
1558 759 1615 811 et
1644 755 1850 812 fames.
1883 754 2032 822 Quia

385 844 537 901 aeris
557 844 869 900 serenitate
891 843 1240 915 perinanem
1253 843 1697 900 delectationem
1709 843 2029 901 abuteban-

385 938 501 1001 tur,
535 934 676 988 ﬁent
704 932 789 989 eis
816 936 1068 989 terrores
1096 933 1171 989 de
1200 932 1362 1000 caelo,
1398 937 1456 989 et
1481 933 2034 1007 tempestates.Quia

389 1021 578 1079 salute
632 1038 963 1094 corporum,
1014 1022 1221 1079 vitiose
1295 1022 1558 1090 vivendo,
1620 1023 2031 1091 abutebantur,

388 1111 529 1168 ﬁent
556 1110 641 1167 eis
664 1111 1091 1184 pestilentiaeﬁd
1113 1115 1203 1168 est
1220 1111 1711 1184 inzsqualitateset
1724 1129 2033 1185 corporum

388 1201 713 1274 passiones.
748 1206 925 1258 Porro
953 1200 1200 1257 istorum
1248 1201 1552 1275 signorum
1597 1203 1886 1275 quaedam,
1920 1203 2035 1258 fra~

389 1294 528 1358 tres,
551 1290 680 1361 jam
711 1291 1045 1347 cernimus:
1075 1291 1222 1347 Nam
1253 1307 1538 1363 pressum
1568 1290 1828 1365 gentium
1850 1290 2039 1364 quoti-

393 1380 486 1437 die
515 1381 683 1447 ﬁunt,
717 1384 881 1437 terrea
913 1384 1109 1436 motus
1137 1381 1196 1436 in
1237 1380 1532 1454 plerisque
1573 1381 1720 1438 locis
1745 1382 1919 1438 urbes
1947 1381 2039 1437 di-

394 1472 594 1537 ruunt,
624 1472 1005 1542 tempestates
1036 1486 1144 1526 nos
1173 1469 1434 1542 quotidie
1461 1470 1747 1537 territant,
1770 1469 2042 1544 pestilen-

394 1558 487 1613 tia
519 1558 694 1614 urbes
718 1558 1068 1615 hominibus
1098 1563 1473 1616 evacuant.Et
1499 1560 1761 1633 impletio
1791 1560 2040 1617 istorum

399 1650 587 1703 certos
615 1663 721 1703 nos
753 1646 889 1703 facit
940 1648 1014 1703 de
1061 1647 1399 1721 impletione
1455 1654 1815 1705 ceterorum.
1875 1650 2040 1720 Ecce,

397 1736 626 1803 fratres,
655 1739 743 1791 tot
766 1737 973 1792 mundi
1024 1735 1229 1806 ruinae,
1253 1738 1380 1809 jam
1428 1738 1605 1797 finem
1635 1738 1794 1797 illius
1836 1739 2045 1796 adesse

399 1825 962 1891 denuntiant.0uare
989 1842 1127 1900 ergo
1156 1825 1324 1882 illum
1346 1826 1649 1902 diligimus
1662 1828 1881 1895 ?Quare
1908 1845 2045 1885 cum

401 1914 642 1970 cadente
671 1914 961 1983 cedimus,
991 1920 1049 1972 et
1079 1932 1214 1972 cum
1247 1921 1526 1988 pereunte
1554 1918 1815 1990 perimus
1832 1918 1924 1974 ?Si
1956 1919 2052 1974 do-

400 2019 537 2058 mus
567 2008 769 2060 nostra
793 2004 1025 2060 ruinam
1057 2004 1339 2073 minatur,
1372 2005 1656 2079 fugimus,
1688 2011 1748 2063 et
1777 2024 1903 2080 quae
1925 2023 2059 2080 pos-

402 2108 614 2148 sumus
646 2092 717 2149 de
749 2093 968 2149 nostris
993 2092 1459 2151 salvamus.Ecce
1492 2096 1750 2152 mundus
1779 2096 1956 2163 cadit,
1990 2100 2058 2152 ut

405 2181 547 2253 quid
579 2197 715 2254 ergo
746 2198 881 2238 cum
912 2182 1201 2239 desiderio
1221 2200 1335 2239 non
1358 2183 1749 2257 relinquimus
1764 2185 1870 2241 7Ut
1889 2184 2051 2258 quid,

404 2287 535 2341 quas
566 2287 907 2342 possumus,
940 2271 1011 2326 de
1041 2273 1170 2343 ejus
1202 2272 1506 2345 naufragio
1556 2290 1673 2329 non
1710 2273 2055 2331 salvamus?

405 2358 710 2415 Salvemus
736 2376 896 2432 ergo,
930 2360 1156 2425 fratres,
1182 2361 1480 2418 salvemus
1506 2363 1647 2419 dum
1680 2362 1833 2429 licet,
1865 2380 1974 2420 nos
1999 2368 2058 2419 et

405 2447 747 2503 nostra.Nos
779 2448 1066 2505 desiderio
1085 2450 1157 2506 ad
1181 2449 1440 2507 coelestia
1460 2455 2057 2521 transeamus,nostra

398 2552 510 2608 per
539 2553 751 2592 manus
781 2536 1029 2610 inopum
1059 2542 1117 2594 et
1148 2538 1520 2608 afﬂictorum,
1552 2541 1626 2596 ad
1654 2540 1918 2598 cmlestes
1937 2541 2058 2596 the-

407 2642 615 2682 sauros
643 2627 1087 2684 transferamus.
1136 2628 1450 2701 Sequitur:
1483 2630 1853 2687 Arescenttbus
1881 2631 2056 2686 homi-

406 2714 572 2770 nibus
597 2730 720 2787 prae
747 2717 940 2772 timore
975 2725 1027 2772 et
1072 2720 1469 2790 exspectatione
1509 2733 1636 2791 quae
1679 2721 2058 2792 supervenient

408 2805 660 2861 universo
690 2804 829 2861 orbi.
860 2807 1139 2862 Arescent
1181 2807 1424 2879 quidam
1472 2808 1633 2877 mali,
1667 2813 1724 2864 et
1764 2808 2058 2869 timebunt

407 2892 663 2950 instante
680 2894 807 2965 jam
828 2895 1076 2967 judicio,
1110 2897 1212 2953 sed
1236 2897 1442 2964 fustra,
1474 2914 1609 2954 cum
1635 2914 1752 2954 non
1784 2900 2059 2971 poterunt

409 2982 728 3039 emendari.
787 2984 903 3040 Nos
948 3001 1106 3058 ergo,
1164 2986 1393 3055 fratres,
1453 2989 1595 3045 dum
1652 2987 1951 3045 emendari
2000 2991 2059 3049 et

407 3073 716 3129 emundari
747 3089 1086 3146 possumus,
1120 3075 1192 3131 ab
1220 3091 1421 3132 amore
1458 3076 1667 3132 mundi
1696 3092 2053 3144 aresoamus,

408 3160 606 3217 futura
635 3162 973 3229 timeamus,
1005 3168 1064 3220 et
1094 3162 1368 3221 timentes
1415 3181 1744 3222 caveamus.
1777 3167 1915 3222 Nam
1940 3167 2056 3222 vir-

2134 577 2331 630 autem
2358 573 2688 635 venientium
2735 572 2797 629 in
2851 572 3133 641 nubibus,
3166 571 3320 629 sicut
3355 572 3633 629 ascendit
3662 584 3814 628 eum

2135 662 2395 720 nubibus
2424 663 2474 719 ei
2510 662 3006 731 ministrantibus,
3040 662 3171 734 ejus
3209 661 3456 736 gloriam
3483 661 3564 721 ab
3594 660 3816 734 impiis

2136 751 2587 809 occultantibus.
2619 752 2765 808 Cum
2812 754 3102 824 potestate
3154 766 3371 824 magna
3408 751 3632 820 veniet,
3667 754 3815 807 ante

2138 857 2314 914 quem
2341 857 2548 901 omnes
2574 844 2914 914 potestates,
2945 840 3292 907 omlestlnm,
3336 840 3725 900 terrestrium
3752 842 3815 895 et

2137 929 2501 987 infernorum
2529 930 3000 995 contremiscent.
3049 930 3196 986 Cum
3246 924 3529 1002 potestate
3574 942 3814 1003 magna

2138 1018 2348 1089 veniet,
2381 1019 2482 1093 qui
2510 1037 2619 1077 suo
2650 1021 2904 1079 adventu
2924 1018 3131 1076 omnia
3154 1017 3452 1075 concutiet
3476 1018 3809 1087 elementa,

2142 1110 2245 1182 qui
2272 1109 2483 1165 cmlum
2515 1113 2574 1166 et
2628 1113 2845 1169 terram
2903 1107 3319 1178 concremabit,
3349 1113 3407 1165 et
3434 1124 3586 1164 nova
3624 1107 3811 1165 faciet

2142 1198 2361 1266 omnia,
2395 1199 2496 1272 qui
2528 1198 2921 1261 conscientias
2967 1198 3276 1255 hominum
3305 1196 3669 1271 propalabit,
3701 1196 3808 1271 qui

2144 1286 2269 1344 solo
2300 1292 2447 1346 nutu
2474 1286 2693 1344 electos
2718 1286 3092 1362 gloriﬁoabit,
3125 1290 3184 1344 et
3228 1287 3507 1361 reproboe
3539 1287 3600 1343 in
3632 1291 3809 1344 reler-

2147 1394 2292 1433 num
2314 1376 2768 1434 cruciabit.Cum
2786 1377 3094 1449 majestate
3112 1392 3345 1450 quoque
3355 1376 3806 1451 magneveniet,

2147 1466 2221 1523 ad
2243 1468 2415 1538 cujus
2446 1465 2691 1539 gloriam
2713 1466 2800 1524 sol
2830 1466 3615 1536 obscurabitur,abseondita
3643 1469 3811 1522 tene-

2148 1556 2388 1613 brarum
2401 1554 3125 1625 illuminabuntur,omnee
3140 1554 3304 1613 electi
3315 1554 3632 1612 illustrabu
3641 1559 3809 1622 utor,

2150 1650 2208 1702 et
2237 1646 2298 1701 in
2328 1647 2458 1718 ejus
2487 1662 2686 1703 amore
2706 1646 3252 1703 inﬂammabuntur.
3283 1649 3425 1713 Hoc,
3460 1644 3816 1713 habeshoc

2154 1735 2413 1808 quotidie
2438 1735 2788 1809 cogitemus,
2820 1736 2930 1792 hoc
2972 1750 3311 1809 pensemus,
3350 1733 3820 1791 manifestarius

2154 1824 2250 1880 hic
2262 1824 2340 1879 im
2348 1824 2669 1882 munditias
2680 1824 3177 1884 conscientiarum
3198 1827 3533 1881 nostrarum
3551 1838 3664 1896 per
3680 1836 3820 1879 eon-

2162 1913 2475 1970 fessionem
2508 1914 2579 1970 ad
2609 1914 2860 1984 veniam,
2892 1930 2965 1971 ne
2993 1913 3075 1969 ibi
3108 1930 3143 1974 a
3174 1912 3413 1971 Domino
3436 1912 3825 1972 manifestos.

2161 2006 2260 2058 tur
2286 2003 2359 2060 ad
2388 2002 2792 2060 confusionem
2818 2008 2880 2059 et
2908 2019 3160 2077 pmnam.
3180 2003 3285 2060 Hic
3316 2019 3422 2059 nos
3443 2001 3821 2075 judieemns,

2163 2106 2236 2148 ne
2264 2091 2344 2151 ibi
2366 2091 2726 2165 judicemur.
2761 2092 2863 2149 Hic
2893 2109 3001 2150 nos
3040 2108 3405 2161 accusemus,
3439 2107 3513 2148 ne
3543 2090 3829 2149 ibim

2164 2197 2383 2238 θεωιιιι.

2235 2269 2517 2343 Sequitur
2542 2286 2680 2343 pars
2709 2270 2901 2339 tertia,
2935 2270 2996 2326 in
3044 2287 3164 2345 qua
3220 2269 3477 2328 ostendit
3530 2269 3825 2327 Dominus

2165 2358 2305 2431 quid
2337 2359 2474 2416 boni
2496 2363 2640 2416 tunc
2669 2359 2869 2417 electis
2898 2361 3221 2433 proveniet,
3250 2360 3459 2417 dicens
3482 2361 3605 2416 :Hi:
3632 2366 3827 2416 om

2162 2448 2293 2520 ﬁeri
2321 2450 2737 2521 incipientibus,
2785 2451 2957 2506 levate
3002 2452 3187 2522 capita
3230 2457 3485 2516 vestra,et
3512 2450 3827 2506 ambitum

2163 2537 2327 2594 corda
2356 2546 2534 2594 vestra
2556 2538 2647 2612 (2).
2684 2539 2914 2605 Quare?
2943 2541 3075 2612 quia
3111 2541 3573 2613 appropinquavit
3614 2538 3825 2595 redeun-

2159 2627 2274 2699 ptio
2304 2628 2586 2682 vestra.Ac
2616 2627 2664 2683 si
2697 2627 2892 2683 dicat:
2922 2627 3068 2684 Cum
3101 2626 3223 2684 haec
3250 2625 3514 2683 videritis
3543 2625 3821 2700 gaudet;

2166 2715 2305 2788 quia
2333 2731 2469 2772 cum
2500 2715 2701 2775 finitur
2719 2716 3099 2787 mundaswui
3110 2716 3286 2774 amici
3307 2732 3422 2773 non
3445 2713 3827 2788 κώλων

2165 2808 2255 2861 est
2282 2804 2443 2861 salus
2473 2808 2708 2874 aeterna,
2731 2821 2913 2878 quam
2939 2804 3383 2862 desiderebatis.
3414 2800 3691 2860 Redimet
3718 2818 3823 2860 eu-

2163 2897 2283 2949 tem
2313 2898 2453 2950 tunc
2482 2910 2613 2963 nos,
2649 2894 2876 2961 fratres,
2920 2894 3275 2968 Redemptor
3318 2897 3518 2953 noster
3560 2909 3599 2950 a
3630 2893 3823 2950 tribue

2166 2982 2440 3054 miseriis,
2471 2987 2594 3039 tam
2619 2982 2681 3038 in
2712 2983 2912 3040 anima
2940 2998 3119 3056 quam
3164 2983 3225 3039 in
3262 2996 3522 3056 corpore,
3552 2982 3634 3039 ab
3665 2980 3823 3038 indi-

2165 3072 2381 3146 gentia,
2415 3072 2487 3128 eb
2516 3071 2851 3141 afﬂictione,
2886 3089 2921 3129 a
2948 3076 3157 3129 morte.
3208 3072 3478 3129 Redimet
3522 3070 3823 3144 siquidem

2164 3160 2449 3216 Dominus
2479 3160 2739 3217 animam
2770 3165 3036 3222 nostram
3067 3161 3143 3217 ab
3170 3159 3499 3234 indigentia
3515 3159 3825 3233 sapienti.

408 3257 563 3319 tutes,
624 3250 836 3323 inquit,
895 3253 1153 3309 caelorum
1202 3255 1582 3311 movebuntur.
1643 3254 1878 3322 Quare?
1928 3255 2052 3311 Non
2086 3239 2129 3306 C
2165 3249 2745 3318 etvirtutis,danseis
2764 3250 2948 3309 totius
2976 3248 3825 3323 sapientimetvirtutisabun-

407 3338 548 3410 quia
577 3340 648 3395 de
678 3356 740 3395 se
760 3340 1134 3408 timeant,sed
1157 3341 1296 3413 quia
1317 3343 1388 3399 de
1417 3342 1720 3400 severitate
1733 3344 2058 3416 judicantis

407 3427 867 3499 perhorrescent.
900 3429 1149 3499 Fratres,
1185 3430 1233 3486 si
1265 3431 1456 3505 angeli
1486 3430 1797 3499 timebunt,
1831 3433 1880 3489 si
1911 3449 2056 3491 con-

408 3514 765 3579 tremiscant,
799 3521 865 3572 ut
910 3517 992 3573 ait
1036 3518 1167 3586 Job,
1217 3519 1502 3575 columna)
1547 3520 1674 3576 cceli
1711 3522 1847 3591 (Job.
1877 3524 2052 3591 xxvr),

411 3603 553 3676 quid
591 3603 806 3660 facient
863 3608 1318 3678 peceatores?Si
1344 3625 1499 3676 vero,
1559 3610 1639 3669 ait
1688 3610 1912 3677 Petrus,
1961 3613 2058 3667 vix

396 3693 587 3762 justus
608 3694 931 3764 salvabitur,
977 3697 1184 3768 impius
1230 3704 1283 3754 et
1326 3708 1579 3771 peccator
1605 3700 1703 3755 ubi
1743 3700 2054 3772 parebunt!

408 3783 460 3852 (ι
482 3784 631 3838 Petr.
663 3782 765 3856 Iv.)

481 3871 760 3945 Sequitur
786 3889 922 3944 pars
953 3876 1231 3949 secunda,
1264 3878 1325 3933 in
1356 3894 1473 3950 qua
1493 3878 1747 3935 ostendit
1775 3877 2056 3939 Dominus

409 3962 700 4033 quomodo
730 3963 802 4018 ad
826 3963 1120 4034 judicium
1150 3971 1431 4023 venturus
1456 3972 1565 4037 est,
1596 3968 1795 4024 dicens
1815 3970 1902 4024 :Et
1927 3976 2057 4025 tunc

405 4049 666 4107 videbunt
693 4054 898 4109 Filium
928 4055 1165 4110 hominis
1210 4057 1512 4113 venientem
1539 4059 1600 4113 in
1644 4058 1882 4113 nubibus
1910 4058 2050 4125 creti,

401 4155 527 4195 cum
551 4149 813 4212 potestate
844 4160 1045 4214 magna
1072 4152 1124 4200 et
1148 4142 1446 4218 majestate.
1480 4146 1550 4202 Et
1598 4145 1699 4219 qui
1727 4145 2054 4204 videbunt?

402 4227 636 4297 Omnes,
670 4233 791 4287 tam
847 4232 982 4288 boni
1042 4249 1219 4305 quam
1261 4234 1420 4303 mali,
1451 4236 1607 4291 unde
1649 4239 1706 4291 et
1753 4235 2048 4295 Joannes:

398 4316 528 4373 Ecce
554 4321 704 4375 venit
729 4337 857 4376 cum
898 4322 1137 4378 nubibus
1182 4324 1321 4387 cazli,
1361 4332 1415 4379 et
1458 4325 1661 4381 videbit
1705 4341 1830 4381 eum
1872 4326 2052 4381 omni:

396 4407 583 4463 oculus
615 4407 792 4480 (Apoc.
828 4410 1030 4482 I).Non
1062 4411 1218 4467 enim
1240 4414 1431 4469 veniet
1460 4412 1745 4481 occultus,
1779 4413 2045 4481 humilis,

399 4496 581 4568 mitis,
617 4502 684 4553 ut
714 4498 923 4571 primo,
955 4501 1055 4556 sed
1090 4501 1283 4573 potius
1313 4506 1570 4575 apertus,
1604 4501 1761 4559 altus
1791 4506 1847 4558 et
1875 4503 2045 4558 terri-

2166 3338 2726 3395 dantiam.Redimet
2754 3355 2988 3413 quoque
3003 3355 3133 3396 eam
3157 3339 3231 3396 ab
3262 3338 3584 3394 afﬂictione
3602 3338 3827 3410 passio-

2166 3443 2332 3496 num,
2361 3426 2592 3484 timoris
2621 3426 2846 3484 scilicet
2875 3431 2935 3485 et
2980 3427 3255 3501 tristitia,
3283 3426 3534 3497 invidias,
3568 3431 3630 3483 et
3654 3430 3825 3483 cate-

2165 3532 2389 3589 rarum,
2421 3517 2567 3573 dans
2598 3516 2650 3573 ei
2680 3516 3083 3573 omnimodam
3114 3515 3508 3585 securitatem,
3531 3514 3820 3587 jucundio

2164 3609 2344 3663 tatem
2373 3610 2432 3662 et
2457 3622 2739 3662 amorem.
2771 3605 3037 3662 Redimet
3062 3604 3240 3662 etiam
3262 3620 3393 3662 eam
3425 3621 3459 3661 a
3476 3606 3670 3660 morte
3696 3618 3826 3660 mo-

2166 3692 2355 3751 larum
2387 3694 2806 3768 cogitationum
2836 3699 2895 3751 et
2939 3698 3330 3768 peccatorum,
3363 3694 3513 3750 dans
3540 3694 3595 3749 ei
3626 3691 3819 3750 omni.

2165 3785 2402 3840 modem
2432 3784 2787 3840 munditiam
2834 3788 2895 3839 et
2949 3784 3284 3858 puritatem.
3326 3782 3553 3857 Corpus
3578 3795 3819 3856 quoque

2165 3873 2413 3933 redimet
2459 3874 2532 3935 ab
2590 3873 2913 3947 indigentia
2969 3873 3254 3942 ciborum,
3305 3873 3814 3941 vestimentorum,

2165 3967 2625 4036 ceterorumque
2662 3961 3103 4036 temporalium,
3132 3962 3283 4019 dans
3308 3960 3362 4018 ei
3411 3960 3817 4017 omnimodae

2163 4051 2596 4109 sufﬁcientiam.
2652 4051 2921 4108 Redimet
2967 4051 3143 4108 etiam
3194 4050 3343 4107 illud
3382 4051 3455 4107 ab
3496 4049 3822 4112 afﬂictione

2163 4142 2523 4210 morborum,
2573 4139 2890 4201 senectutis
2946 4145 3005 4196 et
3032 4139 3358 4214 gravitatis,
3406 4139 3557 4197 dans
3585 4138 3643 4195 ei
3686 4152 3827 4196 om-

2161 4230 2433 4287 nifariam
2454 4229 2951 4303 incorruptionem
2964 4232 3023 4285 et
3038 4227 3662 4303 agilitatem.Redimet
3678 4244 3823 4301 que-

2160 4336 2273 4392 que
2302 4319 2449 4375 illud
2477 4336 2514 4375 a
2545 4320 2904 4385 morte,dans
2916 4319 2969 4377 ei
2993 4334 3190 4376 veram
3221 4316 3754 4374 immortalitatem.
3773 4314 3819 4375 0

2158 4408 2368 4467 fratres
2397 4408 2532 4477 mei,
2559 4411 2799 4479 pensato
2828 4421 3008 4478 quam
3058 4406 3433 4465 inelhbiliter
3467 4405 3819 4478 gaudebunt

2155 4496 2341 4554 electi.
2375 4497 2611 4570 quando
2631 4494 2825 4551 veniet
2854 4512 2993 4568 spes
3019 4511 3158 4563 sua,
3187 4494 3551 4557 desiderium
3606 4510 3809 4563 suum,

397 4584 555 4677 bilis,
590 4589 654 4641 ut
682 4587 807 4659 ipse
838 4589 909 4644 de
957 4606 1020 4644 se
1069 4594 1356 4659 testatur;
1388 4592 1541 4647 Sicut
1566 4592 1780 4663 fulgur
1815 4594 1937 4648 exit
1975 4593 2045 4648 ab
2074 4612 2121 4677 Β
2151 4586 2308 4677 Deus
2338 4590 2395 4642 et
2424 4584 3143 4677 Dominussquuslquando
3165 4584 3589 4677 transfereteos
3608 4582 3815 4677 evelle

395 4676 618 4742 oriente,
654 4684 706 4731 et
727 4685 883 4747 paret
912 4693 1080 4750 usque
1111 4680 1170 4733 in
1199 4679 1544 4747 occidentem,
1576 4683 1657 4737 sic
1701 4683 1808 4737 erit
1843 4682 2043 4738 adven-

394 4772 585 4820 ventus
612 4767 748 4821 Filii
774 4768 1013 4822 hominis
1045 4768 1250 4837 (Matth.
1301 4770 1475 4842 xxrv).
1509 4772 1692 4836 Quem
1721 4771 2043 4827 videbunt?

397 4852 608 4909 Filium
627 4853 901 4912 hominis.
918 4854 1091 4911 Solus
1105 4857 1259 4912 enim
1277 4858 1460 4914 Filius
1480 4862 1621 4914 tunc
1644 4860 2044 4933 apparebitju-

395 4940 718 5011 dicaturus,
753 4945 849 5016 qui
882 4944 1070 5016 primo
1106 4945 1214 5001 fuit
1262 4948 1479 5019 injuste
1523 4949 1844 5019 judicatus,
1870 4949 2045 5021 juxta

393 5027 533 5085 illud
562 5048 573 5085 :
619 5034 887 5088 Videbunt
917 5037 976 5089 in
1004 5051 1164 5106 quem
1182 5045 1536 5108 pupugerunt
1565 5040 1749 5109 (Apoc.
1776 5038 1834 5110 ι),
1853 5037 2039 5093 διιόωί

393 5118 611 5175 scilicet
641 5126 695 5175 et
725 5122 1099 5192 gentiles,scd
1113 5126 1287 5180 etiam
1308 5131 1365 5181 et
1385 5125 1515 5182 falsi
1543 5125 2038 5199 Christiani(quod

391 5206 517 5261 sine
548 5209 767 5279 gemitu
801 5210 990 5266 dicere
1022 5214 1552 5284 nequeo)videbunt
1580 5231 1755 5287 quem
1786 5220 2040 5272 contem-

319 5301 325 5307 '
389 5299 657 5366 pserunt,
690 5313 864 5368 quem
894 5298 1351 5373 ahnegaverunt,
1386 5320 1559 5375 quem
1582 5304 1948 5374 juraverunt,
1982 5307 2040 5361 et

389 5384 814 5455 pejoraverunt,
846 5392 903 5443 et
934 5405 1109 5460 quem
1143 5390 1650 5448 dedecoraverunt.
1683 5392 1879 5448 Gloria
1903 5409 2039 5450 vero

390 5471 714 5531 divinitatis
746 5491 861 5532 non
890 5475 1170 5535 videbunt
1191 5480 1589 5553 reprobi,quia
1609 5481 1896 5555 scriptum
1915 5486 2033 5554 est;

457 5650 537 5729 (2)
563 5650 735 5731 Vulg.
757 5672 875 5715 non
904 5656 1082 5716 habet
1109 5657 1420 5716 exhilarant
1447 5659 1611 5717 corda
1636 5669 1837 5720 vestra.

2151 4675 2541 4748 lacrymarum
2573 4674 2645 4730 ad
2676 4673 3047 4731 altitudinem
3091 4673 3463 4748 gaudiorum,
3495 4673 3572 4729 ab
3601 4671 3810 4732 exsilio

2151 4765 2223 4821 ad
2255 4765 2529 4837 patriam,
2561 4781 2596 4819 a
2624 4761 2862 4820 miseria
2890 4763 2964 4819 ad
2995 4762 3443 4819 beatitudinem.

2220 4852 2500 4925 Sequitur
2526 4869 2661 4925 pars
2692 4857 2923 4924 quarta,
2954 4851 3018 4911 in
3048 4867 3166 4924 qua
3211 4851 3500 4908 Dominus
3524 4850 3809 4923 explanat

2149 4944 2306 5000 dicta
2349 4960 2451 5015 per
2497 4940 2967 4999 similitudinem.
3018 4941 3215 5007 Videte,
3265 4940 3478 5013 inquit,
3508 4938 3808 5012 ﬁculneae:

2147 5041 2198 5089 et
2225 5049 2407 5089 omnes
2435 5032 2822 5088 arbores.Cum
2846 5030 3157 5103 producunt
3174 5032 3297 5102 jam
3337 5045 3408 5085 eo:
3451 5046 3509 5086 se
3537 5033 3805 5102 Mm,

2146 5123 2298 5177 scitis
2328 5122 2456 5193 quia
2483 5136 2650 5193 prope
2679 5128 2757 5176 est
2779 5121 3056 5177 aestuans
3074 5127 3128 5176 et
3152 5135 3243 5179 vos
3271 5135 3399 5177 eam
3416 5118 3677 5179 videritis
3693 5120 3813 5179 tua

2145 5212 2287 5284 ﬁeri,
2314 5212 2498 5271 scitote
2520 5212 2655 5283 quia
2674 5224 2843 5282 prope
2887 5217 2967 5266 est
3008 5224 3241 5280 regnum
3298 5209 3425 5265 Dei.
3486 5206 3811 5283 Compar-at

2146 5304 2342 5358 autem
2371 5299 2540 5373 signa
2569 5297 2952 5371 parmcedentia
2993 5298 3312 5356 adventum
3353 5296 3596 5367 Christi,
3628 5299 3809 5355 arbo—

2145 5406 2278 5447 rum
2309 5386 2741 5445 fructiﬁcationi
2768 5405 2785 5453 ;
2811 5387 3197 5444 aeternitatem
3222 5403 3380 5458 vero,
3411 5386 3621 5443 aetati
3642 5386 3808 5444 Unde

2144 5483 2307 5554 patet
2334 5476 2475 5553 quia
2502 5476 2725 5533 fructus
2777 5475 2986 5532 mandi
3040 5475 3215 5534 ruina
3242 5480 3353 5534 est.
3384 5475 3474 5532 Ad
3503 5474 3619 5535 hoc
3640 5475 3809 5537 enin
