3988 6074
174 287 329 355 £08!

831 287 1191 353 HOMILIIE
1228 288 1310 353 IN
1352 289 1605 353 EPIST.
1651 288 1751 353 ET
1793 288 2085 353 EVANG.
2132 287 2483 353 DOMINIG.
2516 316 2595 337 ο»
2621 288 2823 353 PARS
2867 288 2914 352 Ι.

3430 289 3585 352 1682

172 410 974 497 puthslatmtmarceseatmd
998 421 1110 480 hoc
1124 421 1410 497 surgit,ut
1435 422 1823 482 cadatoﬂstae
1847 423 1905 491 Α
1933 423 2225 493 arborem,
2261 423 2362 481 sed
2392 421 2554 481 solus
2576 421 2754 494 Deus,
2790 420 2875 480 ita
2903 436 3010 479 nec
3039 419 3143 495 qui
3159 420 3454 495 praedicat,
3477 438 3584 482 nec

170 516 373 571 autem
402 516 494 569 est
522 511 732 581 calida,
763 511 941 581 clara,
972 513 1292 570 fructuosa.
1323 514 1561 571 jEterna
1589 529 1825 587 quoque

171 601 616 670 beatitude,erit
624 601 1015 659 oalidaealore
1030 601 1827 673 cbaritatis,claraillumina-

170 690 333 748 tione
341 691 459 748 veri
471 689 636 758 solis,
642 690 945 748 fructuosa
955 692 1249 749 messibus
1259 696 1486 748 aeternae
1498 692 1826 748 retributio-

172 780 291 839 nis.
321 781 588 848 Econtra,
619 779 739 836 vita
764 794 1023 853 presens
1050 785 1142 838 est
1159 781 1330 854 quasi
1354 781 1546 850 biens,
1579 780 1718 854 quia
1737 784 1827 839 est

172 869 722 944 frigidmtenebrosa
732 869 1279 945 etsterilis.Frigida
1297 871 1427 928 sine
1436 870 1626 928 calore
1640 870 1824 927 chari-

171 959 333 1029 talis,
352 959 1024 1034 tenebrosaignorantia,
1036 958 1519 1018 tribulationibus
1538 965 1597 1018 et
1616 977 1824 1034 pecea-

169 1049 270 1119 tis;
286 1048 672 1123 sterilis,quia
685 1049 778 1107 hic
792 1066 910 1106 non
925 1050 1357 1107 metuntur.sed
1369 1048 1828 1108 saruntursemi-

171 1157 246 1199 ne
276 1141 441 1197 bona
481 1138 856 1212 operationis.
892 1138 1030 1195 Mali
1061 1153 1315 1213 quoque,
1364 1139 1465 1212 qui
1495 1139 1592 1195 hic
1618 1143 1828 1196 vacant

170 1240 382 1291 somno
409 1232 465 1285 et
495 1229 634 1298 otio,
668 1232 809 1285 eunt
836 1228 1007 1302 quasi
1050 1228 1233 1303 piger,
1265 1229 1366 1302 qui
1425 1229 1652 1302 operari
1706 1244 1824 1286 non

168 1316 373 1379 valens
399 1320 636 1390 propter
666 1316 877 1389 frigus,
909 1315 1210 1373 mendicat
1238 1316 1299 1372 in
1328 1320 1549 1383 aestate,
1579 1333 1685 1373 nec
1714 1317 1822 1373 da-

170 1410 272 1464 tur
298 1406 372 1465 ei.
407 1405 502 1463 Sic
536 1405 675 1462 mali
704 1405 763 1462 in
792 1407 988 1462 futuro
1021 1422 1137 1462 non
1170 1409 1409 1473 metant,
1434 1405 1745 1479 nisiquam
1764 1406 1823 1462 in

170 1499 331 1555 certe
352 1495 797 1553 seminaverunt
820 1493 1275 1569 corruptionem.
1334 1495 1478 1552 Boni
1533 1512 1689 1564 vero,
1721 1496 1822 1568 qui

170 1602 275 1659 spe
304 1584 709 1643 retributionis
739 1589 966 1643 eterna
997 1584 1095 1641 hic
1122 1583 1410 1653 laborant,
1467 1589 1609 1642 sunt
1652 1585 1821 1658 quasi

168 1675 362 1735 bonus
391 1673 667 1748 agricola,
699 1673 801 1746 qui
831 1690 938 1747 spe
967 1674 1255 1731 messium
1274 1674 1335 1730 in
1359 1674 1552 1731 hieme
1574 1688 1679 1748 per
1696 1673 1823 1746 plu-

168 1763 319 1831 vias,
333 1762 650 1839 grandines
674 1768 732 1820 et
743 1762 1453 1830 nivesseminatﬂuicum
1473 1762 1629 1820 videt
1644 1763 1820 1820 ﬁcum

170 1858 529 1926 ceterasque
560 1853 797 1910 arbores
827 1851 1138 1926 pullulare,
1170 1853 1405 1927 gaudet,
1448 1853 1638 1910 sciens
1669 1854 1823 1926 quod

169 1941 364 2003 hiems
384 1943 512 2015 jam
544 1941 780 2001 transiit
801 1946 860 1999 et
886 1947 1059 1999 aestas
1077 1942 1359 1999 messium
1378 1941 1827 2016 venit.Nosquo—

174 2049 309 2107 qua,
343 2032 570 2101 fratres,
602 2032 664 2088 in
695 2049 802 2105 spe
835 2030 1154 2088 celestium
1197 2030 1549 2105 gaudiorum
1606 2049 1711 2104 per
1737 2032 1823 2089 1a-

174 2137 408 2197 erymas
435 2124 832 2194 peccatorum,
865 2125 924 2178 et
977 2121 1321 2194 patientiam
1351 2120 1820 2190 tribulationum,

170 2210 532 2271 nominemus
562 2210 622 2267 in
654 2210 893 2284 spiritu,
921 2215 988 2267 ut
1005 2210 1065 2267 in
1087 2209 1512 2268 resurrectione
1529 2214 1821 2268 metamus

168 2301 246 2358 de
271 2298 489 2375 spiritu
517 2299 700 2356 vitam
727 2303 1026 2368 mternam,
1047 2303 1116 2356 ut
1134 2310 1465 2356 mereamur
1480 2298 1724 2355 aduuari
1736 2299 1821 2356 eis

170 2389 388 2464 quibus
414 2388 629 2446 dicitur
656 2405 670 2445 :
704 2390 813 2459 Qui
838 2390 1111 2447 seminaret
1141 2390 1203 2445 in
1233 2389 1513 2461 lacrymis,
1543 2389 1605 2445 in
1633 2389 1819 2445 casul-

168 2481 375 2537 tatione
400 2486 616 2536 metent.
648 2479 854 2535 Euntes
882 2479 1055 2544 ibant,
1112 2478 1173 2534 id
1228 2483 1340 2548 est,
1399 2478 1471 2534 de
1515 2478 1731 2534 virtute
1757 2477 1818 2534 in

170 2568 447 2625 virtutem
478 2567 881 2641 proﬁciebant,
921 2576 973 2624 et
1000 2568 1221 2639 ﬂebant,
1256 2572 1387 2624 tum
1442 2568 1513 2624 de
1550 2567 1819 2624 recorda-

170 2656 328 2714 tione
359 2661 750 2730 peccatorum,
772 2660 906 2713 tum
922 2656 1210 2714 desiderio
1227 2656 1549 2714 cmlestium
1580 2655 1819 2731 gaudio-

172 2760 304 2805 rum
336 2749 630 2813 mittentes,
691 2746 751 2804 id
782 2750 875 2804 est
930 2745 1373 2820 praemittentes,
1429 2749 1640 2804 semina
1690 2763 1814 2814 sua,

171 2838 449 2897 munies
473 2843 655 2893 eam
682 2838 901 2893 venient
928 2843 1058 2893 mm
1110 2834 1500 2903 exsultatione,
1539 2843 1817 2909 portantes

168 2926 481 3000 Μηίραισε
509 2942 635 2984 suos
665 2926 842 2999 (Psal.
873 2924 1058 2998 ων).
1092 2925 1254 2990 Quod
1284 2924 1409 2999 ipse
1439 2930 1714 2999 praetore
1732 2925 1817 2981 di-

171 3018 403 3091 gnetur,
435 3015 537 3089 qui
566 3014 706 3073 vivit
723 3020 783 3072 et
800 3019 1005 3088 regnat
1026 3019 1178 3071 Deus
1206 3014 1267 3070 in
1288 3019 1590 3072 internum.
1609 3017 1813 3072 Amen.

787 3150 1094 3216 HOMILIA
1121 3154 1191 3213 V.

578 3264 854 3306 DOMINICA
879 3264 1080 3305 TERTIA
1099 3258 1413 3305 ADVENTUS.

234 3356 330 3414 Sic
356 3372 455 3414 nos
482 3356 758 3414 existimet
789 3356 947 3413 homo
976 3362 1038 3412 ut
1057 3356 1341 3412 ministros
1366 3353 1586 3422 Christi,
1643 3363 1696 3411 et
1724 3354 1816 3412 di-

163 3453 500 3520 qieusatores
550 3447 942 3519 mysteriorum
992 3445 1093 3500 Dei
1120 3444 1169 3517 (ι
1197 3445 1318 3500 Cor.
1360 3446 1465 3512 ιν.)
1517 3447 1627 3499 etc.
1683 3447 1818 3515 Haec

168 3532 399 3603 scribit,
430 3534 641 3591 fratres
660 3532 1015 3600 charissimi,
1036 3531 1350 3606 Apostolus
1372 3532 1445 3588 ad
1464 3532 1816 3596 Corinthios,

167 3623 228 3681 in
257 3622 475 3696 quibus
504 3640 620 3680 non
651 3622 845 3680 solum
878 3638 978 3679 eos
1005 3620 1266 3688 instruit,
1325 3622 1425 3679 sed
1457 3622 1634 3678 etiam
1686 3638 1815 3678 nos.

168 3715 321 3770 Sunt
332 3715 533 3769 autem
548 3711 728 3785 hujus
748 3710 1019 3768 lectionis
1043 3714 1301 3784 quatuor
1316 3711 1603 3785 partean
1628 3710 1821 3784 prima

168 3805 337 3878 parte
353 3800 550 3875 arguit
569 3797 903 3858 Corinthios
923 3801 995 3859 de
1017 3800 1165 3858 falsa
1186 3800 1460 3874 opinione
1485 3817 1819 3858 sacramen—

167 3896 389 3949 torum.
418 3887 715 3949 Putabant
739 3890 896 3947 enim
919 3893 1285 3947 sacramenta
1301 3891 1439 3947 data
1459 3908 1495 3947 a
1513 3887 1818 3948 sanctiori-

169 3981 283 4039 bus
313 3995 442 4037 esse
473 3979 784 4050 sanctiora,
824 3981 882 4035 et
908 3996 945 4035 a
972 3978 1172 4036 minus
1227 3978 1448 4036 sanctis
1503 3980 1661 4047 data,
1692 3996 1821 4036 esse

172 4068 371 4129 minus
402 4072 623 4125 sancta.
658 4068 825 4125 Unde
872 4072 928 4124 et
958 4068 1264 4125 dicebant:
1296 4070 1408 4139 Ego
1462 4085 1588 4124 sum
1632 4070 1818 4137 Pauti,

169 4174 268 4228 ego
295 4174 422 4215 sum
449 4157 663 4230 Capuae,
688 4173 787 4227 ego
842 4157 1050 4230 Apollo,
1111 4172 1208 4227 ego
1268 4158 1472 4214 Christi
1528 4157 1822 4230 baptismo

173 4247 506 4321 baptizatus
536 4247 586 4321 (ι
612 4247 733 4303 Cor.
767 4250 810 4315 ι)
842 4262 857 4303 :
888 4250 1165 4318 putantes
1220 4247 1378 4318 quod
1430 4245 1762 4318 baptizatus
1790 4264 1826 4303 a

175 4336 427 4405 meliori,
458 4336 671 4394 melius
700 4338 857 4392 esset
885 4334 1238 4408 baptizatus.
1273 4334 1437 4392 Unde
1485 4338 1543 4391 et
1597 4340 1822 4392 scruta-

176 4425 394 4484 bantur
421 4424 711 4483 curiosius
731 4424 880 4481 vitas
900 4422 1329 4480 ministrorum.
1355 4422 1493 4480 Istis
1510 4427 1651 4480 sunt
1669 4424 1828 4481 simi-

1936 512 2038 586 qui
2066 512 2344 585 baptizat,
2378 516 2519 569 sunt
2548 510 2796 585 aliquid,
2825 514 3112 584 quantum
3144 512 3215 568 ad
3264 512 3584 570 efﬁcaciam

1936 607 2459 669 sacramentorum,
2493 602 2596 659 sed
2626 600 2790 659 solus
2810 602 2987 670 Deus,
3021 599 3123 673 qui
3143 600 3306 657 intus
3327 599 3587 663 invisibi-

1933 691 2069 748 liter
2098 695 2391 764 operatur.
2425 691 2589 747 Unde
2621 695 2679 747 et
2711 708 2746 746 a
2775 690 2995 763 Spiritu
3020 693 3222 747 sancto
3254 688 3479 745 dictum
3495 695 3585 747 est

1933 781 2146 838 Joanni
2178 782 2386 856 :Super
2424 797 2581 854 quem
2626 781 2833 836 videris
2869 780 3135 852 Spiritum
3184 778 3586 836 descendentem

1932 880 1985 929 et
2008 880 2316 928 "canentem
2344 882 2510 942 super
2529 886 2674 938 eum,
2708 871 2800 925 hic
2828 877 2908 926 est
2923 870 3019 940 qui
3041 869 3282 940 baptimt
3303 888 3323 935 ,-
3345 868 3582 941 (Joam,)

1933 959 1990 1016 id
2024 964 2133 1027 est,
2164 959 2257 1015 hic
2285 964 2342 1016 et
2371 976 2486 1015 non
2518 958 2670 1015 alius
2709 958 2886 1014 habet
2942 956 3347 1014 auctoritatem
3392 956 3584 1029 bapti-

1932 1050 2122 1106 zandi.
2148 1050 2348 1122 Itaque
2365 1048 2791 1122 qualiscunque
2813 1047 2891 1103 sit
2908 1046 3194 1115 minister,
3215 1050 3585 1103 sacramenta

1932 1139 2136 1196 eadem
2168 1143 2325 1208 sunt,
2359 1155 2465 1195 nec
2497 1156 2532 1194 a
2559 1136 2788 1194 meliori
2845 1135 3106 1204 meliora,
3158 1151 3264 1191 nec
3294 1151 3327 1190 a
3385 1135 3583 1191 minus

1933 1227 2107 1287 bonis
2133 1227 2333 1284 minus
2363 1228 2516 1283 bona
2535 1228 2771 1283 dantur.
2796 1226 2945 1282 Hinc
2976 1242 3111 1299 ergo
3133 1224 3215 1280 ait
3241 1223 3580 1296 Apostolus,

1932 1317 2025 1374 Sic
2050 1332 2149 1375 nos
2175 1319 2450 1374 existimet
2479 1317 2660 1383 homo,
2693 1323 2753 1372 ut
2777 1317 3059 1372 ministros
3080 1317 3581 1370 sacramentorum

1931 1409 2156 1476 Christi,
2189 1424 2306 1463 non
2328 1410 2617 1475 auctores,
2645 1406 2762 1461 Nos
2794 1404 2952 1461 enim
2981 1407 3211 1460 tantum
3235 1419 3447 1476 pueros
3477 1403 3584 1459 im-

1932 1496 2257 1570 mergimus
2269 1496 2665 1565 fonte,etDeus
2684 1493 3082 1567 baptizatNos
3094 1496 3322 1549 tantum
3337 1508 3579 1548 manum

1930 1584 2247 1653 elevamus,
2261 1590 2318 1642 et
2328 1586 2483 1641 Deus
2503 1582 2813 1640 benedicit.
2829 1583 2948 1639 Nos
2966 1585 3199 1637 tantum
3218 1582 3394 1637 verba
3415 1597 3584 1637 sacra

1928 1674 2302 1747 proferimus,
2331 1678 2389 1731 et
2418 1675 2570 1730 Deus
2601 1675 2920 1729 consecrat.
2954 1672 3071 1727 Nos
3120 1669 3580 1727 satisfactionem

1931 1764 2314 1838 imponimus,
2347 1767 2406 1820 et
2434 1764 2590 1820 Deus
2612 1761 2880 1819 absolvit.
2901 1761 3119 1817 Sumus
3149 1758 3326 1816 etiam
3357 1758 3581 1831 dispen-

1931 1862 2137 1911 satores
2163 1855 2555 1927 mysteriorum
2580 1854 2698 1922 Dei,
2748 1850 3144 1907 discernentes
3194 1847 3418 1905 scilicet
3449 1848 3581 1920 quis

1934 1944 2010 2000 sit
2037 1943 2310 2017 ligandus
2340 1946 2397 1999 et
2424 1942 2557 2015 quis
2587 1940 2927 2008 solvendus,
2952 1939 3085 2011 quis
3115 1937 3505 2010 baptizandus
3525 1940 3583 1993 et

1932 2033 2069 2106 quis
2095 2042 2234 2105 non,
2267 2032 2403 2105 quis
2451 2030 2813 2088 ordinandus
2860 2029 2938 2085 sit
2991 2027 3285 2092 sacerdos,
3343 2031 3400 2083 et
3447 2025 3580 2098 quis

1932 2123 2233 2180 diaconus.
2269 2120 2545 2188 Quamvis
2576 2134 2709 2176 vero
2739 2117 2948 2175 merita
2976 2116 3385 2173 ministrorum
3430 2114 3580 2173 nihil

1928 2216 2242 2286 operentur
2262 2212 2333 2268 ad
2347 2209 2666 2267 efﬁcaciam
2689 2210 3420 2276 sacramentorum,tamen
3439 2204 3582 2277 quia

1930 2300 2065 2374 plus
2093 2299 2325 2373 proﬁcit
2345 2298 2609 2371 exemplo
2641 2297 2830 2353 fidelis
2860 2295 2921 2351 in
2945 2294 3180 2369 populo,
3215 2310 3394 2367 quam
3443 2293 3576 2348 inﬁ-

1930 2390 2097 2459 delis,
2130 2392 2240 2459 hic,
2271 2390 2330 2445 id
2362 2394 2452 2446 est
2478 2388 2539 2443 in
2568 2387 2680 2444 hac
2706 2387 2846 2454 vita,
2878 2388 3154 2459 quaeritur
3181 2392 3241 2441 ut
3270 2384 3393 2456 quis
3426 2385 3579 2440 inve-

1927 2481 2126 2537 inatur
2153 2479 2330 2551 ﬁdelis
2360 2481 2506 2535 inter
2522 2477 2939 2550 dispensatores.

1999 2570 2277 2645 Sequitur
2304 2586 2441 2643 pars
2471 2568 2750 2634 secunda,
2772 2566 2832 2622 in
2855 2583 2974 2638 qua
2992 2564 3248 2621 ostendit
3265 2562 3578 2636 Apostolus

1926 2659 2189 2734 exemplo
2218 2658 2310 2716 sui
2341 2675 2487 2715 sana
2513 2655 2873 2714 conscientia
2914 2653 3208 2727 judicium
3265 2652 3574 2709 hominum

1925 2767 2055 2808 esse
2074 2746 2632 2823 parvipendcndum.
2666 2748 2854 2812 Quare
2871 2744 2899 2800 ?
2920 2743 3066 2811 Quia
3079 2740 3370 2814 judicihm
3392 2740 3579 2797 homi-

1927 2856 2070 2896 num
2094 2838 2321 2896 fallitur
2344 2841 2403 2893 et
2425 2835 2596 2893 fallit.
2630 2834 2897 2902 Fallitur,
2918 2832 3056 2906 quia
3077 2848 3228 2905 saepe
3249 2833 3469 2888 bonum
3485 2831 3577 2903 ju-

1922 2930 2081 2986 dicat
2110 2943 2240 2985 esse
2270 2926 2514 2996 malum,
2545 2928 2604 2981 et
2636 2923 2857 2980 malum
2907 2923 3151 2979 bonum.
3194 2919 3388 2987 Fallit,
3440 2919 3580 2992 quia

1925 3034 2062 3075 cum
2092 3017 2375 3091 indignus
2405 3034 2437 3072 a
2466 3014 2681 3088 populo
2701 3013 2994 3079 laudatur,
3020 3027 3173 3083 saepe
3204 3009 3277 3065 ob
3305 3008 3580 3065 hoc‘inte-

1924 3106 2048 3164 rius
2064 3105 2367 3182 gloriatur.
2391 3106 2463 3161 Et
2479 3105 2551 3160 ad
2578 3104 2689 3160 hoc
2708 3100 3010 3159 inducitur
3028 3103 3096 3156 ut
3116 3099 3253 3173 plus
3273 3097 3405 3155 aliis
3425 3098 3499 3154 de
3519 3114 3582 3155 se
3614 3112 3629 3127 ‘

1847 3180 1890 3247 C
1927 3180 2125 3252 credat
2156 3211 2336 3268 quam
2367 3193 2503 3266 sibi,
2529 3210 2665 3250 cum
2687 3192 2973 3264 soriptum
2992 3189 3071 3246 sit
3095 3207 3109 3258 ;
3133 3211 3163 3240 «
3193 3188 3332 3244 Plus
3360 3186 3492 3244 aliis
3511 3187 3582 3244 de

1922 3287 2000 3354 te,
2028 3301 2207 3356 quam
2237 3288 2301 3340 tu
2331 3283 2440 3339 tibi
2462 3283 2697 3340 credere
2718 3279 2858 3338 noli.
2879 3302 2908 3332 »
2936 3280 3030 3335 Ait
3059 3288 3195 3352 ergo
3224 3275 3576 3350 Apostolus:

1922 3374 2057 3431 Mihi
2084 3381 2265 3430 autem
2288 3390 2389 3445 pro
2409 3372 2641 3428 minimo
2667 3378 2762 3437 est,
2795 3377 2907 3426 uta
2942 3370 3095 3426 vobis
3111 3368 3361 3440 judicer,
3393 3373 3491 3422 aut
3512 3365 3582 3421 ab

1923 3466 2161 3520 humano
2190 3463 2308 3531 die,
2340 3478 2459 3517 non
2491 3465 2690 3517 tamen
2724 3460 2807 3515 ait
2835 3476 2940 3532 pro
2970 3456 3178 3513 nihilo.
3214 3455 3360 3521 Quia
3380 3470 3582 3526 quam-

1924 3553 2013 3609 vis
2044 3552 2203 3608 fama
2228 3555 2285 3607 et
2304 3549 2599 3622 judicium
2627 3548 2818 3622 plebis
2845 3548 2917 3604 de
2939 3545 3110 3603 nobis
3132 3546 3211 3601 sit
3228 3543 3585 3616 vilipenden-

1927 3642 2070 3698 dum
2100 3640 2271 3697 nobis
2310 3656 2419 3713 pro
2469 3638 2661 3706 nobis,
2714 3642 2911 3692 tamen
2963 3638 3202 3709 propter
3253 3632 3581 3705 profectum

1928 3729 2327 3803 proximorum
2359 3744 2475 3791 non
2511 3731 2600 3783 est
2629 3725 2870 3782 omnino
2919 3722 3364 3796 negligendum.
3424 3719 3588 3777 Sicut

1929 3819 2087 3876 enim
2119 3817 2342 3874 munda
2371 3814 2733 3873 conscientia
2753 3812 3086 3870 necessaria
3105 3815 3195 3868 est
3214 3814 3348 3867 ante
3372 3809 3582 3877 Deum,

1927 3906 2013 3965 ita
2041 3908 2266 3964 munda
2294 3906 2453 3963 fama
2478 3906 2612 3962 ante
2642 3903 2994 3977 proximum.
3024 3901 3128 3957 Vel
3160 3917 3370 3974 parum
3400 3898 3579 3968 enim,

1928 3998 2017 4056 vel
2049 3996 2194 4054 nihil
2222 3995 2375 4052 valet
2403 3996 2560 4051 bona
2590 3992 2943 4066 praedicatio,
2976 3991 3101 4047 sine
3120 3991 3272 4045 bono
3294 3986 3580 4059 exemplo.

1929 4085 2077 4145 Nam
2109 4088 2281 4158 cujus
2307 4084 2427 4139 vita
2446 4082 2787 4156 despicitur,
2810 4084 2989 4136 restat
3008 4084 3073 4134 ut
3102 4080 3229 4150 ejus
3251 4075 3583 4151 praedicatio

1931 4174 2387 4234 contemnatur?
2415 4172 2581 4229 Unde
2609 4169 2915 4238 Dominus,
2944 4170 3040 4225 Sic
3068 4168 3282 4224 luceant
3310 4180 3475 4238 opera
3492 4178 3585 4221 ve-

1931 4275 2055 4323 stra
2084 4267 2226 4322 bona
2277 4277 2463 4319 coram
2514 4261 2850 4327 hominibus,
2901 4266 2963 4314 ut
3009 4258 3316 4330 gloriﬁcent
3365 4256 3586 4311 Patrem

1932 4362 2171 4413 vestrum
2188 4354 2286 4426 qui
2315 4353 2377 4407 in
2404 4348 2551 4406 cretis
2611 4356 2708 4405 est.
2741 4349 3053 4416 (Matthv)
3083 4344 3229 4401 Hinc
3284 4344 3461 4400 etiam
3493 4342 3584 4398 di-

1934 4444 2088 4502 citur
2119 4459 2132 4499 :
2167 4438 2486 4497 «Crudelis
2511 4442 2601 4495 est
2630 4437 2730 4510 qui
2765 4437 2984 4493 famam
3022 4434 3284 4508 negligit.
3321 4455 3350 4483 n
3382 4433 3584 4503 Itaque

102 4552 107 4559 -
176 4511 263 4572 les
292 4514 466 4572 hodie
496 4514 737 4588 quidam
767 4513 833 4570 in.
858 4512 1137 4582 Ecclesia,
1170 4513 1269 4586 qui
1299 4512 1513 4571 missas
1542 4531 1578 4570 a
1605 4530 1823 4571 concu-

1935 4536 2095 4590 fama
2112 4535 2350 4605 prepter
2370 4544 2477 4585 nos
2504 4531 2593 4585 est
2613 4526 2981 4616 negligenda,
3005 4525 3112 4616 sed
3131 4528 3327 4579 tamen
3350 4523 3586 4616 propter

177 4603 425 4661 binariis
454 4596 545 4660 vel
574 4602 772 4660 minus
792 4602 1057 4659 honestis
1074 4603 1476 4659 sacerdotibus
1499 4602 1709 4660 nolunt
1727 4621 1826 4660 au-

177 4692 303 4751 dire
330 4692 419 4749 vel
451 4691 567 4750 alia
586 4696 957 4749 sacramenta
980 4706 1231 4748 sumere.
1267 4691 1378 4748 Sed
1410 4695 1531 4747 tam
1561 4691 1620 4747 hi
1649 4708 1828 4764 quam

179 4781 270 4839 illi
297 4780 605 4854 triplieiter
632 4781 982 4854 peccabant,
1007 4784 1133 4836 tum
1155 4777 1298 4853 quia
1327 4780 1484 4852 quod
1514 4779 1614 4836 Dei
1646 4780 1831 4837 solius

182 4875 291 4939 est,
323 4869 668 4927 hominibus
694 4869 1113 4938 attribuebant,
1139 4872 1266 4924 tum
1318 4867 1455 4942 quia
1486 4869 1558 4925 de
1606 4869 1833 4927 meritis

173 4958 551 5033 judicabant,
576 4964 705 5017 tum
736 4958 877 5033 quia
905 4958 966 5014 in
1014 4956 1356 5015 hominibus
1410 4956 1831 5031 gloriabantur,

184 5065 327 5107 eum
343 5048 628 5120 scriptum
645 5047 729 5107 sit
754 5065 771 5104 ε
795 5047 903 5118 Qui
910 5048 1206 5118 gloriatur,
1240 5049 1303 5103 in
1321 5049 1553 5104 Domino
1571 5049 1837 5120 glorietur

184 5128 259 5214 (Π
287 5137 411 5196 Cor.
436 5137 518 5209 χ.)
548 5136 764 5195 Contra
788 5137 895 5194 hos
923 5154 1060 5211 ergo
1089 5136 1336 5209 loquens
1350 5136 1835 5209 Apostolusdixe-

186 5232 279 5288 rat
306 5226 580 5300 superius
612 5243 626 5283 :
659 5231 852 5299 Neque
874 5229 973 5300 qui
985 5228 1224 5300 plantat,
1252 5241 1427 5298 neque
1447 5228 1549 5299 qui
1569 5228 1717 5297 rigat
1736 5228 1838 5283 ali-

186 5317 327 5393 quid
348 5323 449 5385 est,
479 5316 574 5373 sed
600 5317 700 5389 qui
728 5318 1126 5372 incrementum
1181 5315 1271 5372 dat
1329 5320 1472 5371 Deus
1497 5317 1547 5384 (Ι
1572 5315 1694 5372 Cor.
1727 5315 1836 5388 111,)

186 5407 249 5464 id
276 5410 384 5475 est,
419 5405 574 5462 sicut
601 5405 875 5478 plantans
906 5409 965 5461 et
993 5405 1194 5479 rigans
1224 5422 1342 5461 non
1400 5408 1541 5460 sunt
1589 5404 1835 5478 aliquid,

187 5500 480 5571 quantum
510 5494 583 5551 ad
605 5498 953 5567 potestatem
973 5493 1303 5551 viviﬁcandi
1334 5497 1390 5550 et
1420 5495 1839 5566 augmentandi

260 5602 337 5677 (3)
368 5601 542 5675 Vulg.
574 5617 693 5660 non
724 5600 860 5660 hab.
893 5616 989 5672 ego
1008 5602 1107 5676 qui
1134 5600 1332 5658 melius
1361 5601 1493 5659 novi
1520 5616 1686 5673 quam
1728 5617 1838 5658 vos.

1936 4622 2261 4697 profectum
2294 4617 2496 4692 populi
2527 4621 2617 4673 est
2644 4615 2979 4689 quaerenda,
3011 4611 3113 4669 Sed
3144 4625 3343 4682 neque,
3374 4606 3585 4697 inquit,

1938 4695 2044 4785 ego
2067 4709 2167 4782 qui
2191 4707 2403 4764 melius
2418 4723 2533 4762 non
2559 4705 2692 4762 novi
2713 4721 2892 4775 quam
2920 4719 3018 4759 vos
3035 4701 3135 4774 (3),
3156 4695 3587 4771 meipsumjudi-

1938 4816 2021 4867 co,
2054 4799 2113 4854 id
2144 4802 2252 4867 est,
2287 4811 2380 4851 me
2401 4810 2529 4851 esse
2547 4795 2767 4849 bonum
2790 4809 2906 4848 non
2927 4787 3585 4855 afﬁrmo.Ecce,fratres,

1939 4889 2066 4958 ipse
2094 4902 2196 4944 vas
2225 4884 2548 4951 electionis,
2581 4881 2818 4948 Paulus,
2853 4898 2968 4937 non
2998 4880 3175 4936 audet
3202 4878 3495 4934 afﬁrmare
3524 4890 3587 4931 se

1940 4993 2070 5035 esse
2098 4978 2340 5033 bonum.
2373 4972 2515 5040 Quis
2533 4988 2669 5045 ergo
2691 4974 2959 5028 nostrum
2982 4972 3352 5042 peccatorum
3374 4981 3590 5039 praesu-

1943 5083 2101 5124 mere
2131 5063 2371 5121 audebit
2412 5079 2475 5120 se
2503 5079 2632 5118 esse
2688 5062 2909 5116 bonum
2940 5058 3027 5115 vel
3068 5057 3405 5131 religiosum
3425 5054 3453 5110 ‘I
3483 5056 3589 5125 Qui

1944 5165 2145 5223 autem,
2176 5153 2387 5226 inquit,
2419 5167 2511 5207 me
2526 5150 2764 5224 judicat,
2795 5148 2854 5204 id
2886 5152 2975 5205 est
3003 5162 3177 5220 opera
3206 5163 3354 5214 mea,
3406 5149 3464 5201 et
3492 5162 3589 5201 co-

1944 5244 2279 5318 gitationes,
2304 5241 2465 5298 solus
2486 5237 2859 5296 invisibiliter
2880 5237 3179 5305 discernit,
3202 5237 3464 5292 Dominus
3486 5241 3586 5290 est.

1946 5332 2125 5400 Nihil,
2157 5332 2373 5403 inquit,
2402 5332 2545 5386 mihi
2570 5330 2820 5385 conscius
2849 5343 2992 5394 sum,
3026 5326 3084 5381 id
3111 5330 3202 5382 est
3232 5323 3592 5382 conscientia

1950 5438 2081 5479 mea
2109 5436 2224 5476 non
2254 5434 2348 5475 me
2370 5418 2679 5483 remordet,
2696 5417 2788 5473 sed
2802 5433 2911 5473 non
2934 5415 3051 5472 ideo
3071 5415 3407 5487 justiﬁcatus
3444 5430 3587 5468 sum.

1949 5515 2093 5568 Nam
2121 5509 2320 5565 delicta
2349 5509 2472 5580 quis
2507 5508 2816 5577 intelligit?
2845 5506 3015 5576 (Psal.
3048 5504 3233 5575 xvm.)
3258 5505 3322 5558 Et
3350 5504 3447 5574 qui
3476 5502 3590 5571 glo-
