3988 6074
423 278 579 343 res:
1422 274 1821 336 ADDENDA.
1858 307 1936 318 —
1968 274 2367 339 RADULPHI
2410 252 2839 340 ARDENTIS.‘
3684 277 3853 340 1684

423 417 626 481 riatur,
661 412 721 468 in
749 409 967 467 domino
1025 406 1297 480 glorietur
1350 425 1407 465 se
1434 409 1703 465 mundum
1749 409 1951 467 habere
1976 424 2071 466 cor
2095 410 2152 477 Α
2181 410 2714 468 etabominationes
2726 409 2938 468 suasin
2953 414 3268 484 conspectu
3282 411 3567 469 tremendi
3582 413 3851 486 judicia,

424 505 475 578 (Ι
497 506 617 561 Cor.
643 502 708 574 1.)
2179 505 2237 557 et
2266 501 2629 574 angelorum,
2661 504 2718 557 et
2745 500 3012 557 omnium
3046 504 3382 557 sanctorum
3398 500 3661 558 viderint
3685 520 3853 560 reve-

497 591 776 665 Sequitur
803 608 939 664 pars
968 590 1158 659 tertia,
1191 589 1249 644 in
1282 606 1396 661 qua
1414 605 1520 645 nos
1544 589 1812 661 prohibet
1834 590 2072 662 Aposto-
2180 591 2307 648 lari.
2340 592 2423 647 Ne
2451 592 2651 664 igitur,
2686 592 2914 662 fratres,
2945 590 3044 647 illo
3078 595 3200 646 tam
3250 608 3463 664 magno
3510 595 3570 647 et
3617 596 3853 649 aeterno

426 682 521 738 lus
543 679 833 752 judicare.
867 679 1003 735 Tria
1029 682 1187 746 sunt,
1224 678 1429 733 fratres
1461 678 1595 745 mei,
1633 679 1703 734 de
1735 677 1950 750 quibus
1968 694 2072 733 nec
2180 679 2402 754 pudore
2421 680 2799 746 erubescatis,
2824 680 3146 736 erubescite
3169 696 3345 744 nunc,
3367 683 3424 736 et
3443 681 3851 754 poenitemini,

428 771 711 826 debemus
742 786 847 825 nec
875 783 1189 840 possumus
1201 766 1467 837 judicare
1495 784 1509 822 ε
1542 768 1621 823 De
1653 766 1830 823 dubio
1853 766 2075 822 scilicet
2180 774 2237 825 et
2264 784 2390 841 quae
2417 769 2602 825 dicitis
2633 771 2693 824 in
2722 769 2977 825 cordibns
3004 777 3056 824 et
3088 771 3149 824 in
3170 769 3441 825 cubilibus
3465 773 3669 826 vestris
3700 788 3849 827 com-

427 860 600 925 facto,
632 859 703 914 de
732 856 912 912 dubia
942 855 1286 925 intentione,
1321 856 1393 911 de
1425 856 1601 912 dubio
1648 857 1781 912 ﬁne.
1815 856 2072 912 Dubium
2176 860 2498 931 pungimint
2524 860 2694 928 (Psal.
2729 858 2823 931 1v.)
2855 858 3016 913 Tunc
3046 858 3221 914 etiam
3252 863 3487 915 econtra
3513 860 3732 916 omnia
3747 861 3849 916 bo-

428 948 648 1004 factum
679 949 768 1002 est
796 946 1033 1017 quando
1065 961 1180 999 non
1212 960 1344 1000 vere
1373 945 1594 1001 scimus
1617 962 1690 1000 an
1713 944 1846 1017 quis
1875 943 2075 1001 fecerit
2182 964 2259 1003 na
2288 965 2463 1020 opera
2495 952 2854 1015 sanctorum,
2890 964 3019 1020 quae
3052 964 3154 1020 pro
3186 936 3516 1005 humilitate
3564 949 3729 1005 clam
3767 951 3847 1005 fa-

428 1036 665 1108 aliquod
697 1035 941 1090 factum.
976 1033 1166 1089 Dubia
1197 1033 1439 1089 intentio
1470 1038 1559 1089 est
1587 1035 1822 1106 quando
1852 1033 2073 1090 scimus
2183 1037 2433 1105 ciebant,
2465 1040 2522 1092 et
2550 1035 2726 1092 etiam
2757 1051 2962 1091 omnes
2982 1051 3185 1091 eorum
3209 1035 3372 1091 bona:
3391 1035 3739 1093 voluntates
3753 1053 3848 1109 pa-

425 1141 553 1182 esse
571 1124 928 1190 factum,sed
944 1122 1396 1194 quaintentione
1418 1123 1636 1178 factum
1658 1122 1733 1179 sit
1756 1122 2072 1189 nescimus,
2184 1126 2393 1181 tebunt
2418 1125 2491 1181 ad
2522 1124 2759 1181 laudem
2780 1129 2839 1181 et
2869 1124 3117 1198 gloriam
3149 1140 3372 1181 eorum.
3408 1125 3571 1182 Unde
3600 1129 3665 1181 et
3698 1127 3845 1183 sub-

427 1218 493 1269 ut
506 1214 739 1286 quando
752 1213 1019 1268 videmus
1033 1210 1607 1283 aliquemloquicum
1624 1228 1798 1269 uxore
1811 1212 2071 1268 alterius.
2184 1213 2343 1270 ditur
2370 1230 2384 1269 :
2415 1215 2480 1270 Et
2510 1222 2639 1270 tunc
2661 1214 2783 1269 laus
2811 1214 2919 1269 erit
2936 1213 3237 1287 unicuique
3251 1214 3543 1270 electorum
3572 1216 3700 1284 (θα
3717 1216 3842 1271 Deo.

425 1303 655 1360 Dubius
688 1301 824 1357 finis
855 1305 944 1357 est
974 1306 1039 1356 ut
1069 1301 1304 1373 quando
1337 1300 1558 1356 scimus
1583 1317 1712 1357 esse
1742 1302 1983 1370 factum,
2020 1306 2078 1357 et
2186 1305 2321 1370 Quae
2350 1303 2507 1358 enim
2538 1305 2729 1375 major
2756 1303 2908 1370 laus,
2932 1303 3121 1373 major
3140 1302 3328 1359 honor
3345 1307 3403 1358 et
3419 1302 3609 1377 gloria
3628 1303 3847 1376 poterit

426 1391 583 1448 mala
610 1389 933 1446 intentione
966 1389 1185 1444 factum
1219 1404 1369 1455 esse,
1391 1389 1491 1443 sed
1516 1393 1712 1445 tamen
1735 1388 2076 1462 ignoramus
2185 1408 2333 1460 esse,
2370 1409 2549 1464 quam
2579 1392 2813 1464 quando
2842 1390 2992 1448 servi
3035 1391 3402 1447 vocabuntur
3420 1396 3479 1447 et
3533 1392 3687 1448 fient
3716 1392 3841 1461 ﬁlii,

429 1499 503 1537 an
539 1480 615 1536 sit
643 1480 779 1535 inde
809 1477 1023 1550 aliquis
1053 1479 1447 1544 damnandus,
1471 1477 1804 1534 velveniam
1837 1495 1940 1550 per
1958 1496 2075 1552 pm-
2187 1482 2424 1555 quando
2472 1481 2684 1536 terreni
2745 1481 2885 1537 fient
2941 1478 3219 1556 caelestes,
3280 1482 3515 1553 quando
3570 1481 3846 1538 homines

427 1569 735 1625 nitentiam
749 1572 1172 1623 consecuturus
1191 1583 1204 1623 :
1226 1568 1287 1622 in
1310 1567 1816 1639 quibusomnibus
1835 1572 2080 1624 temera-
2188 1572 2330 1627 fient
2359 1570 2463 1639 dii,
2489 1571 2725 1643 quando
2756 1569 3192 1641 benedicentur,
3215 1573 3273 1626 et
3300 1569 3759 1627 honorabuntur
3793 1576 3848 1628 et

427 1658 582 1714 rium
606 1656 901 1730 judicium
933 1673 1134 1712 cavere
1162 1656 1619 1715 debemuszEtsi
1646 1656 1824 1713 etiam
1852 1657 2078 1712 hancin
2187 1659 2677 1733 gloriﬁcabuntur
2709 1676 2743 1714 a
2790 1658 2988 1713 divina
3042 1660 3366 1731 majestate.
3416 1658 3534 1715 Nos
3582 1659 3845 1726 interim,

428 1748 686 1820 pejorem
718 1750 942 1820 partem
976 1745 1165 1819 magis
1196 1744 1487 1801 declinare
1518 1745 1843 1817 videantur,
1882 1751 2079 1801 tamen
2110 1786 2156 1821 ι)
2191 1751 2418 1816 fratres,
2456 1748 2852 1821 turpitudines
2884 1752 3115 1804 nostras
3136 1746 3431 1821 lacrymis,
3456 1749 3846 1806 confessioni-

427 1853 536 1893 nos
566 1836 624 1891 in
657 1833 867 1891 melius
893 1834 1341 1890 aestimationem
1373 1839 1634 1891 nostram
1665 1839 1885 1891 vertere
1906 1835 2077 1891 debe-

430 1942 586 1981 mus.
621 1924 785 1980 Unde
817 1923 1128 1996 Apostolus
1162 1942 1175 1978 :
1214 1926 1286 1979 Tu
1316 1927 1441 1995 quis
1469 1941 1524 1980 es
1555 1927 1652 1996 qui
1670 1925 1893 1997 judicas
1939 1925 2077 1981 alie-

428 2031 565 2070 num
592 2031 809 2070 servum
829 2012 859 2068 ?
887 2013 995 2069 Suo
1025 2013 1244 2069 domino
1272 2021 1403 2081 stat,
1433 2022 1538 2069 aut
1576 2014 1741 2069 cadit.
1773 2015 1950 2070 Stabit
1976 2030 2079 2070 au-

430 2112 555 2172 tem,
585 2110 775 2175 potens
803 2110 881 2158 est
909 2104 1060 2158 enim
1090 2107 1239 2158 Deus
1267 2110 1506 2158 statuere
1536 2103 1698 2158 illum
1730 2103 1902 2174 (Rom.
1939 2104 2077 2174 xiv.)

430 2192 490 2248 Si
518 2191 680 2247 vides
710 2191 1131 2264 presbyterum
1149 2189 1307 2263 loqui
1332 2208 1467 2246 cum
1491 2208 1667 2247 uxore
1687 2191 1960 2264 alicujus,
1985 2192 2078 2248 dic

430 2280 584 2337 enim
618 2280 702 2335 illi
733 2296 914 2335 manu
943 2279 1130 2335 levata
1160 2280 1516 2336 benedicere.
1545 2280 1695 2335 Sunt
1714 2284 1908 2336 autem
1927 2298 2079 2354 quaa-

432 2369 568 2424 dam
601 2372 801 2441 aperta
830 2372 887 2423 et
915 2368 1246 2436 manifesta,
1281 2368 1351 2424 de
1379 2368 1593 2441 quibus
1619 2369 1789 2426 nobis
1809 2369 2079 2442 judicare

434 2457 810 2531 permittitur.
844 2457 1007 2513 Unde
1043 2457 1390 2530 Apostolus;
1425 2480 1453 2507 «
1487 2457 1581 2514 Sic
1638 2476 1752 2515 non
1783 2463 1872 2515 est
1926 2458 2082 2515 inter

433 2563 538 2603 vos
570 2545 671 2619 qui
692 2546 919 2618 judicet
947 2546 1099 2602 inter
1127 2547 1363 2602 fratrem
1396 2549 1454 2601 et
1498 2548 1757 2604 fratrem.
1790 2570 1818 2600 »
1855 2550 2077 2621 Itaque,

441 2636 670 2703 fratres,
694 2653 810 2691 non
832 2635 1023 2692 aliena
1052 2637 1247 2703 corda,
1276 2635 1364 2693 vel
1395 2636 1745 2693 intentiones
1767 2654 1895 2710 quia
1920 2639 2081 2711 igno-

442 2742 664 2795 ramus,
687 2725 1045 2797 judicemus,
1074 2726 1170 2782 sed
1196 2730 1445 2782 nostras.
1471 2725 1764 2798 Scriptum
1781 2731 1870 2784 est
1888 2727 2042 2784 enim
2066 2744 2078 2784 :

442 2816 618 2871 Nolite
653 2814 926 2887 judicare,
985 2824 1034 2871 et
1090 2831 1200 2871 non
1240 2815 1642 2887 judicabimini
1686 2816 1899 2888 (Matth.
1957 2817 2082 2889 v11.)

439 2904 615 2961 Notite
640 2904 1018 2972 condemnare,
1049 2913 1227 2961 etnon
1253 2905 1766 2961 condemnabimini
1793 2905 1946 2979 (Lue.
1978 2905 2083 2979 v1.)

438 2995 507 3050 Et
528 2996 582 3049 si
607 2996 961 3067 nosmetipsos
981 2994 1376 3066 jndicaremus,
1425 3011 1537 3050 non
1592 2996 1780 3068 utique
1801 2995 2082 3067 judicare-

437 3099 566 3139 mur
593 3085 643 3150 (Ι
671 3084 789 3141 Cor.
822 3084 922 3157 xI.)
958 3082 1046 3139 Ait
1074 3100 1210 3156 ergo
1243 3099 1258 3140 :
1289 3084 1465 3140 Nolite
1502 3092 1628 3140 ante
1683 3092 1890 3156 tempus
1928 3085 2084 3158 judi-

2187 1838 2319 1905 bus,
2354 1837 2738 1904 orationibus,
2770 1836 3156 1910 eleemosynis
3188 1841 3508 1910 tergamus.
3551 1839 3847 1903 Quoniam

2187 1928 2288 2000 qui
2321 1927 2429 1982 hoc
2459 1925 2701 1994 faciunt,
2723 1930 2780 1982 et
2809 1926 2859 1983 si
2891 1942 3003 1983 non
3038 1925 3159 1982 sint
3188 1926 3260 1981 de
3279 1926 3554 1999 perfectis
3576 1928 3682 2001 qui
3694 1926 3850 2000 judi-

2169 2005 2422 2083 'cabunt,
2454 2020 2651 2071 tamen
2682 2019 2855 2070 erunt
2885 2014 3059 2083 beati,
3093 2014 3374 2087 quoniam
3420 2017 3582 2072 Beati
3615 2032 3847 2090 qaorum

2187 2107 2435 2163 remissa:
2461 2113 2591 2162 sunt
2617 2106 2941 2177 iniquitates
2965 2111 3018 2160 et
3044 2120 3280 2176 quorum
3309 2112 3443 2161 tecta
3464 2113 3601 2161 sunt
3624 2114 3847 2179 peccata

2187 2196 2359 2269 (Psal.
2390 2198 2568 2264 xxxi.)
2589 2196 2765 2251 Tecta
2793 2194 2921 2250 dico
2954 2210 3026 2250 ne
3050 2192 3361 2250 videantur
3379 2193 3469 2251 vel
3499 2195 3573 2251 ad
3608 2212 3845 2268 poenam

2186 2283 2273 2339 vel
2291 2285 2363 2339 ad
2386 2284 2691 2356 pudorem.
2716 2283 2793 2339 De
2816 2299 3070 2355 quorum
3097 2298 3342 2339 numero
3359 2298 3467 2339 nos
3488 2282 3676 2340 faciat
3693 2285 3844 2342 Deus

2187 2377 2246 2429 et
2274 2371 2559 2428 Dominus
2588 2376 2787 2428 noster
2826 2371 2927 2445 qui
2958 2371 3017 2427 in
3063 2370 3351 2428 Trinitate
3399 2372 3665 2445 perfecta
3709 2374 3846 2430 vivit

2187 2463 2244 2517 et
2272 2464 2479 2533 regnat
2507 2460 2681 2517 Deus.
2714 2466 2921 2517 Amen.

2794 2550 3101 2608 HOMILIA
3137 2550 3232 2606 VI.

2583 2654 2857 2697 DOMINICA
2897 2656 3099 2697 TERTIA
3128 2656 3444 2697 ADVENTUS.

2262 2730 2398 2785 Cum
2424 2729 2667 2785 audisset
2716 2732 2951 2787 Joannes
3000 2731 3061 2785 in
3106 2730 3342 2786 vinculis
3396 2746 3563 2802 opera
3617 2732 3841 2799 Christi,

2188 2818 2407 2875 mittens
2436 2818 2570 2875 duos
2598 2835 2669 2874 ex
2695 2818 2984 2889 discipulis
3011 2819 3127 2874 suis
3171 2820 3253 2875 ait
3294 2819 3384 2875 illi
3413 2819 3629 2892 (Matth.
3675 2824 3768 2890 11,)
3791 2824 3846 2877 et

2192 2906 2436 2979 reliqua.
2469 2906 2751 2975 Audistis,
2784 2908 2992 2965 fratres
3021 2906 3378 2976 charissimi,
3400 2925 3470 2964 ex
3495 2909 3846 2984 Evangelica

2192 2994 2460 3062 lectione,
2478 2997 2633 3068 quod
2658 2996 3060 3065 Christus,suo
3081 2995 3439 3053 incarcerato
3460 3014 3843 3070 prmcursore,

2195 3084 2515 3142 divinitatis
2528 3102 2645 3142 suae
2657 3086 2973 3158 potentiam
2991 3085 3165 3158 ccepit
3176 3085 3392 3142 clarius
3412 3086 3841 3146 demonstrem.

437 3189 580 3229 care.
612 3174 758 3229 Ante
783 3178 1014 3245 tempus
1036 3173 1285 3245 judicat,
1317 3173 1417 3245 qui
1465 3177 1780 3245 antequam
1812 3175 1888 3229 sit
1917 3175 1988 3230 de
2027 3191 2087 3230 re
2118 3160 2161 3226 C
2199 3175 2528 3247 Disponens
2572 3175 2789 3248 quippe
2841 3175 3108 3232 ordinate
3138 3175 3428 3245 universa,
3474 3174 3671 3232 noluit
3714 3183 3845 3233 ante

438 3266 633 3317 certus
655 3261 901 3333 judicat.
932 3262 1083 3317 Dum
1114 3266 1308 3317 autem
1340 3278 1549 3318 sumus
1573 3262 1633 3317 in
1666 3262 1773 3318 hac
1800 3262 2085 3333 vita,alio-

438 3366 570 3407 rum
602 3351 1005 3424 cogitationes,
1048 3367 1223 3422 opera
1265 3354 1323 3405 et
1376 3350 1512 3406 finis
1563 3368 1805 3422 operum
1856 3352 2084 3409 occulta

437 3443 577 3496 sunt
604 3440 794 3510 nobis,
826 3443 882 3496 et
907 3439 1035 3495 ideo
1067 3439 1136 3495 de
1166 3438 1540 3511 eis~judicare
1570 3444 1872 3511 peccatum
1903 3445 2009 3498 est.

509 3529 786 3600 Sequitur
815 3545 951 3600 pars
982 3531 1209 3599 quarta,
1243 3527 1303 3582 in
1330 3544 1448 3599 qua
1479 3528 1734 3582 ostendit
1776 3529 2083 3601 Apostolus

438 3617 671 3689 quando
699 3632 901 3672 secure
931 3616 1001 3672 de
1032 3616 1203 3671 nobis
1227 3615 1315 3672 vel
1345 3616 1416 3671 de
1446 3615 1577 3671 aliis
1617 3616 1884 3687 judicare
1922 3623 2081 3690 pote-

437 3705 644 3761 rimus.
686 3705 879 3773 Nolite,
923 3704 1138 3777 inquit,
1178 3704 1451 3777 judicare,
1508 3705 1855 3777 quoadusquc
1901 3709 2085 3763 veniat

435 3795 718 3850 Dominus.
752 3794 813 3849 In
858 3810 994 3866 quo,
1051 3794 1279 3860 fratres,
1333 3793 1528 3849 innuit
1557 3795 1712 3867 quod
1771 3799 1910 3850 tunc
1964 3797 2080 3853 Deo

436 3882 635 3939 omnia
664 3872 891 3939 occulta
921 3883 1091 3939 nobis
1108 3882 1827 3954 revelantejudicabimus,
1852 3884 1900 3941 si
1924 3884 2079 3941 scili-

435 3976 525 4027 cet
551 3972 837 4029 fuerimus
876 3972 947 4028 de
976 3972 1268 4044 perfectis.
1328 3974 1587 4038 Quatuor
1636 3972 1790 4028 enim
1844 3974 2078 4031 ordines

433 4066 606 4117 erunt
638 4061 696 4116 in
714 4060 959 4133 judicio.
992 4060 1099 4116 Alii
1130 4061 1677 4131 enimjudicabunt,
1704 4065 1761 4116 et
1790 4079 1907 4118 non
1922 4064 2081 4135 judi-

434 4150 674 4217 buntur,
723 4154 788 4204 ut
835 4149 1092 4222 perfecti.
1125 4149 1236 4205 Alii
1279 4150 1708 4221 judicabuntur
1768 4154 1825 4207 et
1881 4152 2076 4208 salva-

430 4238 671 4305 buntur,
712 4242 776 4294 ut
823 4238 1193 4294 mediocriter
1211 4239 1368 4294 boni.
1413 4238 1521 4295 Alii
1547 4239 1975 4310 judicabuntur
2020 4246 2079 4298 et

429 4327 887 4394 damnabuntur,
920 4331 985 4382 ut
1015 4327 1141 4384 falsi
1176 4327 1512 4384 Christiani.
1543 4328 1655 4382 Alii
1689 4345 1805 4384 non
1843 4330 2074 4400 judica-

430 4415 651 4472 buntur
671 4420 729 4471 et
742 4416 1199 4484 damnabuntur,
1220 4421 1286 4471 ut
1304 4416 1589 4473 inﬁdeles.
1606 4416 2034 4476 UndeJoannes
2057 4436 2069 4476 :

429 4506 537 4574 Qui
566 4522 676 4562 non
702 4505 892 4570 credit,
924 4505 1137 4577 inquit,
1159 4507 1280 4576 jam
1315 4506 1596 4577 judicatus
1623 4514 1717 4562 est.
1779 4507 2071 4564 Illumina-

430 4595 509 4651 bit
538 4604 721 4651 autem
767 4603 895 4650 tunc
941 4596 1203 4650 Dominus
1252 4595 1565 4651 abscondita
1609 4596 1978 4664 tenebrarum,
2024 4607 2077 4655 et

426 4685 802 4755 manifestabit
824 4684 1059 4740 consilia
1086 4683 1331 4739 cerdium
1376 4686 1554 4751 (Joan.
1600 4686 1703 4753 111,)
1734 4683 1790 4740 id
1842 4690 1931 4742 est
1974 4704 2074 4743 oc-

428 4772 585 4828 culta
604 4772 759 4828 facta
775 4776 837 4828 et-
852 4772 1028 4827 etiam
1041 4770 1421 4843 cogitationes
1442 4770 1702 4828 occultas
1723 4773 2071 4845 propalabit,

426 4866 548 4916 tam
579 4861 867 4917 bonorum
899 4877 1076 4932 quam
1108 4858 1419 4915 malorum.
1454 4861 1637 4927 Tunc,
1671 4861 1897 4930 fratres,
1920 4868 2074 4935 pate-

427 4950 576 5005 bunt
586 4950 814 5006 occulta
826 4950 1129 5020 adulteria,
1145 4949 1811 5022 occultmturpitudines,
1834 4957 1891 5007 et
1910 4953 2071 5025 igno-

427 5037 644 5105 minias,
679 5055 805 5110 quae
837 5040 986 5094 fiunt
1013 5038 1071 5093 in
1104 5038 1362 5094 tenebris
1392 5042 1448 5094 et
1476 5039 1535 5092 in
1567 5038 1880 5096 cubilibus.
1905 5043 2069 5098 Tunc

422 5125 595 5181 etiam
626 5128 909 5199 patebunt
938 5127 1163 5183 occulta
1183 5126 1445 5198 turpium
1466 5128 2064 5202 voluntatum,quam‘

420 5215 509 5271 vis
540 5232 655 5271 non
684 5216 947 5271 venerint
977 5217 1046 5271 ad
1071 5216 1343 5272 effectum
1384 5216 1625 5272 Pensate
1644 5233 1801 5289 ergo,
1833 5220 2061 5289 fratres,

419 5310 678 5377 pensato,
714 5308 968 5375 quantus
999 5304 1203 5376 pudor,
1229 5309 1447 5376 quanta
1466 5305 1766 5377 turpitudo
1788 5312 1845 5362 et
1866 5310 2064 5364 confu-

417 5393 503 5449 sio
537 5397 672 5448 tunc
700 5391 923 5447 tenebit
953 5393 1246 5464 reprobos,
1280 5410 1414 5449 cum
1447 5410 1650 5450 omnes
1699 5394 2063 5467 turpitudine

492 5571 572 5642 (4)
601 5568 771 5642 Vulg.
806 5586 921 5627 non
954 5569 1129 5627 habet
1155 5570 1467 5628 electorum.

2196 3263 2565 3320 manifestius
2595 3264 2906 3338 praedicare
2939 3264 3078 3337 quia
3096 3281 3420 3337 praecursor
3436 3282 3554 3321 sum
3588 3283 3849 3339 precar-

2193 3353 2645 3410 sionisofﬂcium
2661 3352 3455 3421 eonsummasset,utscilicet
3467 3356 3850 3427 quemadmo-

2192 3442 2332 3497 dum
2345 3442 2601 3499 Joannes
2611 3459 2741 3498 eum
2759 3446 3142 3516 praecurrerat
3154 3443 3847 3515 nascendo,pra3dicando

2191 3534 2249 3586 et
2269 3530 2640 3602 baptizando,
2665 3531 2747 3588 ita
2763 3549 2898 3588 eum
2911 3535 3291 3604 praecurreret
3303 3537 3359 3588 et
3370 3532 3850 3590 moriendo.Ten-

2193 3619 2364 3675 dente
2375 3618 2520 3693 igitu
2530 3638 2556 3675 r
2568 3620 2921 3689 Lucifero,id
2937 3620 3260 3677 estJoanne
3275 3619 3348 3675 ad
3370 3623 3850 3696 occasum,ccepit

2188 3725 2360 3764 verus
2391 3708 2476 3764 sol
2499 3708 2767 3780 justitize,
2801 3709 3087 3775 Christus,
3119 3710 3211 3765 sui
3260 3708 3592 3782 splendoris
3650 3712 3847 3767 radios

2190 3797 2477 3871 paulatim
2508 3798 2931 3854 demonstrare.
2968 3800 3082 3854 Hoc
3106 3803 3197 3855 est
3229 3813 3364 3868 ergo
3389 3799 3546 3870 quod
3578 3797 3676 3855 hic
3710 3799 3847 3856 dici-

2189 3891 2287 3942 tur
2319 3903 2332 3942 :
2364 3890 2502 3944 Cum
2531 3887 2773 3943 audisset
2816 3889 3068 3956 Joannes,
3098 3891 3204 3944 etc.
3262 3891 3411 3943 Sunt
3468 3891 3672 3944 autem
3723 3894 3844 3947 tres

2189 3980 2383 4047 partes
2440 3975 2620 4048 hujus
2676 3975 2985 4032 lectionis:
3029 3976 3225 4032 Prima
3280 3976 3540 4033 continet
3593 3977 3843 4035 Joannis

2187 4064 2724 4137 interrogationem,
2785 4065 3042 4121 secunda
3091 4064 3302 4121 Christi
3369 4063 3839 4137 responsionem,

2185 4153 2630 4229 tertia-Joannis
2677 4153 3266 4210 commendationem.
3327 4152 3598 4210 Ostendit
3656 4154 3844 4228 igitur

2185 4242 2560 4315 evangelista,
2594 4243 3030 4314 quando,unde,
3066 4260 3168 4316 per
3196 4258 3365 4316 quos,
3400 4247 3457 4299 et
3484 4241 3627 4316 quid
3657 4243 3839 4301 Joan-

2185 4347 2289 4387 nes
2319 4331 2634 4389 Dominum
2666 4333 3105 4406 interrogaverit
3136 4349 3150 4387 :
3185 4332 3472 4400 Quando?
3492 4332 3631 4389 Cum
3657 4333 3840 4390 audi»

2182 4436 2265 4476 ses
2293 4437 2455 4492 opera
2487 4423 2709 4478 Christi.
2741 4421 2802 4477 Si
2832 4422 3023 4479 credis
3054 4439 3087 4477 a
3118 4438 3234 4494 quo
3275 4421 3559 4488 audisset,
3592 4423 3836 4479 creden-

2104 4494 2151 4595 D
2182 4509 2324 4564 dum
2356 4514 2445 4566 est
2474 4512 2628 4582 quod
2662 4528 2696 4566 a
2721 4511 2940 4584 Spiritu
2974 4510 3285 4567 revelante.
3321 4511 3389 4566 Et
3418 4510 3575 4583 quod
3607 4512 3837 4569 etiame

2185 4597 2488 4671 discipulis
2521 4600 2665 4668 suis,
2700 4617 2847 4672 quos
2870 4601 3201 4672 frequenter
3218 4599 3293 4655 ad
3311 4598 3515 4656 Jesum
3542 4599 3831 4670 mittebat,

2184 4692 2249 4742 ut
2269 4687 2379 4743 sibi
2399 4692 2522 4744 tam
2546 4689 2697 4745 facta
2718 4705 2896 4761 quam
2917 4688 3073 4745 dicta
3091 4689 3220 4761 ejus
3240 4688 3836 4761 reportarent.Unde?

2182 4775 2254 4830 de
2282 4791 2510 4832 carcere
2544 4775 2645 4832 ubi
2674 4781 2799 4832 erat
2830 4776 2890 4831 in
2937 4775 3207 4832 vinculis.
3243 4776 3306 4832 In
3337 4791 3453 4848 quo
3485 4776 3681 4845 nobis,
3715 4777 3833 4833 fra—

2179 4863 2319 4930 tres,
2354 4863 2706 4920 imitandum
2730 4864 3003 4937 proponit
3028 4861 3382 4936 exemplum,
3423 4868 3489 4919 ut
3515 4865 3566 4920 si
3616 4864 3679 4921 in
3708 4866 3833 4922 vin-

2180 4949 2350 5017 culis,
2379 4951 2427 5007 si
2460 4952 2518 5006 in
2574 4952 2937 5021 infirmitate,
2987 4953 3035 5010 si
3062 4953 3120 5008 in
3179 4953 3376 5025 aliquo
3407 4953 3831 5026 impedimento

2180 5040 2395 5095 detenti
2427 5042 2774 5115 quandoque
2799 5043 3103 5113 fuerimus,
3127 5040 3446 5099 familiares
3467 5048 3709 5101 nostros
3732 5061 3831 5118 pro

2180 5128 2349 5184 nobis
2381 5130 2452 5184 ad
2490 5130 2804 5188 Ecclesiam
2835 5132 3163 5198 mittamus,
3196 5131 3298 5204 qui
3330 5132 3485 5187 bona
3539 5131 3626 5187 ibi
3678 5134 3831 5189 dicta

2176 5218 2263 5273 vel
2300 5218 2449 5274 facta
2480 5220 2648 5276 nobis
2677 5220 3070 5277 manifestent.
3129 5222 3231 5277 Per
3278 5236 3426 5294 quos
3446 5219 3474 5275 7
3504 5237 3611 5293 per
3656 5222 3827 5278 disci-

2176 5308 2346 5381 pulos
2376 5326 2536 5375 suos,
2570 5310 2669 5380 qui
2699 5308 2875 5365 etiam
2907 5311 2957 5366 ei
2991 5310 3051 5365 in
3081 5310 3332 5366 vinculis
3360 5309 3745 5378 assistebant,
3778 5316 3827 5367 et

2175 5398 2524 5472 magistrum
2557 5416 2730 5455 suum
2750 5398 2810 5453 in
2835 5399 3093 5456 adversis
3117 5416 3233 5455 non
3252 5398 3828 5471 dereliquerunt,sed
