3984 6082
475 222 634 288 1687

1477 226 1874 288 ADDENDA.
1905 255 1988 280 -ι-
2015 223 2415 288 RABULPHI
2459 226 2883 293 ARDEN'I'IS.

469 356 754 414 vilitatem
784 373 899 412 non
931 355 1215 424 laudaret,
1249 373 1353 413 nec
1385 357 1455 413 de
1486 358 1642 414 ﬂuxu
1673 357 1926 415 vestium
1983 353 2128 412 divi-
2153 353 2212 424 Α
2238 357 2301 414 in
2346 356 2630 415 desideriis
2680 373 2891 418 eum
2938 373 3075 428 suae,
3159 365 3211 414 et
3261 357 3487 430 iniquus
3548 357 3882 418 benedicatur

465 439 592 502 tem
624 450 1011 519 purpuratum
1044 447 1510 520 reprehenderet,
1543 464 1650 504 nec
1679 449 1884 504 Petrus
1913 447 2121 504 mulie-

473 551 567 591 res
599 553 632 591 a
658 540 814 591 veste
844 536 1099 608 pretiosa
1131 541 1424 592 revocaret
1452 539 1500 606 (I
1530 543 1676 593 Petr.
1707 541 1811 606 ιιι).
1859 537 2124 610 Quinque

473 624 762 696 praecipue
821 624 1031 692 modis,
1093 625 1321 692 fratres,
1379 625 1436 680 in
1490 627 1750 682 vestibus
1789 643 2120 698 peccamus.

475 713 667 768 Primo
713 714 771 768 in
803 714 984 768 nimio
1017 718 1349 786 sumptu,ut
1378 731 1512 771 cum
1536 720 1697 772 tanto
1714 733 2124 789 comparamus

474 820 653 859 unam
685 807 904 858 vestem
936 803 1351 876 nobis,quanto
1381 804 2124 878 plurespauperespossent

470 892 690 948 vestiri.
726 892 992 948 Secundo
1024 891 1080 946 in
1115 891 1561 965 gloria,quando
1583 894 1803 950 scilicet
1819 895 1875 950 in
1908 895 2125 968 specio-

472 980 554 1036 sis
584 980 972 1052 pretiosisque
1001 981 1262 1037 vestibus
1293 982 1668 1038 delectamur.
1695 984 1887 1040 Tertio
1917 984 1976 1038 in
1989 1002 2122 1040 con-

469 1073 698 1142 temptu
730 1069 1391 1142 proximorum,quando
1424 1071 1645 1127 scilicet
1684 1072 2120 1130 considerantes

467 1159 717 1214 vestium
752 1162 1084 1214 nostrarum
1119 1158 1702 1230 pulehritudinem,et
1723 1163 2118 1234 proximorum

466 1247 770 1319 vilitatem,
812 1264 919 1304 nos
968 1247 1336 1315 miramur,et
1366 1249 1661 1320 proximos
1712 1267 2118 1324 aspernamur.

467 1341 682 1405 Quarto
712 1337 771 1392 in
806 1337 1227 1410 superﬂuitate,
1252 1342 1316 1393 ut
1345 1340 1580 1410 quando
1610 1339 1780 1412 plura
1809 1342 2120 1398 mutatoria

463 1427 713 1484 vestium
748 1427 1033 1483 habemus
1063 1427 1268 1495 otiosa,
1303 1445 1431 1500 quae
1462 1428 1674 1486 melius
1695 1447 1978 1502 pauperes
1998 1447 2119 1488 ves-

465 1517 664 1584 tirent,
697 1533 873 1589 quam
894 1517 1084 1572 tineas
1113 1522 1434 1588 paseerent,
1479 1535 1613 1573 eum
1660 1519 1944 1592 scriptum
1991 1520 2068 1576 sit
2098 1537 2111 1577 :

468 1606 575 1674 Qui
601 1607 760 1661 habet
786 1605 923 1662 duas
953 1607 1168 1662 tunicas
1206 1606 1295 1662 det
1327 1623 1438 1662 non
1466 1607 1688 1663 habenti
1717 1607 1865 1680 (Luc.
1917 1612 2024 1678 III,)
2056 1611 2113 1665 id

2233 448 2406 516 (Psat.
2439 449 2541 519 Ix.)

2307 537 2370 592 In
2401 537 2716 610 prophetiae
2763 537 3102 596 excellentia
3148 538 3437 594 Joannem
3485 538 3876 606 commendat,

2233 643 2366 682 eum
2398 626 2597 682 subdit
2629 644 2642 681 :
2691 627 2793 684 Sed
2821 627 2953 699 quid
2995 628 3188 688 existis
3241 627 3468 684 videre?
3511 627 3880 697 Propheta»)

2230 715 2412 771 Etiam
2431 716 2550 772 dico
2580 718 2727 774 vobis
2752 735 2771 772 :
2802 718 2865 773 Et
2891 717 3016 788 plus
3043 732 3208 788 quam
3231 716 3575 788 prophetam
3610 716 3876 772 Ofﬁcium

2232 804 2548 876 propheta},
2583 805 2790 861 fratres
2819 805 3177 876 charissimi,
3208 810 3299 862 est
3328 809 3571 862 ventura
3605 806 3876 878 pratia-

2231 909 2311 948 re.
2345 895 2601 952 Joannes
2630 911 2762 951 vero
2793 894 3092 952 Christum
3123 911 3240 956 non
3273 895 3463 952 solum
3477 894 3773 967 praedixit,
3803 902 3872 962 ut,

2237 985 2395 1040 Venit
2421 987 2624 1054 fortior
2649 999 2734 1040 me
2760 993 2880 1056 post
2909 1001 2993 1040 me
3023 986 3208 1053 (Marc.
3241 984 3302 1058 ι),
3328 985 3430 1042 sed
3460 984 3646 1044 etiam
3696 990 3872 1040 θείους

2231 1072 2334 1139 dit,
2368 1074 2516 1142 Ecce,
2550 1073 2762 1147 inquit,
2821 1075 3004 1145 Agnus
3037 1075 3138 1132 Dei
3164 1076 3346 1143 (Joan.
3379 1078 3442 1141 1).
3473 1072 3590 1130 Nos
3627 1091 3874 1146 quoque,

2229 1161 2635 1234 iratres,quasi
2665 1162 2960 1234 prophetae
2991 1163 3278 1234 sumus,si
3309 1163 3648 1223 secundum
3671 1163 3872 1220 Christi

2228 1251 2542 1310 adventum
2573 1253 2644 1308 ad
2669 1251 2964 1324 judicium
2993 1253 3189 1308 verbts
3217 1256 3275 1308 et
3288 1252 3871 1324 faetispredicamus,

2228 1339 2281 1396 si
2310 1340 2509 1414 impiis
2539 1341 2994 1412 eomminamus,
3025 1341 3074 1398 si
3108 1340 3307 1400 electis
3337 1341 3872 1415 promittimusgle—
3981 1385 3984 1415 ε

2227 1427 2374 1486 riam
2405 1430 2845 1502 sempiternam.

2297 1521 2362 1574 In
2394 1518 2805 1590 precursionis
2833 1535 3067 1592 quoque
3095 1518 3285 1593 gratia
3327 1535 3462 1575 eum
3501 1521 3875 1578 commendat

2225 1623 2359 1662 cum
2392 1608 2578 1663 dicit:
2610 1609 2709 1664 Hic
2764 1617 2844 1665 est
2879 1607 2945 1666 de
2982 1625 3086 1680 quo
3133 1610 3397 1680 scriptum
3441 1615 3524 1664 est
3566 1624 3677 1681 per
3705 1609 3873 1666 Mala-
3982 1645 3984 1680 ι

466 1699 554 1750 est
585 1695 684 1768 qui
717 1694 893 1750 habet
919 1696 1566 1762 vcstemsufﬁcientem,
1596 1697 1692 1751 det
1731 1698 2110 1770 superfluam.
2141 1729 2192 1798 B
2223 1695 2416 1798 phiam
2449 1697 2791 1798 prophetam
2823 1713 2838 1753 :
2871 1700 3002 1754 Ecce
3029 1715 3150 1768 ego,
3183 1698 3414 1798 inquit,
3447 1701 3624 1756 Pater
3673 1699 3748 1756 ad
3794 1697 3876 1798 Fit

465 1784 678 1852 Quinto
709 1784 766 1839 in
801 1785 1067 1853 modo,ut
1095 1801 1231 1840 cum
1259 1785 1478 1841 scilicet
1510 1785 1758 1842 facimus
1781 1791 2012 1844 nostras
2028 1806 2116 1846 ve-

465 1877 604 1942 stes,
635 1873 724 1930 vel
755 1874 1036 1947 gerimus.
1069 1891 1184 1946 quo
1215 1892 1330 1930 non
1363 1875 1728 1932 deberemus.
1749 1877 1817 1932 Et
1847 1879 2116 1935 cumbaae

465 1963 1219 2030 dicimus,nondamnamus
1250 1968 1458 2036 vestes,
1483 1966 1584 2020 sed
1613 1965 1822 2022 vitium
1853 1967 2114 2025 vestibus

465 2052 855 2109 abutentium.
905 2052 1036 2108 Scio
1089 2053 1244 2108 enim
1290 2053 1399 2109 sub
1449 2071 1708 2126 purpura
1756 2054 1953 2127 plures
1996 2057 2113 2114 Deo

465 2141 794 2214 placuisse;
828 2146 884 2197 et
912 2145 1167 2208 econtra,
1203 2140 1399 2214 plures
1430 2142 1540 2198 sub
1571 2160 1738 2200 sacco
1769 2145 1886 2201 Deo
1915 2146 2115 2218 displi-

465 2231 676 2287 cuisse.
708 2235 858 2286 Sunt
885 2231 1041 2286 enim
1071 2230 1170 2303 qui
1207 2231 1268 2286 in
1314 2247 1574 2303 purpura
1603 2249 1718 2289 non
1770 2235 2108 2304 efferuntur,

464 2323 521 2375 et
551 2325 690 2374 sunt
721 2319 820 2392 qui
853 2337 915 2376 se
942 2320 1182 2375 vestitos
1215 2320 1496 2388 sacco,vel
1530 2321 1727 2378 dolent
1746 2323 1832 2378 vel
1854 2324 2110 2396 glorian-

461 2409 832 2481 tur.Magnus
862 2425 995 2464 vero
1035 2413 1124 2464 est
1169 2425 1343 2481 quem
1391 2427 1598 2467 saccus
1645 2429 1760 2467 non
1805 2413 2020 2484 dejicit,
2054 2420 2111 2470 et

459 2513 634 2568 quem
665 2514 928 2570 purpura
956 2515 1071 2554 non
1103 2497 1344 2554 extollit.
1361 2498 1519 2554 Talis
1567 2505 1691 2556 erat
1737 2501 1940 2570 David,
1971 2503 2108 2561 talis

450 2585 706 2642 Joannes
739 2586 1019 2659 Baptista,
1056 2587 1333 2659 quoniam
1383 2604 1488 2643 nec
1536 2587 1632 2643 ille
1663 2590 1772 2646 sub
1821 2608 2103 2663 purpura,

451 2691 558 2730 nec
587 2673 696 2730 iste
727 2676 836 2732 sub
867 2675 1057 2732 cilicio
1087 2680 1210 2732 erat
1242 2677 1468 2732 arundo
1499 2676 1688 2733 ventis
1717 2679 1955 2750 agitata.
1990 2681 2105 2738 Vos

452 2767 671 2830 autem,
702 2764 1035 2837 fratres,qui
1072 2765 1398 2837 imperfecti
1430 2765 2011 2841 estis,unusquisque
2042 2769 2102 2826 in

449 2853 634 2926 gradu
657 2870 762 2909 suo
794 2854 1253 2911 mediocritatem
1286 2857 2104 2921 tenete,secundumhomines

450 2943 674 2998 ordinis
704 2947 761 2999 et
791 2945 1009 3016 gradus
1037 2944 1212 3001 vestri
1240 2961 1343 3002 vos
1375 2944 1702 3011 induite,ne
1733 2946 1860 3002 sitis
1874 2947 2105 3005 nitidio-

448 3047 540 3087 res
573 3032 677 3099 eis,
712 3049 784 3088 ne
815 3033 960 3088 forte
1004 3033 1138 3089 inde
1167 3051 1284 3106 prie
1325 3033 1490 3089 vobis
1539 3051 1637 3090 eos
1685 3038 2095 3094 contemnatis.

2225 1783 2392 1851 lium,
2427 1787 2582 1842 mitto
2609 1787 2866 1858 angelum
2901 1804 3086 1844 meum
3120 1796 3248 1846 ante
3296 1789 3498 1861 faciem
3555 1795 3734 1856 tuam,
3787 1790 3877 1861 qui
3982 1837 3984 1874 ς

2220 1877 2562 1946 ιινέινραναὺίτ
2587 1877 2736 1932 viam
2763 1881 2919 1933 tuam
2947 1885 3072 1934 ante
3119 1885 3190 1934 te.
3237 1877 3406 1945 Vere,
3461 1876 3704 1946 fratres,
3751 1894 3875 1934 vere

2223 1962 2319 2019 hic
2346 1964 2603 2022 Joannes
2635 1981 2886 2039 magnus
2913 1970 2970 2023 et
2998 1965 3363 2026 admirabilis
3388 1970 3690 2037 est,quem
3711 1966 3876 2041 longe

2223 2057 2538 2125 antequam
2569 2054 2988 2126 conciperetur,
3021 2055 3390 2128 prophetam,
3424 2055 3545 2112 imo
3589 2055 3873 2118 Dominus
3982 2054 3984 2080 ⁵

2222 2157 2325 2213 per
2355 2141 3036 2216 prophetam,Unigenito
3067 2161 3174 2201 suo
3207 2142 3874 2217 nuntiumpolliceturet

2220 2233 2780 2302 praecursorem.Nec
2809 2234 3003 2294 solum
3034 2235 3290 2292 Joannes
3328 2233 3570 2314 nomine
3599 2235 3800 2308 angeli
3823 2241 3875 2294 et

2219 2321 2596 2392 praecursoria
2625 2321 2840 2396 dignus
2869 2325 3090 2392 est,sed'
3117 2329 3176 2380 et
3199 2328 3320 2382 tam
3373 2341 3482 2381 nos
3529 2341 3718 2396 quam
3757 2342 3869 2392 vos.

2219 2408 2426 2466 fratres
2471 2411 2662 2484 angeli
2707 2417 2766 2470 et
2813 2429 3203 2485 praecursores
3251 2413 3463 2470 Christi
3513 2413 3871 2476 merebimur

2217 2497 2518 2570 appellari,
2552 2501 2600 2556 si
2633 2502 2808 2558 verbo
2839 2507 2898 2558 et
2926 2502 3190 2576 exemplo
3242 2520 3378 2560 eum
3422 2502 3865 2571 annuntiemu,

2216 2586 2268 2643 si
2297 2592 2416 2644 tam
2448 2590 2520 2645 ad
2555 2593 2756 2652 nostra
2784 2607 2963 2664 quam
2995 2593 3068 2650 ad
3102 2592 3350 2653 aliorum
3365 2591 3546 2650 corda
3565 2608 3678 2664 per
3693 2609 3868 2651 corre-

2215 2677 2466 2734 ctionem
2520 2683 2577 2734 et
2623 2681 3091 2740 emendationem
3145 2681 3196 2738 ei
3247 2681 3398 2738 viam
3448 2697 3864 2754 praeparemus,

2213 2765 2342 2839 ipso
2374 2767 2675 2842 largiente,
2709 2769 2808 2842 qui
2841 2787 2976 2828 cum
3009 2771 3176 2830 Patre
3203 2775 3262 2828 et
3291 2770 3513 2844 Spiritu
3554 2776 3768 2828 saneto
3793 2772 3864 2830 vi-

2211 2856 2292 2912 vit
2320 2861 2381 2919 et,
2406 2863 2610 2931 regnat
2637 2859 2812 2920 Deus.
2845 2862 3051 2918 Amen.

2805 2968 3112 3024 HOMILIA
3147 2967 3271 3024 VII.

2596 3056 2872 3096 DOMINICA
2909 3057 3133 3103 QUARTA
3170 3053 3480 3098 ADVENTUS.

449 3138 520 3176 ne
533 3121 884 3178 sordidiores
898 3119 1080 3190 eis,ne
1093 3102 1508 3194 forteindepraa
1521 3122 1604 3179 eis
1625 3140 1725 3180 vos
1743 3125 2097 3185 sordidiores
2127 3102 2170 3171 (ἶ
2282 3127 2524 3185 Gaudete
2555 3130 2616 3184 in
2642 3131 2872 3186 Domino
2900 3146 3132 3202 semper,
3165 3131 3364 3189 iterum
3407 3129 3529 3188 dico
3560 3148 3580 3185 :
3635 3130 3864 3188 Gaudet

447 3208 710 3266 deleatis.
743 3211 824 3266 Ne
856 3209 990 3266 hinc
1022 3211 1108 3266 vel
1142 3211 1274 3266 inde
1302 3227 1405 3267 vos
1436 3212 1616 3284 agitet
1645 3217 1852 3270 ventus
1897 3214 2093 3288 gloriae
2206 3215 2469 3288 (Philipp.
2494 3217 2590 3290 1v),
2643 3223 2752 3275 etc.
2787 3219 3046 3283 Quatuor
3093 3220 3234 3278 facit
3277 3219 3618 3293 Apostolus,
3653 3220 3862 3278 fratres

442 3299 529 3356 vel
563 3299 823 3372 pudoris.
859 3301 978 3356 Sub
1030 3304 1187 3356 veste
1229 3299 1504 3356 mediocri
1555 3317 1792 3358 saccum
1848 3302 2095 3362 latenter
2203 3305 2532 3362 eharissimi
2581 3307 2640 3362 in
2690 3308 2799 3364 hac
2844 3308 3108 3367 lectione.
3161 3307 3355 3366 Primo
3402 3314 3604 3368 uomet
3655 3327 3768 3369 nos
3797 3310 3850 3366 in

439 3388 664 3455 vestite,
696 3389 948 3444 maxime
979 3388 1036 3442 in
1071 3387 1276 3444 diebus
1300 3388 1682 3460 jejuniorum,
1717 3395 1783 3446 ut
1820 3396 1982 3449 tanto
2015 3395 2093 3450 sit
2201 3393 2445 3450 Domino
2475 3397 2747 3468 gaudere,
2781 3399 3038 3456 secundo
3069 3399 3852 3466 modestoseesgtertiosine

440 3475 631 3548 magis
666 3482 898 3549 geatum
930 3477 1296 3548 Deo,quanto
1329 3479 2087 3550 magisoccultum.Vestem
2198 3481 2592 3541 sollicitudine
2634 3502 2819 3554 orare,
2869 3493 3077 3560 quarto
3123 3492 3290 3562 rogat
3336 3505 3444 3546 nos
3471 3488 3768 3547 custodiri
3797 3489 3852 3544 in

436 3581 570 3619 vero
595 3563 762 3620 vobis
794 3581 909 3619 non
941 3564 1330 3620 necessariam
1382 3567 1538 3622 nudo
1588 3569 1857 3640 praibete.
1921 3572 1989 3626 Et
2036 3572 2086 3628 si
2197 3588 2356 3644 pace.
2386 3573 2480 3630 Ait
2510 3591 2667 3648 ergo,
2699 3576 2937 3634 Gaudete
2965 3579 3023 3633 in
3056 3579 3304 3635 Domino.
3337 3576 3397 3634 Si
3429 3594 3554 3636 una.
3596 3594 3690 3646 re,
3742 3578 3852 3636 fra-

437 3670 552 3708 non
583 3651 758 3708 vultis
790 3654 928 3709 dare
961 3655 1326 3722 novam,date
1356 3655 1444 3711 vel
1475 3660 1725 3712 veterem
1769 3658 2085 3716 meliuscu-
2194 3666 2338 3730 tres,
2365 3663 2559 3720 omnis
2602 3664 2779 3722 homo
2823 3667 3126 3740 gauderet,
3172 3681 3473 3740 nunquam
3524 3667 3850 3740 Apostolus

434 3739 573 3809 lam,
609 3746 674 3796 ut
704 3743 752 3798 si
787 3743 926 3814 quid
954 3743 1012 3798 in
1047 3760 1195 3799 nova
1222 3748 1378 3800 veste
1409 3744 1760 3818 deliquistis,
1803 3747 1862 3803 in
1895 3753 2084 3807 vetere
2193 3766 2327 3810 cum
2361 3739 2866 3822 determinatione,
2909 3755 3142 3813 Gaudete
3188 3758 3249 3812 in
3278 3739 3530 3824 ma'no,

433 3831 755 3888 redimatis.
791 3831 1092 3887 Mollitiem
1124 3850 1376 3905 quoque,
1410 3835 1636 3903 fratres,
1671 3835 1934 3892 ciborum
1965 3839 2082 3894 evi-
2194 3839 2290 3896 Est
2320 3839 2477 3898 enim
2508 3843 2790 3915 gaudium
2833 3844 3066 3918 triplex,
3115 3845 3462 3919 malignum,
3509 3863 3767 3913 vanum,
3795 3852 3848 3903 et

431 3921 570 3986 tate,
605 3919 884 3991 quoniam
915 3919 1209 3999 lautorum
1241 3921 1504 3978 ciborum
1537 3925 1896 3981 consuetudo
1919 3925 2081 3983 luxu-

431 4006 578 4063 riam
613 4014 871 4082 generat,
907 4026 1121 4083 corpus
1151 4010 1640 4080 molliﬁcat,eibos
1669 4012 1900 4069 viliores
1923 4016 2078 4071 fasti-

429 4095 552 4152 dire
583 4099 740 4164 facit,
773 4098 1127 4170 patrimonia
1155 4101 1930 4167 consumit,sollicitudinem
1960 4103 2075 4160 im-

428 4184 831 4242 mittit.Minus
862 4192 920 4243 et
949 4187 1237 4245 sollicitus
1287 4189 1386 4262 qui
1430 4190 1758 4248 minoribus
1805 4197 1894 4248 est
1936 4209 2072 4249 con-

421 4275 640 4330 tentus.
676 4275 839 4331 Sicut
869 4276 1024 4333 enim
1058 4277 1211 4333 Mars
1230 4280 1376 4334 duro
1395 4279 2071 4354 militegaudet,quifor-

421 4361 556 4419 titer
585 4365 877 4421 sustineat
906 4364 1146 4433 calores,
1181 4366 1426 4440 algores,
1461 4371 1518 4423 et
1565 4367 1813 4436 labores,
1846 4371 1927 4427 ita
1957 4371 2067 4428 Do-

420 4451 617 4508 minus
648 4455 826 4509 duros
858 4459 1017 4510 amat
1039 4455 1647 4526 milites,eil‘eminatos
1661 4460 1980 4515 contemnit
2011 4466 2066 4516 et

417 4542 644 4598 molles.
680 4543 818 4598 lnde
846 4548 935 4599 est
963 4546 1116 4616 quod
1151 4547 1336 4600 sancti
1389 4547 1602 4611 Patres,
1637 4547 1788 4602 sicut
1826 4548 1884 4602 in
1915 4549 2064 4606 Vitis

418 4630 654 4688 Patrum
688 4632 959 4707 legimus,
995 4633 1224 4702 balnea,
1258 4635 1880 4708 unguenta,hujusque
1910 4639 2068 4694 modi

415 4721 618 4777 mollia
648 4722 1006 4788 devitabant,
1040 4739 1111 4778 ne
1139 4723 1400 4796 corporis
1431 4723 1522 4780 sui
1554 4724 1827 4780 duritiem
1847 4726 2067 4782 emolli-

415 4815 564 4867 rent.
599 4810 795 4866 Mollia
825 4811 1022 4876 etiam,
1055 4811 1281 4881 fratres,
1322 4829 1496 4885 opera
1550 4813 1748 4887 fugite,
1802 4831 1930 4886 quae
1979 4817 2061 4873 fa-

416 4897 578 4952 ciunt
607 4899 708 4968 qui
739 4899 897 4953 carni
934 4899 1319 4971 serviunt,qui
1349 4900 1638 4956 aedificant
1685 4901 1935 4975 lignum,
1985 4906 2062 4962 fe-

413 5001 557 5039 num
589 4985 864 5056 stipulam
898 4986 1033 5058 igne
1063 4991 1570 5044 concremendam.
1602 4989 1798 5047 Mollia
1827 5010 2058 5067 quoque

2189 3929 2430 3987 bonum.
2465 3932 2713 3998 Quidam
2744 3933 2900 3990 enim
2930 3935 3191 4008 gaudent
3220 3934 3292 3991 de
3310 3933 3485 4000 male,
3517 3935 3594 3991 de
3625 3937 3846 4010 quibus

2187 4017 2401 4076 dicitur
2425 4036 2436 4074 :
2473 4025 2758 4078 Laetamur
2787 4040 2907 4079 cvm
2933 4025 3082 4080 male
3104 4026 3354 4097 fecerim,
3377 4032 3430 4081 et
3471 4024 3738 4082 multum
3787 4028 3844 4082 in

2184 4109 2344 4166 rebus
2371 4111 2622 4181 pessimis
2646 4113 2828 4181 (Prov.
2861 4113 2943 4185 ιι.)
3001 4112 3105 4170 His
3159 4114 3306 4170 adeo
3351 4113 3542 4186 placet
3585 4114 3842 4178 malum,

2183 4197 2338 4266 quod
2369 4198 2544 4254 etiam
2575 4199 2702 4256 sine
2741 4215 2852 4257 sua
2905 4201 3162 4262 utilitate
3202 4203 3498 4276 gaudeant
3539 4202 3600 4258 in
3633 4211 3840 4260 eorum

2180 4284 2398 4341 dolore.
2425 4287 2536 4342 Alii
2566 4305 2698 4345 vero
2731 4291 2992 4363 gaudent
3017 4292 3094 4348 de
3117 4308 3289 4360 vano,
3341 4292 3401 4348 id
3444 4295 3536 4349 est
3571 4292 3649 4350 de
3693 4309 3840 4349 vana

2179 4378 2238 4430 et
2267 4377 2567 4434 mundana
2596 4380 2998 4452 prosperitate,
3030 4381 3104 4436 de
3131 4380 3349 4454 quibus
3376 4381 3658 4440 Salomon
3695 4398 3714 4437 :
3743 4384 3839 4438 Ri-

2099 4483 2144 4548 Β
2173 4481 2295 4520 sum
2322 4469 2572 4538 reputavi
2615 4483 2874 4536 errorem,
2921 4477 2973 4525 et
3007 4470 3214 4541 gaudio.
3237 4470 3362 4527 diei
3389 4487 3406 4526 :
3449 4469 3593 4538 Quid
3616 4473 3837 4543 frustra

2173 4553 2480 4625 deciperis?
2509 4558 2702 4622 (Eccte.
2737 4559 2820 4630 ιι).
2857 4559 2974 4614 Ista
3003 4560 3118 4616 duo
3148 4560 3384 4633 gaudia,
3428 4558 3646 4616 fratres
3694 4563 3832 4628 mei,

2176 4641 2333 4698 mala
2361 4649 2518 4700 sunt.
2551 4647 2621 4702 Et
2650 4646 2721 4702 de
2750 4647 3024 4704 ambolus
3071 4647 3422 4721 intelligitur
3469 4647 3619 4704 illud
3670 4649 3835 4706 Salo-

2175 4732 2367 4790 monis
2399 4734 2581 4790 :Risus
2608 4735 2792 4791 dolore
2843 4738 3182 4804 miscebitur,
3232 4747 3284 4794 et
3330 4747 3576 4794 aureum
3632 4739 3835 4808 gaudii

2171 4820 2346 4878 luctus
2373 4833 2594 4895 occupat
2623 4825 2804 4896 (Prov.
2852 4828 2992 4899 xxv.)
3032 4827 3102 4882 Et
3146 4826 3294 4883 illud
3341 4826 3640 4901 Evangelii
3677 4846 3697 4883 :
3749 4831 3834 4886 Va

2169 4909 2320 4966 vobis
2349 4914 2445 4982 qui
2472 4913 2708 4970 ridetis?
2737 4917 2870 4988 quia
2900 4916 3156 4986 lugebitis
3185 4917 3333 4989 (Luc.
3365 4917 3464 4984 νιι),
3511 4917 3582 4972 Et
3633 4917 3788 4974 alibi
3811 4933 3832 4973 :

2172 4996 2254 5052 Vcs
2287 4999 2431 5054 vobis
2458 4999 2740 5069 divitibus,
2775 5005 2873 5074 qui
2899 5003 3113 5060 habetis
3137 5004 3229 5060 hic
3255 5005 3694 5061 consolationem
3723 5023 3834 5063 va-

410 5073 605 5170 verba,
632 5073 708 5170 .id
754 5078 847 5170 est
891 5074 1275 5170 adulationes,
1327 5081 1538 5170 cavete,
1561 5095 1728 5170 quae
1765 5088 2056 5152 quantum
2165 5085 2338 5140 traml
2375 5088 2535 5160 (Ibid)
2566 5087 2674 5145 Alii
2706 5073 2967 5164 gaude-nt
2995 5093 3069 5148 de
3097 5093 3270 5159 bono,
3303 5093 3390 5150 illi
3437 5093 3678 5151 scilicet
3727 5095 3832 5170 qni

409 5161 690 5256 fugienda
720 5161 855 5256 sint,
905 5164 1160 5256 ostendit
1203 5165 1506 5238 propheta.
1560 5169 1663 5235 Vae,
1716 5167 1925 5241 inquit,
1975 5175 2056 5230 eis
2165 5174 2223 5230 in
2255 5174 2502 5234 Domino
2530 5161 2806 5250 gaudent.
2840 5181 3004 5238 Unde
3032 5183 3496 5256 Apostolusalibi
3520 5189 3690 5256 :Qui
3715 5161 3830 5256 glo-

404 5251 502 5322 qui
519 5251 618 5305 sub
647 5252 824 5307 cubito
858 5253 1121 5324 pulvinar
1161 5264 1371 5325 ponunt
1413 5257 1620 5330 (Ezech.
1669 5260 1814 5331 xm).
1863 5261 2052 5318 Pulvi-
2160 5265 2362 5329 riatur,
2399 5265 2457 5318 in
2490 5265 2718 5322 Domino
2746 5269 3017 5337 glorietur
3039 5251 3240 5340 (ἶσον.
3261 5273 3328 5339 ι.)
3378 5271 3450 5326 Et
3488 5251 3640 5326 hic:
3679 5251 3828 5330 clm

401 5356 511 5432 nar
534 5355 774 5432 quoque
807 5340 916 5395 sub
948 5341 1144 5432 cubito
1177 5344 1361 5415 ponit,
1397 5347 1496 5417 qui
1530 5348 1831 5405 cadentem
1865 5367 1897 5406 a
1928 5369 2051 5407 rec-
2159 5352 2294 5422 dcte,
2329 5353 2608 5425 inquit,in.
2639 5358 3010 5414 Domino.Sed
3042 5375 3223 5432 quare
3251 5359 3592 5432 duplicavit.
3612 5363 3828 5418 Ima.-

398 5425 650 5523 titu'dine
685 5428 939 5523 animum
971 5429 1182 5523 blande
1213 5449 1317 5523 per
1347 5435 1740 5523 adulationem
1781 5440 2045 5513 suscipit.
2156 5442 2276 5498 dico
2307 5459 2320 5497 :
2359 5443 2612 5502 Gaudete.
2647 5446 2793 5512 Quia
2821 5425 3104 5520 gaudium
3133 5454 3223 5506 est
3254 5450 3312 5507 in
3334 5425 3468 5523 spe,
3497 5449 3676 5506 velin
3710 5467 3826 5509 usu

393 5515 464 5569 Et
496 5512 802 5574 Psalmista
835 5536 848 5574 :
881 5521 1170 5588 Quoniam,
1217 5519 1428 5592 inquit,
1489 5526 1752 5583 laudatur
1805 5512 2049 5600 peccator
2156 5531 2235 5588 rei
2269 5535 2474 5590 amatae
2503 5512 2870 5592 dilectioﬂivc
2891 5535 3306 5609 enim,fratrug
3351 5512 3588 5602 tantum
3617 5539 3692 5597 in
3719 5555 3823 5614 spe
