3988 6074
210 288 370 356 i689

877 292 1235 354 HOMILL‘E
1276 292 1356 354 IN
1399 292 1648 354 EPIST.
1695 292 1795 353 ET
1838 291 2126 353 EVANG.
2174 291 2524 354 DOMlNlC.
2558 324 2637 335 —
2664 288 2863 352 PARS
2906 288 2957 352 Ι.

3463 288 3619 353 1690

188 423 536 484 'ccelestium
565 426 915 500 gaudiorum
945 428 1292 501 gaudemus,
1325 406 1441 483 non
1472 424 1533 482 in
1562 444 1643 496 re,
1664 428 1861 482 tamen
1892 427 1944 493 Α
1972 425 2174 482 subdit
2202 443 2215 482 :
2250 426 2512 482 Dominus
2559 441 2721 498 prope
2775 431 2871 482 est.
2904 424 3008 481 Est
3063 419 3280 497 quippe
3330 422 3618 482 Dominus

204 515 346 590 plus
376 532 554 588 quam
586 514 647 571 in
678 532 781 588 spe
831 517 1182 589 gaudemus,
1210 517 1487 590 quoniam
1536 522 1592 572 et
1643 516 1692 572 si
1741 534 1858 572 non

204 604 500 662 habemus
530 603 625 660 hic
655 622 799 673 rem,
830 604 1117 661 habemus
1146 610 1343 661 tamen
1389 606 1645 671 arrham,
1681 623 1858 678 quam

204 694 523 768 Apostolus
548 695 829 767 primitias
865 697 1091 769 spiritus
1120 704 1271 751 vocat
1304 696 1471 767 (Rom.
1496 697 1641 767 vm),
1676 696 1859 750 virtu-

206 787 300 840 tes
328 783 616 853 videlicet,
647 787 701 839 et
732 784 884 840 dona
914 784 1167 856 Spiritus
1193 784 1401 840 sancti.
1435 785 1631 841 Monet
1680 785 1862 858 igitur

206 870 523 946 Apostolus
554 877 617 928 ut
646 874 1010 947 gaudeamus
1042 874 1101 929 in
1125 892 1236 930 usu
1261 875 1566 943 virtutum,
1590 880 1645 930 et
1674 875 1732 930 in
1759 893 1861 948 spe

203 960 603 1037 prtemiorum.
635 963 1007 1019 Gaudeamus
1037 962 1096 1018 in
1127 981 1238 1018 usu
1274 964 1571 1029 bonitatis,
1591 969 1648 1020 et
1679 964 1737 1020 in
1759 982 1861 1038 spe

204 1050 991 1108 beatitudinis.Gaudeamus
1008 1052 1066 1107 in
1088 1070 1199 1108 usu
1216 1054 1447 1108 munda:
1471 1054 1859 1123 conscientiae,

205 1143 265 1196 et
294 1139 354 1196 in
386 1156 491 1214 spe
521 1141 699 1197 beatae
715 1140 1165 1212 vitw.Primum,
1191 1142 1420 1209 fratres,
1452 1144 1734 1216 gaudium
1775 1150 1863 1200 est

206 1245 515 1303 magnum,
548 1230 651 1286 sed
678 1230 1002 1285 secundum
1035 1236 1123 1287 est
1153 1232 1495 1287 maximum.
1522 1232 1669 1298 Quid
1704 1232 1860 1288 enim

206 1316 307 1374 hic
335 1318 546 1388 laetius,
562 1319 702 1392 quid
714 1318 1060 1391 jucundius,
1077 1320 1214 1392 quid
1237 1319 1639 1376 delectabilius
1661 1322 1861 1377 haberi

206 1410 424 1481 potest,
458 1424 635 1481 quam
664 1408 817 1465 inter
845 1409 1099 1466 mundos
1130 1410 1369 1477 munde,
1405 1414 1461 1465 et
1488 1410 1641 1466 inter
1670 1411 1862 1468 ebrios

204 1495 401 1553 vivere
429 1497 643 1565 sobrie,
678 1514 854 1571 quam
887 1499 1085 1554 omnia
1123 1499 1422 1555 mundana
1474 1500 1583 1555 sub
1614 1500 1861 1572 pedibus

208 1584 447 1653 habere,
468 1602 584 1642 non
615 1587 873 1644 adversis
908 1588 1115 1660 frangi,
1133 1589 1428 1661 prosperis
1450 1606 1565 1644 non
1588 1589 1858 1656 emolliri,

206 1673 405 1732 solum
426 1674 611 1731 Deum
642 1676 868 1743 timere,
886 1678 1167 1733 mundam
1187 1679 1604 1734 conscientiam
1625 1678 1857 1744 habere,

1969 516 2251 571 modestis
2264 515 2653 588 prope.Prepe
2676 513 3270 586 similitudinc,prope
3287 512 3614 582 dilectione,

1969 622 2146 678 prope
2164 604 2650 660 remuneratione.
2671 603 2955 670 Quoniam
2979 620 3125 675 quos
3147 619 3249 675 per
3270 601 3614 659 modestiam

1970 694 2060 752 sui
2085 693 2307 750 similes
2330 697 2571 767 spectat,
2591 692 2783 766 diligit
2802 696 2858 748 et
2880 696 3234 748 remunerat.
3259 691 3389 747 Haec
3407 691 3615 762 virtus,

1970 786 2199 853 fratres,
2234 784 2469 856 Moysen
2521 791 2577 838 et
2606 783 2805 849 David,
2833 782 2947 838 Deo
2977 785 3173 854 gratos
3192 784 3249 837 et
3277 779 3619 839 hominibus

1971 874 2180 941 effecit,
2201 889 2452 946 quorum
2486 871 2634 928 alter
2661 871 2877 943 legitur
2901 887 3001 943 pro
3034 868 3288 926 inimicis
3312 869 3435 926 suis
3456 886 3618 928 oras-

1972 980 2052 1031 se,
2088 963 2232 1018 alter
2261 980 2393 1018 vero
2427 961 2685 1029 inimico,
2721 978 2895 1017 suum
2928 959 3274 1033 sanguinem
3314 959 3614 1032 quaerenti,

1970 1053 2320 1126 pepercisse.
2368 1052 2670 1108 Discamns
2724 1054 2780 1106 et
2832 1067 2961 1116 nos,
3008 1049 3235 1117 fratres,
3269 1048 3618 1105 modestiam

1970 1143 2030 1197 in
2061 1143 2337 1198 omnibus
2364 1145 2579 1207 tenere,
2606 1144 2801 1195 motus
2831 1138 3023 1194 cordis
3073 1137 3256 1194 nostri
3304 1137 3617 1207 refrenare,

1971 1230 2413 1303 nobismetipsis
2439 1228 2748 1296 dominari,
2782 1228 3030 1285 aliorum
3067 1226 3463 1283 dissonantias
3492 1242 3619 1283 mo-

1971 1320 2179 1388 derari,
2205 1322 2341 1385 Deo,
2378 1319 2478 1392 qui
2510 1320 2635 1375 sine
2664 1321 2826 1374 motu
2856 1316 3054 1373 omnia
3083 1316 3242 1383 facit,
3278 1314 3614 1385 assimilari,

1970 1414 2035 1465 ut
2065 1411 2138 1466 ab
2170 1427 2235 1466 eo
2269 1425 2602 1465 mereamus
2631 1407 2793 1481 diligi
2816 1410 2872 1463 et
2889 1405 3443 1477 remunerari,juxta
3462 1406 3618 1478 quod

1970 1499 2095 1572 ipse
2152 1499 2421 1571 promisit
2455 1515 2468 1554 :
2502 1500 2675 1565 Beati,
2723 1497 2935 1570 inquit,
2994 1498 3173 1562 mites,
3205 1495 3465 1568 quoniam
3507 1495 3620 1568 ipsi

1962 1589 2314 1661 possidebunt
2343 1596 2545 1644 terram
2574 1587 2792 1657 (Matth.
2819 1587 2975 1663 v,_1i).

2041 1678 2316 1751 Sequitur
2346 1694 2483 1750 pars
2510 1675 2699 1742 tertia,
2717 1676 2776 1731 in
2813 1693 2930 1748 qua
2961 1679 3159 1730 monet
3176 1690 3283 1731 nos
3310 1673 3617 1746 Apostolus

208 1778 413 1822 secure
441 1764 650 1834 vivere,
681 1769 926 1821 mortem
962 1783 1077 1822 non
1115 1767 1342 1836 timere,
1376 1767 1475 1823 sed
1527 1768 1700 1822 etiam
1750 1785 1858 1823 cae-
1887 1803 1934 1868 Β
1973 1768 2099 1823 sine
2130 1766 2522 1822 sollicitudine
2553 1783 2738 1834 orare,
2771 1765 2990 1821 dicens.
3025 1764 3178 1821 Nihil
3206 1763 3439 1819 solliciti
3472 1764 3615 1831 sitis,

205 1851 378 1914 lestia
405 1855 623 1928 gaudia
652 1859 850 1927 optare
881 1859 937 1911 et
957 1872 1089 1911 eum
1113 1857 1461 1913 certitudine
1484 1863 1814 1930 exspectare
1830 1860 1858 1914 ‘?

182 1940 320 2001 "Per
346 1944 458 2000 hoc
487 1942 723 2018 quippe,
757 1944 986 2012 fratres,
1017 1946 1213 2001 divina
1241 1945 1486 2002 dulcedo
1521 1965 1633 2001 non
1667 1945 1858 2003 solum

209 2037 602 2106 exspectatur,
634 2033 736 2089 sed
787 2037 846 2089 et
893 2034 1293 2106 prmodoratur
1341 2040 1396 2090 et
1444 2041 1857 2110 prcegustatur.

208 2120 329 2179 li‘oc
358 2125 813 2196 prmgustaverat
841 2122 1148 2195 Propheta,
1181 2123 1280 2197 qui
1312 2125 1609 2181 admirans
1633 2130 1689 2182 et
1717 2143 1861 2198 gau-

210 2208 358 2268 dens
388 2211 618 2269 dicebat
650 2227 664 2268 :
699 2213 874 2281 Quam
898 2212 1068 2269 bonus
1095 2214 1264 2269 Israel
1293 2215 1433 2270 Deus
1463 2215 1548 2270 his
1578 2217 1677 2286 qui
1716 2223 1860 2271 recto

209 2309 343 2358 Sunt
365 2300 524 2358 corde
550 2302 720 2374 (Psal.
756 2304 948 2371 Lxxn).
980 2302 1065 2357 Ad
1099 2303 1256 2374 quod
1287 2304 1719 2376 degustandum
1753 2321 1859 2361 nos

210 2389 390 2446 etiam
436 2389 705 2447 hortatur
749 2392 953 2448 dicens
988 2408 1000 2446 :
1036 2391 1253 2447 Gustate
1296 2400 1348 2448 et
1391 2393 1563 2449 videte
1600 2397 1861 2466 quoniam

208 2481 394 2535 suavis
437 2486 519 2536 est
559 2481 824 2537 Dominus
865 2480 1033 2549 (Psal.
1068 2480 1288 2553 xxxm).
1321 2481 1439 2537 Hoc
1489 2482 1716 2554 fratres,
1752 2482 1859 2538 hoc

210 2570 301 2625 est
328 2567 612 2641 gaudium
644 2569 703 2624 in
735 2568 958 2642 Spiritu
989 2572 1211 2625 sancto.
1240 2572 1352 2626 Hoc
1381 2575 1469 2626 est
1498 2589 1699 2628 verum
1723 2590 1861 2645 gau-

209 2654 395 2727 dium,
414 2671 618 2714 verum
650 2657 965 2715 sabbatum
998 2660 1234 2715 mentis.
1255 2660 1333 2715 De
1362 2677 1476 2733 quo
1507 2660 1683 2717 etiam
1704 2662 1863 2719 Salo-

209 2762 348 2803 mon
380 2763 395 2802 :
426 2746 631 2804 Secura
668 2762 842 2815 mens,
891 2748 1102 2819 inquit,
1134 2749 1270 2820 juge
1323 2752 1634 2807 convivium
1675 2752 1854 2824 (Prov.

206 2835 324 2910 xv).
358 2835 495 2905 Hoc,
520 2834 751 2905 fratres,
779 2836 1058 2909 gaudium
1093 2854 1207 2893 non
1258 2838 1601 2894 miscebitur
1638 2840 1856 2907 dolore,

210 2926 313 2982 sed
346 2927 419 2982 ad
449 2942 752 2982 summum
798 2929 855 2982 et
902 2927 1324 2999 sempiternum
1374 2945 1482 2985 nos
1510 2929 1685 2985 duoet
1714 2947 1856 3003 gau-

211 3015 398 3083 dium,
420 3014 688 3072 videlicet
717 3016 789 3071 ad
821 3015 1103 3088 gaudium
1137 3017 1263 3072 sine
1288 3034 1551 3085 moerere,
1572 3018 1697 3074 sine
1720 3020 1854 3087 line,

212 3103 341 3163 sine
389 3109 568 3173 metu,
602 3105 730 3162 sine
780 3106 1036 3175 defectu;
1084 3106 1156 3161 ad
1198 3106 1478 3178 gaudium
1527 3108 1589 3163 in
1637 3107 1857 3165 visione

1969 1856 2061 1913 sed
2096 1859 2157 1912 in
2186 1858 2338 1912 omni
2366 1857 2630 1921 oratione,
2664 1858 2774 1910 etc.
2807 1854 2880 1909 Et
2927 1852 3351 1921 convenienter,
3386 1851 3615 1923 fratres,

1969 1947 2111 2001 dum
2142 1945 2410 2001 hortatur
2439 1962 2545 2001 nos
2576 1944 2649 1999 ad
2680 1944 2966 2000 orandum
2998 1940 3281 2016 praemisit
3303 1956 3317 1996 :
3340 1941 3500 1999 Nihil
3516 1940 3620 1999 sot-

1970 2036 2110 2092 liciti
2136 2038 2278 2092 sitis.
2311 2034 2468 2091 Nihil
2501 2028 2657 2090 enim
2690 2032 2824 2106 plus
2852 2032 3097 2106 impedit
3125 2033 3390 2088 orantem
3438 2046 3616 2104 quam

1969 2124 2320 2181 sollicitudo.
2353 2124 2413 2180 Si
2445 2123 2600 2179 enim
2632 2124 2860 2189 fratres,
2896 2120 3093 2177 nullus
3144 2121 3228 2177 ita
3270 2120 3419 2177 liber
3467 2124 3556 2177 est
3583 2136 3619 2178 a

1970 2215 2126 2270 curis
2156 2213 2555 2280 szecularihus,
2584 2217 2640 2268 et
2669 2210 2915 2268 orationi
2947 2211 3207 2278 devotus,
3244 2209 3345 2283 qui
3393 2208 3452 2265 in
3484 2226 3615 2267 ora‘

1968 2304 2124 2359 tione
2142 2303 2491 2376 quandoque
2513 2300 3615 2372 insultusdzemoniorum,phantasma-

1967 2396 2029 2448 ta
2059 2394 2478 2465 cogitationum
2511 2407 2793 2447 vanarum
2825 2406 2939 2445 non
2963 2390 3200 2446 sentiat.
3219 2387 3388 2458 Quid,
3409 2387 3616 2446 fratres

1970 2483 2102 2550 mei,
2130 2482 2268 2556 quid
2324 2482 2542 2555 putatis
2591 2482 2662 2537 de
2712 2479 2851 2547 illis,
2886 2495 3134 2552 quorum
3184 2480 3306 2535 tota
3352 2494 3521 2536 mens
3558 2482 3617 2536 et

1967 2571 2323 2628 desiderium
2353 2576 2619 2628 versatur
2647 2570 2706 2626 in
2740 2567 3155 2641 temporalium
3187 2566 3617 2626 sollicitudine?

1968 2662 2036 2717 Hi
2079 2662 2358 2717 nimirum
2392 2660 2441 2717 si
2475 2660 2829 2734 quandoque
2877 2675 3042 2715 orare
3091 2656 3392 2731 cmperint,
3415 2656 3612 2715 statim

1967 2751 2186 2806 revolat
2218 2768 2384 2806 mens
2415 2751 2485 2805 ad
2518 2753 2815 2819 consueta,
2830 2747 3108 2821 quoniam
3140 2746 3240 2802 ubi
3266 2750 3358 2803 est
3386 2745 3617 2804 thesau-

1966 2857 2068 2895 rus
2102 2856 2268 2912 suus,
2304 2839 2384 2895 ibi
2416 2843 2504 2895 est
2532 2842 2589 2894 et
2619 2856 2717 2894 cor
2764 2855 2940 2893 suum
2971 2836 3177 2905 (Matth.
3210 2838 3312 2905 vr).
3344 2835 3611 2903 Proinde,

1965 2929 2196 2997 fratres,
2229 2929 2573 3003 purgandus
2603 2932 2691 2984 est
2720 2925 2883 2999 prius
2932 2926 3169 2983 animus
3215 2923 3287 2980 ab
3331 2938 3528 2981 amore
3556 2918 3614 2981 et

1966 3018 2362 3075 sollicitudine
2384 3016 2817 3090 temporalium,
2837 3020 2894 3073 et
2918 3016 2979 3071 in
3000 3015 3116 3070 Deo
3138 3017 3298 3070 totus
3320 3010 3608 3086 ﬂgendus,

1965 3112 2031 3164 ut
2060 3107 2239 3164 libere
2270 3107 2457 3180 possit
2489 3107 2559 3162 ad
2582 3105 2869 3162 orandum
2902 3104 3086 3160 Deum
3115 3119 3340 3160 vacare.
3360 3100 3472 3159 Sed
3501 3100 3611 3159 etsi

212 3194 336 3263 Dei,
367 3194 428 3250 in
461 3211 640 3268 quam
672 3194 1006 3251 desiderant
1034 3194 1224 3270 angeli
1277 3197 1607 3270 prospicere
1640 3199 1688 3268 (Ι
1714 3201 1858 3255 Petr.
1893 3181 1934 3247 Ε
1971 3197 2321 3270 quandoque
2355 3214 2459 3252 nos
2504 3194 2753 3251 orationi
2802 3192 3209 3250 incumbentes
3250 3189 3612 3265 pulsaverint

212 3286 274 3355 ι).
307 3284 591 3352 Quoniam
625 3290 821 3341 autem
853 3300 1068 3359 magna
1097 3285 1313 3358 gaudia
1342 3286 1527 3344 solent
1558 3287 1857 3344 hominem

206 3372 304 3430 hic
360 3373 645 3431 resolvere
688 3377 746 3431 et
798 3373 1192 3447 improvidum
1242 3374 1448 3444 facere,
1481 3377 1651 3432 addit
1705 3378 1856 3451 Apo-

207 3462 419 3519 stolus.
1640 3479 1646 3485 ·

279 3551 546 3609 Modestis:
575 3560 748 3611 vestra
774 3559 960 3609 nostra
986 3554 1065 3609 sit
1091 3554 1343 3610 omnibus
1390 3555 1723 3612 homin-ibus.
1755 3557 1857 3613 Est

209 3644 426 3710 autem,
451 3640 680 3705 fratres,
701 3640 823 3696 haec
851 3657 986 3714 pars
1016 3642 1293 3714 secunda,
1316 3643 1375 3698 in
1421 3661 1538 3717 qua
1569 3651 1765 3701 monet
1796 3646 1853 3701 in

207 3730 484 3787 omnibus
515 3744 622 3788 nos
643 3728 938 3787 modestos
966 3747 1111 3798 esse,
1129 3747 1195 3787 ac
1225 3732 1272 3788 si
1298 3732 1547 3790 diceret:
1574 3735 1851 3805 Gaudete,

206 3819 434 3888 ﬁatres,
450 3820 551 3877 sed
583 3821 872 3889 modeste;
906 3819 1138 3893 psallite
1186 3821 1453 3889 Domino,
1478 3824 1578 3878 sed
1622 3825 1852 3897 sapien-

204 3910 312 3965 ter.
348 3909 519 3966 Porro
547 3909 837 3967 modestia
867 3912 954 3966 est
1000 3909 1188 3967 virtus
1234 3910 1388 3967 inter
1430 3912 1608 3968 nimis
1655 3917 1713 3970 et
1744 3913 1852 3969 mi-

204 4010 338 4067 nus,
368 4000 575 4055 tenens
606 3998 1088 4056 mediocritatem.
1114 4000 1242 4055 Hzec
1279 4001 1467 4057 virtus
1512 4005 1850 4058 caeterarum

204 4086 470 4144 Omnium
493 4087 777 4145 virtutum
809 4087 1252 4144 condimentum
1275 4093 1384 4145 est.
1417 4090 1678 4163 Impetus
1694 4092 1851 4148 enim

202 4178 311 4243 est,
334 4192 450 4233 non
482 4175 953 4249 ratio,quidquid
985 4177 1051 4232 fit
1080 4176 1206 4234 sine
1237 4179 1615 4234 moderantiae
1667 4181 1846 4237 freno.

202 4260 355 4327 Sane
385 4262 674 4323 modestia
700 4264 813 4322 tria
851 4263 1005 4335 facit,
1048 4265 1186 4321 facit
1215 4265 1369 4321 enim
1400 4267 1697 4323 hominem
1731 4287 1850 4325 suae

206 4352 418 4413 mentis
447 4350 662 4411 habere
711 4352 1066 4422 dominium;
1103 4354 1293 4411 reddit
1335 4371 1470 4411 eum
1507 4355 1848 4414 hominibus

203 4440 603 4519 gratum,facit
631 4440 681 4498 ei
701 4441 1016 4498 Dominum
1048 4442 1467 4516 propinquum.
1492 4446 1652 4510 Quod
1679 4446 1851 4502 faciat

201 4529 502 4589 hominem
522 4529 737 4589 habere
768 4531 859 4587 sui
890 4530 1447 4597 dominium,innuit
1476 4550 1611 4589 cum
1651 4535 1852 4607 adjun-
1884 4558 1929 4622 Β

202 4618 307 4697 git,
339 4624 534 4678 vestra
559 4636 581 4679 :,
607 4620 782 4686 Quasi
816 4621 1032 4676 diceret
1064 4637 1077 4676 :
1112 4620 1397 4677 Modestis.
1427 4621 1598 4677 faciat
1628 4641 1728 4680 vos
1759 4642 1852 4680 ve-

203 4710 574 4785 stros,juxta
621 4711 779 4784 quod
828 4707 1224 4782 Philosophus
1283 4709 1402 4765 ait:
1437 4709 1590 4767 «Vis
1641 4710 1852 4769 habere

202 4811 484 4873 magnum
515 4796 871 4873 imperium?
890 4799 1049 4855 Dabo
1067 4799 1171 4854 tibi
1197 4815 1477 4871 magnum
1501 4801 1810 4871 imperium
1838 4820 1850 4858 ε

204 4884 435 4964 Impera
461 4886 705 4945 tibl.Vis
734 4887 956 4944 multos
987 4887 1228 4960 regere?
1259 4904 1393 4961 rege
1416 4889 1692 4962 teipsum.
1711 4891 1854 4947 Mul-

202 4978 294 5038 tos
322 4976 480 5037 enim
512 4990 698 5057 reges,
730 4976 779 5035 si
806 4982 862 5034 te
892 4977 1038 5033 ratio
1069 4976 1298 5035 rexerit.
1325 5000 1353 5029 »
1388 4977 1536 5034 Hinc
1575 4980 1850 5038 Salomon

201 5066 285 5124 ait
315 5082 329 5122 :
363 5063 552 5125 MeliOr
576 5075 659 5124 est
696 5069 910 5143 patiens
958 5067 1076 5122 viro
1121 5067 1271 5140 forti,
1304 5074 1355 5123 et
1403 5069 1499 5141 qui
1535 5069 1852 5127 dominatur

199 5158 391 5215 animo
428 5171 547 5225 suo,
593 5164 960 5229 expugnatam
1003 5155 1230 5213 urbium
1277 5156 1459 5229 (Prov.
1507 5159 1642 5230 xw).
1676 5162 1839 5227 Quod

201 5242 406 5303 reddat
434 5242 732 5307 hominem
756 5246 1096 5304 hominibus
1145 5248 1377 5319 gratum
1431 5250 1486 5301 et
1525 5247 1841 5319 famosum,

199 5330 453 5396 ostendit
481 5346 618 5390 eum
648 5333 729 5389 ait
759 5349 772 5388 :
809 5334 946 5391 Nota
992 5336 1069 5389 sit
1113 5335 1363 5390 omnibus
1415 5333 1746 5407 hominibus,
1779 5354 1845 5394 ac

200 5420 256 5478 si
282 5419 439 5484 dicat
470 5434 483 5476 :
516 5418 703 5479 Tanta
732 5421 807 5478 sit
836 5422 1123 5478 modestia
1149 5425 1364 5488 vestra,
1397 5423 1550 5494 quod
1603 5424 1692 5477 sui
1740 5427 1846 5481 ad-

198 5509 506 5567 miratione
521 5512 581 5569 et,
607 5509 869 5587 exemplo
900 5509 1168 5567 homines
1198 5510 1269 5567 ad
1292 5526 1353 5567 se
1383 5510 1658 5568 attrahat.
1685 5513 1845 5577 Quod

198 5592 375 5657 faciat
397 5594 715 5657 Dominum
742 5599 966 5656 homini
1002 5599 1685 5674 propinquum,ostendit
1714 5620 1849 5663 cum

1966 3287 2374 3361 suggestiones
2396 3287 2729 3342 daemonum
2757 3288 2816 3340 et
2845 3281 3070 3339 nebulae
3090 3294 3377 3338 vanarum
3400 3280 3615 3356 cogita-

1963 3376 2187 3433 tionum
2224 3376 2545 3432 cavendum
2578 3378 2667 3430 est
2697 3388 3088 3446 summopere,
3122 3371 3348 3441 fratres,
3383 3384 3456 3428 ne
3498 3370 3610 3426 i-m-

1965 3471 2363 3533 morentur,ne
2383 3466 2528 3521 forte
2536 3465 2709 3537 juxta
2729 3462 3118 3528 Salomonem,
3139 3474 3346 3519 muscae
3370 3462 3612 3518 morien-

1965 3564 2039 3612 tes
2065 3556 2295 3628 perdant
2324 3557 2647 3610 suavitatem
2676 3554 2946 3623 unguenti
2970 3550 3161 3624 (Eccle.
3192 3549 3387 3619 x),sed
3410 3549 3611 3609 statim

1965 3646 2025 3700 in
2058 3644 2449 3716 nosmetipsos
2480 3642 2852 3715 indignantes
2871 3656 3051 3696 vanas
3068 3639 3414 3713 quantocius
3433 3640 3614 3696 medi-

1962 3735 2213 3790 tationes
2243 3752 2276 3789 a
2305 3734 2475 3789 nobis
2497 3731 2932 3804 repellamus,et
2959 3730 3031 3786 ad
3063 3729 3258 3803 ipsum
3278 3728 3608 3787 redeamus.

1962 3823 2261 3897 Scriptum
2302 3826 2388 3879 est
2418 3822 2573 3878 enim
2607 3838 2620 3877 :
2652 3820 3057 3878 Deseenderunt
3100 3819 3343 3878 volucres
3389 3819 3532 3887 caeli,
3561 3827 3613 3875 et

1961 3913 2211 3985 abigebat
2266 3929 2357 3968 eos
2413 3911 2690 3967 Abraham
2734 3909 2885 3979 (Gen.
2935 3910 3049 3982 xv).
3092 3908 3239 3974 Quid
3296 3906 3452 3964 enim
3510 3914 3615 3980 per

1963 4002 2269 4068 sacrificia,
2305 4001 2416 4056 niri
2465 3999 2797 4056 orationes?
2839 3999 2911 4054 Et
2971 3998 3112 4072 quid
3170 4013 3274 4070 per
3319 3994 3607 4064 volucres,

1962 4091 2075 4146 nisi
2122 4108 2282 4146 vanae
2336 4088 2715 4162 cogitationes
2761 4084 3180 4160 designantur?
3208 4084 3319 4142 Sed
3371 4083 3611 4142 devotus

1960 4184 2174 4247 orator,
2224 4195 2358 4233 cum
2417 4194 2575 4232 vane
2628 4175 3008 4249 cogitationes
3056 4189 3233 4246 super
3288 4171 3610 4231 orationem

1960 4286 2129 4324 suam
2174 4268 2555 4331 descendunt,
2588 4263 2852 4338 exemplo
2898 4262 3163 4332 Abrahae,
3197 4279 3296 4320 eas
3344 4262 3611 4336 protinus

1959 4355 2212 4430 expellit.

2028 4446 2131 4502 Sed
2162 4447 2220 4501 in
2250 4446 2401 4501 omni
2429 4445 2692 4508 oratione,
2728 4441 2937 4514 inquit,
2971 4448 3022 4498 et
3067 4442 3456 4507 obseeratione,
3486 4454 3612 4497 eum

1961 4537 2274 4605 gratiarum
2303 4535 2536 4599 actione,
2551 4534 2836 4604 petitiones
2864 4538 3053 4587 vestra:
3082 4531 3422 4586 innotescunt
3466 4529 3613 4601 apud

1960 4626 2153 4681 Deum.
2189 4623 2404 4691 Oratio,
2441 4623 2667 4691 fratres,
2701 4614 2932 4678 tantum
2968 4619 3032 4674 fit
3061 4634 3164 4691 pro
3207 4616 3377 4674 bonis
3429 4616 3612 4690 adipi-

1963 4713 2561 4781 scendis,obsecratio
2594 4729 2696 4784 pro
2728 4709 2902 4767 malis
2926 4706 3311 4765 removendis.
3345 4704 3496 4775 Haec,
3520 4704 3612 4762 in-

1962 4804 2111 4877 quit,
2144 4804 2515 4858 innoteseant
2538 4802 2691 4874 apud
2724 4800 2931 4863 Deum,
2961 4796 3021 4854 id
3052 4800 3143 4853 est
3172 4793 3316 4852 talia
3343 4794 3613 4855 taliteret

1960 4892 2061 4950 tali
2095 4892 2415 4948 intentione
2456 4894 2745 4963 petantur,
2780 4891 2847 4944 ut
2890 4887 3067 4963 digna
3115 4885 3235 4941 sint
3281 4901 3409 4959 quae
3458 4887 3611 4943 Deus

1960 4985 2162 5037 noscat
2185 4984 2241 5037 et
2265 4980 2487 5036 audiat.
2505 4979 2777 5035 Petamus
2804 4978 3001 5051 igitur,
3020 4975 3247 5041 fratres,
3271 4989 3306 5030 a
3338 4973 3605 5044 Domino,

1958 5088 2075 5128 non
2106 5088 2266 5143 opes,
2299 5087 2414 5125 non
2448 5068 2720 5133 honores,
2756 5083 2869 5122 non
2902 5065 3081 5121 vitam
3132 5063 3191 5119 in
3239 5063 3349 5120 hoc
3396 5062 3608 5120 saeculo

1950 5158 2184 5231 longam
2219 5175 2232 5214 :
2269 5175 2394 5231 quae
2436 5155 2536 5229 qui
2578 5157 2803 5228 petunt,
2839 5169 2954 5210 non
2984 5153 3399 5219 exaudiuntur,
3432 5156 3497 5207 ut
3527 5150 3611 5207 ait

1950 5248 2224 5313 Jacobus,
2250 5265 2315 5302 eo
2357 5247 2511 5319 quod
2546 5243 2782 5318 indigne
2814 5246 3018 5317 petunt
3047 5242 3298 5314 (Jacnv).
3326 5241 3461 5306 Sed,
3494 5245 3606 5297 Do-

1954 5336 2112 5392 mino
2146 5337 2407 5403 docente,
2442 5338 2712 5407 petamus
2736 5335 2985 5405 primum
3025 5346 3253 5405 regnum
3286 5330 3410 5395 Dei,
3450 5336 3503 5386 et
3517 5332 3609 5405 ju-

1953 5428 2166 5482 stitiam
2194 5428 2310 5498 ejus
2342 5424 2543 5495 (Matth.
2577 5422 2672 5495 vn).
2707 5422 2979 5478 Petamus
3029 5426 3085 5477 et
3133 5419 3385 5495 qualiter
3433 5418 3605 5476 debe-

1959 5533 2112 5583 mus,
2147 5515 2319 5570 corde
2348 5510 2570 5569 scilicet
2600 5517 2655 5568 et
2693 5528 2885 5584 opere,
2917 5516 2975 5567 et
3005 5526 3140 5568 cum
3182 5507 3417 5566 fiducia.
3448 5507 3607 5566 Unde

1957 5604 2210 5663 Jacobus
2235 5619 2248 5660 :
2274 5603 2339 5660 Si
2359 5603 2498 5677 quis,
2524 5600 2732 5673 inquit,
2760 5599 2970 5670 indiget
2994 5598 3296 5672 sapientia,
3313 5597 3607 5670 postuletra
