3988 6074
409 226 560 298 1691

1410 235 1814 300 ADDENDA.
1847 267 1926 282 --
1958 235 2360 301 RADULPHI
2402 237 2824 302 ARDENTIS.

3670 239 3835 304 ιδοε

407 367 654 436 Domino,
671 367 768 440 qui
793 365 889 425 dat
914 368 1164 426 omnibus
1183 369 1558 441 afﬂuenter,et
1580 387 1691 428 non
1713 372 2055 444 improperct,
2088 373 2143 440 Α
2175 369 2382 446 nisque
2413 371 2789 445 praecursoris
2818 371 3247 446 responsiones.
3299 371 3589 431 Noverant
3638 373 3833 448 siqui-

407 457 644 514 Postulet
667 466 848 514 autem
880 461 941 514 in
983 459 1089 530 ﬁde
1140 461 1288 515 nihil
1342 460 1624 527 hxsitans,
1657 462 1919 532 quoniam
1963 463 2058 534 qui

407 549 646 616 Msitat,
667 549 870 604 similis
898 558 976 605 est
1003 551 1200 620 ﬂuctui
1227 553 1422 617 maris,
1441 553 1536 622 qui
1569 569 1602 605 a
1632 559 1784 606 vento
1815 560 2059 607 movetur

406 644 459 693 et
483 638 870 710 circumfertur
900 640 1033 708 (Jac.
1067 644 1127 706 ι).
1164 644 1440 694 Petamus
1471 657 1722 712 quoque,
1758 640 2058 706 fratres,ea

407 725 727 783 intentione
787 744 905 799 qua
960 727 1261 795 debemus,
1295 727 1354 783 id
1403 733 1511 800 est,
1545 733 1812 801 petamus
1860 731 2058 785 omnia

405 821 643 888 propter
666 817 871 882 Deum,
906 820 960 871 et
991 816 1184 888 ipsum
1223 822 1400 873 Deum
1435 835 1549 874 non
1601 825 1834 891 propter
1873 819 2053 884 aliud,

407 905 508 960 sed
556 909 791 976 propter
836 905 1096 977 seipsum
1147 912 1417 977 petamus
1456 912 1513 962 et
1558 908 1894 981 diligamus.
1928 909 2058 980 Ipse

405 992 561 1049 enim
594 992 677 1049 eis
709 992 808 1065 qui
841 1011 955 1050 non
990 993 1244 1068 simplici
1274 995 1599 1053 intentione
1648 1015 1783 1053 eum
1835 1015 2057 1069 qurere-

403 1081 564 1148 bant,
599 1081 785 1137 fertur
816 1083 1190 1156 respondisse
1225 1102 1236 1139 :
1272 1086 1438 1140 Amen
1466 1085 1585 1142 dico
1616 1087 1780 1153 vobis,
1808 1088 2056 1158 quaeritis

402 1186 507 1236 me,
541 1172 674 1243 quia
702 1172 1021 1228 comedistis
1051 1173 1115 1230 de
1143 1175 1398 1244 panibus.
1449 1177 1778 1246 Operamini
1818 1192 1928 1231 non
1975 1178 2054 1232 ci-

405 1259 533 1314 bum
561 1261 659 1332 qui
700 1262 863 1330 perit,
913 1260 1005 1316 sed
1047 1263 1145 1333 qui
1185 1272 1469 1334 permanet
1491 1266 1551 1318 in
1580 1265 1751 1319 vitam
1797 1273 2057 1322 ceternam

400 1350 584 1416 (Joan.
617 1349 718 1420 vx).
747 1352 828 1404 Ac
859 1349 908 1405 si
938 1350 1154 1407 diceret
1185 1367 1199 1407 :
1234 1353 1360 1407 Non
1389 1357 1626 1425 prepter
1654 1371 1864 1425 panem
1907 1360 2053 1411 tem-

402 1436 662 1511 poralem
691 1453 783 1494 me
813 1439 1036 1495 debetis
1059 1458 1336 1513 querere,
1358 1443 1459 1498 sed
1483 1447 1718 1514 propter
1737 1442 2051 1516 meipsum,

402 1526 504 1600 qui
537 1543 672 1583 sum
701 1543 872 1584 verus
904 1529 1075 1601 panis
1102 1530 1325 1586 satians
1355 1530 1416 1586 in
1448 1535 1750 1588 aeternum.

473 1615 748 1688 Sequitur
777 1634 913 1689 pars
945 1623 1172 1691 quarta,
1205 1619 1265 1675 in
1299 1637 1415 1692 qua
1443 1620 1757 1694 Apostolus
1789 1626 1917 1678 orat
1948 1640 2052 1678 nos

401 1704 681 1761 custodiri
713 1705 774 1762 in
805 1724 946 1780 pace
974 1712 1031 1763 et
1059 1725 1093 1764 a
1123 1726 1279 1781 pace,
1305 1710 1505 1766 dicens
1540 1725 1553 1765 :
1585 1713 1650 1766 Et
1673 1729 1786 1783 pax
1813 1714 1909 1768 Det
1929 1727 2056 1784 qua?

399 1803 693 1866 exsuperat
733 1813 946 1852 omnem
999 1814 1219 1854 sensum
1261 1800 1528 1856 custodiat
1570 1801 1732 1856 corda
1783 1809 1958 1856 vestra
2004 1809 2056 1857 et

402 1884 796 1956 intelligentias
844 1893 1066 1943 vestras.
1100 1887 1250 1944 Dicit
1296 1893 1491 1945 autem
1544 1907 1654 1962 pax
1701 1889 1822 1957 Dei,
1854 1889 1912 1944 id
1944 1893 2054 1960 est,

400 1971 556 2029 Deus
587 1973 688 2046 qui
719 1978 807 2030 est
835 1992 967 2047 pax,
1019 1980 1076 2031 et
1123 1976 1389 2033 Christus
1435 1977 1535 2051 qui
1581 1986 1660 2034 est
1701 1996 1814 2051 pax
1850 1987 2053 2039 nostra.

400 2065 498 2134 qui
551 2064 682 2134 fecit
727 2071 957 2137 utraque
1007 2083 1179 2122 unum
1238 2068 1464 2139 (Ephes.
1511 2072 1596 2136 ιι).
1644 2067 1746 2123 Vel
1804 2067 2056 2140 Spiritus

402 2155 666 2223 sanctus,
699 2152 800 2224 qui
833 2158 922 2210 est
951 2156 1261 2212 concordia
1295 2155 1486 2212 Patris
1518 2161 1574 2211 et
1604 2156 1752 2212 Filii.
1789 2158 1914 2212 Haec
1945 2175 2056 2229 pax

400 2245 710 2314 exsuperat
738 2259 974 2299 omnem
1007 2261 1269 2309 sensum,
1295 2263 1410 2301 non
1443 2246 1636 2302 solum
1667 2246 1726 2301 in
1759 2264 1840 2314 se,
1875 2248 1975 2302 sed
1999 2253 2056 2304 et

399 2328 461 2384 in
491 2330 795 2386 creaturis.
814 2333 871 2388 Si
901 2333 1058 2389 enim
1082 2350 1192 2407 pax
1215 2333 1312 2390 Dei
1354 2335 1412 2390 in
1445 2334 1725 2392 creaturis
1747 2340 2057 2408 exsuperat

400 2434 637 2475 omnem
670 2427 1169 2494 sensum,quanto
1203 2423 1392 2496 magis
1420 2424 1477 2480 in
1509 2441 1570 2480 se
1598 2430 1906 2498 exsuperat
1928 2443 2053 2482 om-

402 2522 537 2562 nem
559 2509 841 2565 sensum?
871 2511 1016 2578 Quis
1037 2511 1194 2567 enim
1216 2529 1448 2580 sensus,
1465 2513 1673 2569 fratres
1695 2513 2050 2582 charissimi,

402 2597 899 2670 comprehendere
929 2604 1140 2672 potest,
1172 2604 1463 2673 quomodo
1498 2607 1746 2676 quatuor
1767 2603 2054 2660 elementa

399 2701 535 2742 cum
588 2685 708 2743 sint
754 2688 825 2742 ad
871 2687 1117 2746 invicem
1150 2693 1459 2766 contraria,
1488 2691 1547 2747 in
1583 2710 1759 2749 unam
1807 2710 2051 2750 connec-

397 2777 597 2831 tentur
653 2777 1072 2834 concordiam?
1112 2780 1254 2846 Quis
1303 2781 1793 2854 comprehendere
1862 2787 2054 2855 potest

399 2864 695 2936 quomodo
745 2865 1022 2922 contrarii
1072 2867 1349 2925 humores
1397 2869 1457 2924 in
1488 2869 1745 2937 homine,
1781 2870 1839 2926 in
1873 2888 2051 2927 unam

399 2952 780 3025 pacificantur
810 2954 1161 3013 sanitatem?
1191 2957 1297 3024 Qui
1330 2959 1817 3032 comprehendere
1864 2963 2054 3032 potest

397 3043 692 3114 quomodo
724 3045 1000 3102 contrarii
1035 3045 1163 3102 soni
1195 3047 1253 3102 in
1286 3047 1513 3103 cithara
1543 3048 1602 3103 in
1638 3065 1815 3104 unam
1846 3065 2050 3104 conve-

2169 461 2302 517 dem
2360 461 2568 530 Judaei,
2602 479 2670 517 ex
2716 461 2866 518 libro
2926 462 3200 529 Danielis,
3234 463 3548 519 adventum
3605 463 3828 521 Christi

2160 551 2288 622 jam
2329 550 2569 607 instare.
2603 550 2892 607 Videbant
2925 568 3158 624 quoque
3187 552 3473 608 Joannem
3497 554 3827 625 Baptistam

2167 640 2237 695 ab
2271 639 2476 711 angelo
2507 640 2986 711 praenuntiatum,
3020 640 3369 698 miraculose
3423 647 3654 709 natum,
3689 660 3827 699 san-

2166 729 2428 786 ctissime
2483 734 2911 798 conversatum,
2959 729 3359 802 pcenitentiam
3407 732 3825 803 praedicantem

2167 823 2223 873 et
2250 816 2664 890 baptizantem.
2699 819 2766 873 Et
2800 818 2929 874 ideo
2960 835 3097 873 eum
3124 835 3253 875 esse
3283 818 3584 876 Christum
3627 820 3823 892 suspi-

2165 907 2278 962 cati
2309 911 2468 962 sunt.
2521 907 2638 962 Hac
2685 907 2867 979 igitur
2911 908 2982 963 de
3027 925 3226 974 causa,
3253 907 3398 981 legis
3429 909 3706 965 doctores
3755 910 3820 964 ad

2165 995 2648 1068 interrogandum
2688 1011 2824 1051 eum
2872 995 3093 1067 legunt,
3129 1001 3188 1051 et
3242 1013 3397 1066 eum,
3447 1014 3521 1053 an
3566 997 3700 1070 ipse
3751 997 3823 1053 sit

2165 1083 2846 1157 Christus,interrogant.
2881 1089 2947 1140 In
2978 1102 3093 1158 quo
3145 1090 3304 1157 patet
3352 1085 3694 1142 Iudaeorum
3727 1105 3822 1141 cu-

2165 1173 2398 1228 riositas
2429 1172 2606 1228 simul
2634 1179 2691 1229 et
2722 1173 2954 1243 duritia,
2989 1175 3272 1246 quoniam
3301 1173 3520 1231 curiosi
3551 1180 3724 1230 erant
3754 1176 3820 1231 ad

2163 1262 2666 1336 interrogandum,
2699 1268 2757 1318 et
2789 1262 2918 1318 duri
2952 1264 3024 1319 ad
3064 1264 3445 1320 credendum.
3479 1264 3593 1319 Sed
3643 1281 3820 1336 quare

2162 1349 2619 1424 interrogabant,
2655 1351 2754 1424 qui
2805 1353 3040 1408 credere
3089 1352 3394 1422 nolebant;
3429 1352 3515 1409 vel
3546 1354 3651 1426 qui
3701 1370 3820 1410 cre-

2163 1440 2299 1496 dere
2355 1440 2648 1509 nolebant,
2683 1457 2788 1497 cur
2835 1441 3322 1515 interrogabant?
3349 1443 3605 1498 Joannes
3665 1443 3818 1499 enim

2163 1545 2262 1585 eos
2293 1547 2326 1584 a
2355 1547 2416 1586 se
2447 1533 2723 1597 removet,
2755 1534 2814 1588 et
2843 1530 2916 1586 ad
2939 1530 3239 1586 Christum
3271 1531 3475 1601 mittit,
3501 1535 3562 1587 et
3602 1532 3659 1588 ei
3709 1549 3819 1588 non

2164 1619 2566 1690 acquiescunt.
2595 1619 2660 1675 Et
2688 1623 2830 1692 puto
2862 1620 3019 1692 quod
3050 1620 3100 1675 si
3131 1620 3388 1676 Joannes
3417 1637 3479 1676 se
3509 1636 3642 1676 esse
3664 1619 3822 1676 Chri-

2087 1748 2133 1812 Β
2166 1712 2326 1763 stum
2357 1708 2594 1773 diceret,
2628 1725 2742 1764 non
2773 1709 3095 1780 crederent,
3131 1709 3232 1766 sed
3265 1710 3420 1782 quod
3470 1709 3705 1766 Christo
3745 1709 3821 1765 di-

2167 1801 2395 1865 xerunt,
2429 1796 2640 1852 dicturi
2672 1802 2839 1854 erant
2871 1814 2884 1852 :
2921 1799 2994 1854 Tu
3021 1799 3086 1853 de
3115 1799 3281 1870 teipso
3307 1799 3680 1854 testimonium
3705 1814 3821 1870 per-

2165 1885 2339 1954 hibes,
2373 1888 2744 1942 testimonium
2773 1894 2929 1942 tuum
2955 1903 3067 1942 non
3111 1895 3190 1943 est
3234 1903 3424 1944 verum
3463 1889 3640 1952 (Joan.
3676 1891 3818 1955 vm).

2166 1973 2448 2031 Similiter
2490 1975 2647 2031 enim
2697 1975 3138 2048 interrogabant
3185 1976 3478 2032 Christum
3512 1993 3525 2031 :
3561 1977 3626 2032 Si
3670 1977 3734 2031 lu
3768 1993 3818 2032 es

2167 2064 2432 2130 Christus,
2464 2063 2554 2119 dic
2580 2064 2736 2119 nobis
2759 2064 2949 2136 palam
2972 2065 3148 2136 (Joan.
3180 2064 3258 2135 x).
3293 2063 3516 2130 Quibus
3556 2065 3686 2136 ipse
3734 2064 3815 2119 di-

2164 2153 2331 2210 cebat
2363 2171 2375 2208 :
2411 2155 2620 2226 Loquor
2667 2155 2837 2221 vobis,
2887 2161 2939 2210 et
2983 2170 3092 2210 non
3141 2153 3359 2210 creditis
3405 2152 3563 2226 (ibid.
3571 2158 3616 2222 ).
3650 2152 3817 2210 Tales

2165 2247 2303 2298 sunt
2333 2242 2505 2298 hodie
2536 2241 2728 2310 multi,
2764 2243 2919 2298 unde
2950 2242 3268 2298 dolendum
3300 2242 3517 2315 est,qui
3540 2259 3578 2298 a
3599 2243 3816 2298 sanctis

2162 2329 2429 2386 Ecclesia
2461 2330 2823 2398 doctoribus,
2856 2331 3085 2388 curiose
3117 2331 3304 2386 multa
3348 2330 3682 2404 inquirunt,
3719 2332 3812 2387 sed

2163 2419 2235 2474 ad
2257 2419 2750 2490 acquieseendum
2773 2418 2906 2474 duri
2939 2423 3098 2474 sunt.
3122 2419 3237 2475 Nos
3268 2435 3502 2491 quoque
3523 2420 3810 2485 doctores,

2163 2508 2369 2564 fratres
2387 2509 2563 2580 (quod
2584 2508 2710 2564 sine
2731 2508 2954 2581 gemitu
2985 2509 3178 2564 dicere
3213 2511 3481 2581 nequeo),
3515 2508 3742 2564 Scribis
3763 2512 3813 2564 et

2162 2597 2469 2655 Pharisaeis
2499 2596 2720 2654 similes
2751 2597 3040 2668 videmus,
3074 2596 3175 2669 qui
3207 2598 3280 2653 ad
3321 2598 3808 2671 perscrutandum

2137 2685 2492 2759 'Scripturas
2525 2685 2740 2743 curiosi
2769 2703 2998 2756 sumus,
3023 2687 3096 2742 ad
3128 2686 3491 2760 operandam
3519 2704 3658 2743 vero
3684 2687 3807 2742 duri

2161 2781 2217 2831 et
2245 2776 2418 2832 tardi.
2448 2776 2559 2832 Sed
2592 2793 2717 2849 quae
2749 2773 2938 2844 nobis,
2974 2775 3207 2844 fratres,
3237 2775 3372 2832 inde
3420 2778 3510 2832 est
3560 2775 3807 2840 utilitas,

2162 2864 2275 2921 nisi
2308 2865 2461 2937 quod
2507 2865 2786 2922 Dominus
2835 2864 3006 2921 nobis
3045 2865 3462 2933 comminatur,
3493 2865 3652 2936 quod
3703 2882 3808 2921 scr-

2159 2970 2256 3009 vus
2285 2957 2459 3010 sciens
2490 2956 2822 3011 voluntatem
2857 2954 3090 3025 domini,
3118 2962 3172 3010 et
3218 2970 3329 3010 non
3373 2955 3609 3026 faciens,
3638 2954 3810 3026 plagis

2158 3044 2446 3116 vapulabit
2484 3046 2714 3102 multis?
2745 3045 2894 3114 (Luc.
2928 3046 3049 3112 xu).
3083 3044 3123 3098 E
3174 3042 3464 3099 contrario
3509 3058 3669 3108 vero,
3703 3043 3810 3098 fra-

398 3129 566 3188 niant
594 3135 1077 3191 consonantiam?
1108 3137 1173 3191 Et
1203 3140 1269 3191 ut
1297 3137 1367 3192 de
1397 3135 1727 3192 caalestibus
1768 3138 2050 3194 creaturis
2081 3119 2124 3186 (ἶ
2163 3135 2280 3188 tres
2328 3133 2682 3200 ChaPiSSimi,
2725 3131 3026 3204 1⁵881³0118ίο
3074 3131 3318 3189 Joannis
3371 3147 3658 3205 magnum
3717 3132 3814 3187 δεῖ

397 3220 624 3294 loquar,
657 3221 757 3294 qui
788 3240 997 3281 sensus
1027 3225 1517 3297 comprehendere
1536 3231 1726 3298 potest
1756 3227 2048 3298 quomodo

399 3311 640 3382 superni
672 3309 913 3383 spiritus
945 3317 1004 3368 et
1034 3313 1244 3380 sancti,
1273 3330 1407 3369 cum
1441 3313 1558 3368 sint
1588 3314 1646 3368 in
1677 3315 1861 3387 gradu
1901 3321 1958 3370 et
1987 3315 2046 3370 in

398 3399 607 3456 merito
639 3400 925 3473 dispares,
961 3406 1018 3458 et
1045 3401 1104 3457 in
1136 3401 1323 3475 gloria
1374 3402 1431 3458 in
1482 3403 1658 3458 unius
1704 3405 1926 3475 gaudii,
1957 3421 2050 3459 vo-

397 3486 643 3544 luntatis
675 3493 731 3544 et
760 3490 978 3547 amoris
1009 3496 1332 3547 consonent
1363 3491 1687 3547 unitatem?
1717 3492 1782 3548 Et
1827 3493 1876 3549 si
1926 3492 2046 3559 illa,

399 3575 608 3632 fratres
657 3576 1012 3648 charissimi,
1044 3597 1156 3652 pax
1209 3579 1305 3636 Dei
1355 3579 1416 3634 in
1475 3581 1756 3636 creaturis
1813 3597 2048 3637 omnem

399 3679 641 3722 sensum
674 3672 1000 3739 exsuperat,
1027 3673 1248 3741 quanto
1283 3668 1471 3742 magis
1500 3668 1560 3724 in
1591 3669 1785 3742 seipsa
1813 3687 2050 3726 omnem

398 3769 640 3810 sensum
670 3758 727 3810 et
757 3771 992 3812 omnem
1035 3755 1488 3830 intelligentiam
1539 3757 1884 3830 exsuperat?
1915 3758 2048 3822 Quaa

399 3840 556 3898 enim
590 3841 973 3917 intelligentia
1001 3844 1350 3919 investigare
1366 3846 1578 3918 poterit
1594 3863 1794 3919 pacem
1833 3852 1891 3902 et
1920 3864 2051 3903 con-

399 3929 658 3988 cordiam
697 3931 1021 4002 Trinitatis,
1045 3936 1338 4006 quomodo
1370 3933 1592 3991 scilicet
1620 3953 1753 3991 eum
1786 3935 1905 3992 sint
1933 3941 2050 3992 tres

398 4018 460 4076 in
493 4020 777 4093 personis,
807 4021 868 4079 in
898 4039 1079 4079 unam
1111 4024 1395 4080 uniantur
1425 4024 1763 4093 essentiam,
1792 4024 2053 4080 volunta-

398 4112 518 4164 tem
548 4113 606 4166 et
636 4111 1022 4183 majestatem.
1061 4113 1186 4170 Hac
1217 4112 1398 4187 igitur
1422 4130 1539 4186 pax
1565 4115 1683 4180 Dei,
1701 4113 1894 4186 inquit
1908 4116 2055 4186 Apo-

400 4195 610 4265 stolus,
633 4214 760 4270 quae
778 4210 1067 4273 exsuperat
1084 4219 1297 4258 omnem
1328 4219 1570 4269 sensum,
1595 4204 1862 4259 custodiat
1889 4203 2054 4260 corda

398 4295 598 4352 vestra,
613 4291 680 4342 ut
707 4287 929 4345 scilicet
953 4289 1100 4346 bene
1121 4290 1318 4358 velint,
1332 4299 1385 4347 et
1411 4293 1805 4360 intelligentias
1823 4301 2048 4361 vestras,

401 4379 466 4430 ut
497 4376 603 4431 rite
631 4374 981 4451 intelligant.
1017 4378 1265 4436 Oremus
1311 4384 1367 4436 et
1415 4397 1544 4450 nos,
1577 4382 1805 4450 fratres,
1839 4387 1904 4437 ut
1941 4399 2053 4454 pax

399 4463 503 4521 Dei
525 4480 652 4536 quae
683 4471 992 4538 exsuperat
1015 4483 1251 4524 omnem
1285 4469 1858 4537 sensum,custodiat
1878 4471 2052 4525 corda
2081 4491 2129 4556 Β

401 4556 621 4620 nostra,
657 4557 723 4609 ut
754 4571 957 4626 pacem
987 4573 1126 4629 erga
1153 4573 1288 4613 eum
1335 4557 1656 4613 habeamus
1687 4558 1738 4613 ei
1787 4559 2055 4615 obedien-

400 4641 496 4708 do,
531 4658 735 4714 pacem
782 4660 920 4717 erga
970 4661 1099 4714 nos,
1125 4645 1298 4701 noxia
1345 4646 1620 4713 cavendo,
1656 4663 1857 4719 pacem
1915 4664 2054 4722 erga

400 4730 698 4803 proximos
727 4736 1084 4799 nostros,eos
1105 4733 1621 4808 diligendo.Quam
1654 4751 1857 4807 pacem
1885 4736 2053 4793 nobis

399 4816 600 4892 largiri
631 4819 904 4895 dignetur
931 4839 1044 4896 pax
1070 4827 1270 4880 nostra
1290 4829 1440 4880 Deus
1471 4828 1529 4879 et
1548 4823 1831 4880 Dominus
1855 4830 2054 4882 noster

397 4907 572 4964 Jesus
621 4908 890 4968 Christus
934 4911 1035 4984 qui
1077 4928 1214 4968 cum
1266 4913 1430 4969 Patre
1475 4916 1534 4968 et
1585 4911 1806 4985 Spiritu
1850 4919 2050 4970 sancto

399 4995 542 5051 vivit
570 5001 629 5054 ct
659 5004 865 5071 regnat
894 5000 1066 5057 Deus.
1097 5002 1303 5057 Amen.

983 5107 1291 5165 HOMILIA
1327 5107 1479 5165 VIII.

794 5192 1070 5235 DOMINICA
1108 5196 1328 5242 QUARTA
1364 5195 1668 5236 ADVENTUS.
1890 5244 1913 5262 δ

472 5261 734 5319 Miser-unt
759 5265 944 5324 Iudici
971 5269 1038 5322 ab
1065 5270 1416 5341 Jerosolymis
1444 5269 1740 5326 sacerdotes
1778 5277 1829 5327 et
1867 5261 2054 5328 levitas

403 5351 473 5408 ad
521 5355 804 5425 Joannem,
858 5365 919 5412 ut
965 5359 1365 5429 interrogarent
1429 5375 1556 5416 eum
1589 5375 1602 5415 :
1641 5361 1713 5415 Tu
1769 5362 1896 5432 quis
1949 5377 2004 5417 es
2027 5365 2053 5416 .9

404 5442 580 5513 (Joan.
615 5447 714 5512 vn),
748 5451 857 5500 etc.
893 5445 1019 5502 Haec
1049 5446 1238 5514 lectio,
1274 5449 1480 5504 fratres
1527 5447 1880 5517 charissimi,
1915 5466 2051 5505 con-

403 5528 551 5591 tinet
581 5530 912 5593 alternatim
954 5535 1292 5594 Judaeorum
1338 5536 1842 5610 interrogationes,
1875 5537 2050 5596 Joan-

2158 3221 2327 3277 nobis
2356 3222 2491 3277 fidei
2519 3227 2575 3278 et
2603 3221 2958 3278 humilitatis
2990 3221 3440 3290 documentum;
3476 3220 3632 3288 fidei,
3675 3237 3809 3277 cum

2157 3310 2217 3364 in
2269 3326 2384 3380 quo
2433 3310 2601 3366 nobis
2651 3310 3004 3366 credendum
3055 3313 3112 3364 et
3156 3309 3515 3381 sperandum
3569 3309 3669 3380 sit,
3702 3314 3808 3365 Do-

2158 3398 2388 3454 minum
2441 3404 2707 3455 nostrum
2757 3399 2984 3464 Jcsum,
3015 3397 3114 3471 qui
3146 3397 3307 3454 solus
3351 3414 3480 3454 vere
3527 3397 3803 3470 baptizat,

2157 3487 2447 3561 proponit,
2481 3489 2652 3559 cujus
2681 3492 2738 3545 et
2767 3505 2828 3544 se
2875 3504 3074 3544 vocem
3123 3504 3253 3544 esse
3303 3491 3726 3544 commemorat
3753 3491 3805 3542 et

2157 3592 2504 3650 praeconem.
2567 3575 2944 3646 Humilitatis,
2978 3593 3112 3632 cum
3170 3575 3473 3633 humiliter
3525 3577 3599 3632 de
3646 3593 3710 3632 se
3749 3576 3802 3631 in

2159 3665 2435 3722 omnibus
2467 3666 2647 3722 sentit
2676 3669 2733 3722 et
2753 3665 3086 3738 respondet.
3116 3665 3179 3721 In
3224 3681 3361 3737 quo,
3387 3665 3625 3732 fratres;
3659 3663 3810 3721 solli-

2157 3753 2268 3810 cite
2300 3771 2542 3826 pensare
2574 3755 2876 3823 debemus,
2900 3755 3192 3827 quomodo
3221 3753 3430 3822 sancti,
3461 3769 3599 3809 cum
3651 3759 3808 3810 tanta

2159 3842 2390 3899 radiant
2444 3844 2730 3899 virtutum
2787 3843 3145 3913 excellentia,
3181 3843 3252 3900 de
3302 3843 3428 3900 sola
3475 3840 3810 3899 humilitate

2159 3931 2502 4005 gloriantur.
2523 3932 2722 3989 Sciunt
2753 3933 2970 4006 quippe
3002 3934 3157 4004 quod
3190 3931 3495 3989 aedificatio
3525 3930 3810 3988 virtutum

2159 4021 2287 4078 sine
2316 4021 2646 4078 humilitate
2675 4021 2848 4078 ruina
2877 4026 2986 4078 est.
3022 4021 3186 4078 Sicut
3214 4021 3372 4077 enim
3400 4019 3682 4094 superbia
3727 4024 3817 4076 est

2160 4110 2332 4166 ruina
2361 4111 2627 4166 omnium
2657 4110 3049 4177 virtutum,ita
3079 4115 3137 4166 et
3165 4109 3468 4166 humilitas
3497 4113 3591 4166 est
3611 4125 3817 4165 earum

2160 4198 2632 4256 fundamentum.
2668 4199 2956 4272 Superbia
2999 4199 3256 4272 primum
3307 4197 3581 4272 angelum
3612 4203 3669 4254 et
3698 4198 3820 4270 pri-

2161 4305 2326 4345 mum
2355 4288 2655 4346 hominem
2688 4288 2759 4344 ab
2790 4287 2906 4344 alto
2940 4287 3322 4360 praecipitavit
3352 4287 3410 4343 in
3443 4287 3658 4343 imum.
3690 4287 3819 4343 Hu-

2161 4376 2383 4434 militas
2413 4377 2711 4450 quoslibet
2741 4376 3008 4433 inﬁrmos
3041 4381 3270 4433 revocat
3299 4377 3372 4432 ad
3404 4375 3638 4432 caelum.
3666 4377 3822 4433 Sane

2159 4470 2390 4522 tantum
2422 4467 2645 4523 bonum
2678 4470 2769 4522 est
2797 4465 3121 4534 humilitas,
3154 4465 3310 4537 quod
3342 4464 3551 4522 melior
3569 4469 3660 4520 est
3685 4466 3820 4538 qui-

2161 4554 2303 4611 libet
2327 4559 2594 4628 peceator
2623 4571 2759 4612 cum
2788 4553 3329 4626 humilitate,quam
3352 4553 3600 4626 quilibet
3613 4553 3822 4625 justus

2161 4661 2296 4701 cum
2345 4643 2698 4718 arrogantia.
2728 4643 2876 4700 Nam
2919 4643 3226 4699 humilitas
3279 4642 3518 4715 corrigit
3555 4648 3822 4715 peccato-

2161 4751 2304 4803 rem,
2338 4733 2614 4808 superbia
2636 4749 2770 4789 vero
2802 4733 3046 4788 damnat
3068 4732 3324 4804 justum.
3359 4733 3501 4787 llinc
3531 4735 3622 4787 est
3660 4733 3819 4804 quod

2161 4824 2495 4896 redemptor
2523 4826 2720 4878 noster
2740 4820 3003 4894 exemplo
3033 4824 3089 4877 et
3117 4821 3293 4878 verbo
3318 4819 3627 4894 proposuit
3647 4821 3822 4878 nobis

2158 4912 2313 4969 viam
2343 4910 2720 4979 humilitatis,
2742 4928 2844 4984 per
2873 4927 3052 4983 quam
3097 4910 3170 4966 ad
3219 4909 3434 4966 caelum
3485 4909 3827 4968 ascendere-

2160 5018 2313 5069 mus,
2348 5001 2447 5072 qui
2480 5017 2583 5073 per
2611 4998 2948 5073 superbiam
2979 4998 3130 5072 lapsi
3163 5015 3403 5056 eramus
3436 5015 3450 5054 :
3482 5000 3711 5065 Discite,
3735 4999 3824 5056 in-

2162 5090 2308 5163 quit,
2328 5107 2362 5146 a
2389 5106 2493 5158 me,
2513 5090 2645 5162 quia
2672 5091 2822 5145 mitis
2851 5104 2974 5144 sum
3001 5097 3052 5144 et
3069 5088 3296 5144 humilis
3314 5087 3472 5145 corde
3495 5087 3821 5160 (Matthxi).

2161 5181 2200 5235 Α
2234 5196 2348 5250 quo
2396 5179 2568 5234 beata
2623 5177 2810 5235 Mater
2854 5181 2910 5232 et
2958 5176 3133 5250 Virgo
3163 5176 3387 5245 edocta,
3421 5175 3821 5250 virginitatem

2160 5273 2516 5339 caeterasque
2542 5265 2807 5333 virtutes,
2841 5265 3058 5338 quibus
3097 5264 3637 5338 incomparabiliter
3673 5283 3821 5339 prc-

2161 5354 2785 5430 fulgebat,dissimulat
2800 5357 2856 5410 et
2873 5353 3024 5411 hanc
3042 5353 3229 5411 solam
3251 5354 3603 5411 conﬁtentur
3628 5371 3642 5410 :
3669 5358 3824 5428 Quia

2160 5448 2417 5519 respexit,
2449 5442 2659 5516 inquit,
2710 5443 3084 5500 humilitatem
3139 5443 3367 5501 ancilla
3411 5457 3532 5502 suae
3569 5443 3724 5515 (Luc.
3758 5445 3822 5516 ι).

2161 5536 2339 5595 David
2370 5550 2605 5609 quoque
2633 5532 2720 5590 vir
2750 5531 3074 5592 secundum
3117 5549 3218 5594 cor
3264 5532 3520 5603 Domini,
3564 5548 3705 5590 cum
3749 5534 3823 5590 ab
