  <div class='ocr_page' id='page_1' title='image "/cluster/home/n/w/nwhite01/storage/ocr_20150623/155/hvd.32044054760137/853.png"; bbox 0 0 3988 6074; ppageno 0'>
   <div class='ocr_carea' id='block_1_1' title="bbox 419 355 574 416">
    <p class='ocr_par' dir='ltr' id='par_1_1' title="bbox 419 355 574 416">
     <span class='ocr_line' id='line_1_1' title="bbox 419 355 574 416; baseline -0.006 0"><span class='ocrx_word' id='word_1_1' title='bbox 419 358 444 416; x_wconf 68' lang='grc' dir='ltr'><strong>Ι</strong></span> <span class='ocrx_word' id='word_1_2' title='bbox 457 355 574 416; x_wconf 82' lang='grc'>699</span> 
     </span>
    </p>
   </div>
   <div class='ocr_carea' id='block_1_2' title="bbox 1419 351 2818 416">
    <p class='ocr_par' dir='ltr' id='par_1_2' title="bbox 1419 351 2818 416">
     <span class='ocr_line' id='line_1_2' title="bbox 1419 351 2818 416; baseline -0.001 -2"><span class='ocrx_word' id='word_1_3' title='bbox 1419 351 1814 414; x_wconf 79' lang='lat' dir='ltr'>ADDENDA.</span> <span class='ocrx_word' id='word_1_4' title='bbox 1850 383 1923 395; x_wconf 94' lang='lat'><strong>—</strong></span> <span class='ocrx_word' id='word_1_5' title='bbox 1960 351 2358 416; x_wconf 79' lang='lat' dir='ltr'>RADULPHI</span> <span class='ocrx_word' id='word_1_6' title='bbox 2402 352 2818 415; x_wconf 77' lang='lat' dir='ltr'>ARDENTIS.</span> 
     </span>
    </p>
   </div>
   <div class='ocr_carea' id='block_1_3' title="bbox 3661 355 3824 416">
    <p class='ocr_par' dir='ltr' id='par_1_3' title="bbox 3661 355 3824 416">
     <span class='ocr_line' id='line_1_3' title="bbox 3661 355 3824 416; baseline 0.006 -2"><span class='ocrx_word' id='word_1_7' title='bbox 3661 355 3824 416; x_wconf 72' lang='grc'>1700</span> 
     </span>
    </p>
   </div>
   <div class='ocr_carea' id='block_1_4' title="bbox 416 482 3825 560">
    <p class='ocr_par' dir='ltr' id='par_1_4' title="bbox 416 482 3825 560">
     <span class='ocr_line' id='line_1_4' title="bbox 416 482 3825 560; baseline -0 -15"><span class='ocrx_word' id='word_1_8' title='bbox 416 493 474 545; x_wconf 88' lang='lat' dir='ltr'>et</span> <span class='ocrx_word' id='word_1_9' title='bbox 495 503 711 556; x_wconf 81' lang='lat' dir='ltr'>aspera</span> <span class='ocrx_word' id='word_1_10' title='bbox 741 501 953 560; x_wconf 84' lang='lat' dir='ltr'>passus</span> <span class='ocrx_word' id='word_1_11' title='bbox 983 489 1073 541; x_wconf 91' lang='lat' dir='ltr'>est</span> <span class='ocrx_word' id='word_1_12' title='bbox 1101 501 1204 558; x_wconf 89' lang='lat' dir='ltr'>pro</span> <span class='ocrx_word' id='word_1_13' title='bbox 1219 483 1884 557; x_wconf 86' lang='lat' dir='ltr'>nobis.Diligamuseum</span> <span class='ocrx_word' id='word_1_14' title='bbox 1907 483 2064 556; x_wconf 46' lang='lat' dir='ltr'>plusp</span> <span class='ocrx_word' id='word_1_15' title='bbox 2090 485 2146 552; x_wconf 84' lang='grc' dir='ltr'><strong>Α</strong></span> <span class='ocrx_word' id='word_1_16' title='bbox 2175 482 3825 558; x_wconf 70' lang='lat' dir='ltr'>illiquiimmeritisnobismalaintulitmisereriMaxima</span> 
     </span>
    </p>
   </div>
   <div class='ocr_carea' id='block_1_5' title="bbox 417 572 2058 649">
    <p class='ocr_par' dir='ltr' id='par_1_5' title="bbox 417 572 2058 649">
     <span class='ocr_line' id='line_1_5' title="bbox 417 572 2058 649; baseline -0.001 -17"><span class='ocrx_word' id='word_1_17' title='bbox 417 594 594 649; x_wconf 82' lang='lat' dir='ltr'>quam</span> <span class='ocrx_word' id='word_1_18' title='bbox 630 592 737 631; x_wconf 88' lang='lat' dir='ltr'>nos</span> <span class='ocrx_word' id='word_1_19' title='bbox 767 573 867 647; x_wconf 89' lang='lat' dir='ltr'>qui</span> <span class='ocrx_word' id='word_1_20' title='bbox 897 572 1164 630; x_wconf 89' lang='lat' dir='ltr'>tantillus</span> <span class='ocrx_word' id='word_1_21' title='bbox 1195 573 1380 629; x_wconf 80' lang='lat' dir='ltr'>factus</span> <span class='ocrx_word' id='word_1_22' title='bbox 1411 577 1502 628; x_wconf 91' lang='lat' dir='ltr'>est</span> <span class='ocrx_word' id='word_1_23' title='bbox 1522 578 1758 646; x_wconf 80' lang='lat' dir='ltr'>propter</span> <span class='ocrx_word' id='word_1_24' title='bbox 1787 575 2058 646; x_wconf 87' lang='lat' dir='ltr'>nos.Ejus</span> 
     </span>
    </p>
   </div>
   <div class='ocr_carea' id='block_1_6' title="bbox 415 662 2058 736">
    <p class='ocr_par' dir='ltr' id='par_1_6' title="bbox 415 662 2058 736">
     <span class='ocr_line' id='line_1_6' title="bbox 415 662 2058 736; baseline -0.001 -15"><span class='ocrx_word' id='word_1_25' title='bbox 415 671 688 722; x_wconf 87' lang='lat' dir='ltr'>sanctum</span> <span class='ocrx_word' id='word_1_26' title='bbox 720 680 954 733; x_wconf 88' lang='lat' dir='ltr'>nomen,</span> <span class='ocrx_word' id='word_1_27' title='bbox 986 664 1112 734; x_wconf 76' lang='lat' dir='ltr'>ejus</span> <span class='ocrx_word' id='word_1_28' title='bbox 1145 667 1345 718; x_wconf 89' lang='lat' dir='ltr'>sancta</span> <span class='ocrx_word' id='word_1_29' title='bbox 1372 662 1547 718; x_wconf 88' lang='lat' dir='ltr'>verba</span> <span class='ocrx_word' id='word_1_30' title='bbox 1572 667 1628 718; x_wconf 90' lang='lat' dir='ltr'>et</span> <span class='ocrx_word' id='word_1_31' title='bbox 1657 663 1919 736; x_wconf 82' lang='lat' dir='ltr'>exempla</span> <span class='ocrx_word' id='word_1_32' title='bbox 1941 667 2058 720; x_wconf 90' lang='lat' dir='ltr'>toto</span> 
     </span>
    </p>
   </div>
   <div class='ocr_carea' id='block_1_7' title="bbox 413 751 2056 826">
    <p class='ocr_par' dir='ltr' id='par_1_7' title="bbox 413 751 2056 826">
     <span class='ocr_line' id='line_1_7' title="bbox 413 751 2056 826; baseline -0.002 -14"><span class='ocrx_word' id='word_1_33' title='bbox 413 753 706 812; x_wconf 90' lang='lat' dir='ltr'>desiderio</span> <span class='ocrx_word' id='word_1_34' title='bbox 737 752 1056 826; x_wconf 85' lang='lat' dir='ltr'>diligamus</span> <span class='ocrx_word' id='word_1_35' title='bbox 1081 756 1138 807; x_wconf 90' lang='lat' dir='ltr'>et</span> <span class='ocrx_word' id='word_1_36' title='bbox 1167 751 1490 807; x_wconf 84' lang='lat' dir='ltr'>imitemur.</span> <span class='ocrx_word' id='word_1_37' title='bbox 1522 752 1663 822; x_wconf 85' lang='lat' dir='ltr'>Ejus</span> <span class='ocrx_word' id='word_1_38' title='bbox 1704 752 1969 808; x_wconf 88' lang='lat' dir='ltr'>natalitia</span> <span class='ocrx_word' id='word_1_39' title='bbox 1997 753 2056 808; x_wconf 90' lang='lat' dir='ltr'>in</span> 
     </span>
    </p>
   </div>
   <div class='ocr_carea' id='block_1_8' title="bbox 411 840 2056 916">
    <p class='ocr_par' dir='ltr' id='par_1_8' title="bbox 411 840 2056 916">
     <span class='ocr_line' id='line_1_8' title="bbox 411 840 2056 916; baseline -0.001 -16"><span class='ocrx_word' id='word_1_40' title='bbox 411 843 626 916; x_wconf 84' lang='lat' dir='ltr'>gaudio</span> <span class='ocrx_word' id='word_1_41' title='bbox 660 841 1042 908; x_wconf 87' lang='lat' dir='ltr'>celebremus,</span> <span class='ocrx_word' id='word_1_42' title='bbox 1080 840 1140 895; x_wconf 91' lang='lat' dir='ltr'>in</span> <span class='ocrx_word' id='word_1_43' title='bbox 1186 840 1399 913; x_wconf 89' lang='lat' dir='ltr'>gaudio</span> <span class='ocrx_word' id='word_1_44' title='bbox 1449 855 1563 895; x_wconf 91' lang='lat' dir='ltr'>non</span> <span class='ocrx_word' id='word_1_45' title='bbox 1595 840 1922 912; x_wconf 80' lang='lat' dir='ltr'>temporali,</span> <span class='ocrx_word' id='word_1_46' title='bbox 1956 843 2056 898; x_wconf 91' lang='lat' dir='ltr'>sed</span> 
     </span>
    </p>
   </div>
   <div class='ocr_carea' id='block_1_9' title="bbox 413 928 2056 1004">
    <p class='ocr_par' dir='ltr' id='par_1_9' title="bbox 413 928 2056 1004">
     <span class='ocr_line' id='line_1_9' title="bbox 413 928 2056 1004; baseline -0.002 -16"><span class='ocrx_word' id='word_1_47' title='bbox 413 931 724 1004; x_wconf 83' lang='lat' dir='ltr'>spirituali,</span> <span class='ocrx_word' id='word_1_48' title='bbox 760 947 875 986; x_wconf 90' lang='lat' dir='ltr'>non</span> <span class='ocrx_word' id='word_1_49' title='bbox 907 929 967 984; x_wconf 88' lang='lat' dir='ltr'>in</span> <span class='ocrx_word' id='word_1_50' title='bbox 997 929 1396 996; x_wconf 85' lang='lat' dir='ltr'>ebrietate,sed</span> <span class='ocrx_word' id='word_1_51' title='bbox 1429 928 1488 983; x_wconf 92' lang='lat' dir='ltr'>in</span> <span class='ocrx_word' id='word_1_52' title='bbox 1522 928 1974 1000; x_wconf 87' lang='lat' dir='ltr'>sobrietate,non</span> <span class='ocrx_word' id='word_1_53' title='bbox 1998 930 2056 984; x_wconf 92' lang='lat' dir='ltr'>in</span> 
     </span>
    </p>
   </div>
   <div class='ocr_carea' id='block_1_10' title="bbox 412 1017 2052 1088">
    <p class='ocr_par' dir='ltr' id='par_1_10' title="bbox 412 1017 2052 1088">
     <span class='ocr_line' id='line_1_10' title="bbox 412 1017 2052 1088; baseline 0.001 -13"><span class='ocrx_word' id='word_1_54' title='bbox 412 1017 1022 1088; x_wconf 86' lang='lat' dir='ltr'>commessationibus,</span> <span class='ocrx_word' id='word_1_55' title='bbox 1058 1018 1159 1073; x_wconf 83' lang='lat' dir='ltr'>sed</span> <span class='ocrx_word' id='word_1_56' title='bbox 1201 1017 1261 1073; x_wconf 84' lang='lat' dir='ltr'>in</span> <span class='ocrx_word' id='word_1_57' title='bbox 1310 1017 1837 1074; x_wconf 88' lang='lat' dir='ltr'>communitatibus</span> <span class='ocrx_word' id='word_1_58' title='bbox 1881 1021 2052 1087; x_wconf 81' lang='lat' dir='ltr'>(Rom.</span> 
     </span>
    </p>
   </div>
   <div class='ocr_carea' id='block_1_11' title="bbox 409 1106 2050 1182">
    <p class='ocr_par' dir='ltr' id='par_1_11' title="bbox 409 1106 2050 1182">
     <span class='ocr_line' id='line_1_11' title="bbox 409 1106 2050 1182; baseline -0.001 -17"><span class='ocrx_word' id='word_1_59' title='bbox 409 1109 552 1182; x_wconf 85' lang='lat' dir='ltr'>xm).</span> <span class='ocrx_word' id='word_1_60' title='bbox 581 1109 640 1164; x_wconf 90' lang='lat' dir='ltr'>Si</span> <span class='ocrx_word' id='word_1_61' title='bbox 657 1108 821 1165; x_wconf 91' lang='lat' dir='ltr'>novis</span> <span class='ocrx_word' id='word_1_62' title='bbox 847 1112 905 1164; x_wconf 91' lang='lat' dir='ltr'>et</span> <span class='ocrx_word' id='word_1_63' title='bbox 925 1106 1250 1180; x_wconf 82' lang='lat' dir='ltr'>splendidis</span> <span class='ocrx_word' id='word_1_64' title='bbox 1277 1107 1450 1163; x_wconf 86' lang='lat' dir='ltr'>hodie</span> <span class='ocrx_word' id='word_1_65' title='bbox 1471 1108 1734 1168; x_wconf 86' lang='lat' dir='ltr'>vestibus</span> <span class='ocrx_word' id='word_1_66' title='bbox 1751 1107 2050 1177; x_wconf 89' lang='lat' dir='ltr'>vestimur,</span> 
     </span>
    </p>
   </div>
   <div class='ocr_carea' id='block_1_12' title="bbox 410 1196 2054 1269">
    <p class='ocr_par' dir='ltr' id='par_1_12' title="bbox 410 1196 2054 1269">
     <span class='ocr_line' id='line_1_12' title="bbox 410 1196 2054 1269; baseline -0.001 -14"><span class='ocrx_word' id='word_1_67' title='bbox 410 1215 526 1255; x_wconf 88' lang='lat' dir='ltr'>non</span> <span class='ocrx_word' id='word_1_68' title='bbox 546 1198 622 1254; x_wconf 91' lang='lat' dir='ltr'>sit</span> <span class='ocrx_word' id='word_1_69' title='bbox 637 1198 709 1254; x_wconf 90' lang='lat' dir='ltr'>ad</span> <span class='ocrx_word' id='word_1_70' title='bbox 718 1196 1087 1269; x_wconf 83' lang='lat' dir='ltr'>jactantiam,</span> <span class='ocrx_word' id='word_1_71' title='bbox 1113 1196 1213 1252; x_wconf 90' lang='lat' dir='ltr'>sed</span> <span class='ocrx_word' id='word_1_72' title='bbox 1238 1197 1308 1251; x_wconf 88' lang='lat' dir='ltr'>ad</span> <span class='ocrx_word' id='word_1_73' title='bbox 1327 1197 1476 1268; x_wconf 87' lang='lat' dir='ltr'>ejus,</span> <span class='ocrx_word' id='word_1_74' title='bbox 1495 1196 1665 1266; x_wconf 87' lang='lat' dir='ltr'>cujus</span> <span class='ocrx_word' id='word_1_75' title='bbox 1686 1196 1886 1252; x_wconf 80' lang='lat' dir='ltr'>Natale</span> <span class='ocrx_word' id='word_1_76' title='bbox 1901 1197 2054 1254; x_wconf 90' lang='lat' dir='ltr'>cele-</span> 
     </span>
    </p>
   </div>
   <div class='ocr_carea' id='block_1_13' title="bbox 409 1285 2051 1356">
    <p class='ocr_par' dir='ltr' id='par_1_13' title="bbox 409 1285 2051 1356">
     <span class='ocr_line' id='line_1_13' title="bbox 409 1285 2051 1356; baseline -0.001 -12"><span class='ocrx_word' id='word_1_77' title='bbox 409 1287 980 1356; x_wconf 72' lang='lat' dir='ltr'>bramus,honorem,</span> <span class='ocrx_word' id='word_1_78' title='bbox 999 1285 1100 1350; x_wconf 88' lang='lat' dir='ltr'>ita,</span> <span class='ocrx_word' id='word_1_79' title='bbox 1117 1285 1345 1352; x_wconf 86' lang='lat' dir='ltr'>fratres,</span> <span class='ocrx_word' id='word_1_80' title='bbox 1371 1285 1665 1351; x_wconf 90' lang='lat' dir='ltr'>utnudus,</span> <span class='ocrx_word' id='word_1_81' title='bbox 1691 1286 1924 1342; x_wconf 84' lang='lat' dir='ltr'>etsinon</span> <span class='ocrx_word' id='word_1_82' title='bbox 1950 1303 2051 1343; x_wconf 75' lang='grc' dir='ltr'><strong><em>ηο-</em></strong></span> 
     </span>
    </p>
   </div>
   <div class='ocr_carea' id='block_1_14' title="bbox 407 1373 2053 1448">
    <p class='ocr_par' dir='ltr' id='par_1_14' title="bbox 407 1373 2053 1448">
     <span class='ocr_line' id='line_1_14' title="bbox 407 1373 2053 1448; baseline 0 -16"><span class='ocrx_word' id='word_1_83' title='bbox 407 1394 565 1445; x_wconf 84' lang='lat' dir='ltr'>vam,</span> <span class='ocrx_word' id='word_1_84' title='bbox 585 1375 796 1433; x_wconf 72' lang='lat' dir='ltr'>saltem</span> <span class='ocrx_word' id='word_1_85' title='bbox 813 1373 904 1432; x_wconf 83' lang='lat' dir='ltr'>vel</span> <span class='ocrx_word' id='word_1_86' title='bbox 923 1379 1172 1430; x_wconf 76' lang='lat' dir='ltr'>veterem</span> <span class='ocrx_word' id='word_1_87' title='bbox 1200 1373 1446 1445; x_wconf 87' lang='lat' dir='ltr'>accipiat</span> <span class='ocrx_word' id='word_1_88' title='bbox 1468 1378 1708 1430; x_wconf 88' lang='lat' dir='ltr'>vestem.</span> <span class='ocrx_word' id='word_1_89' title='bbox 1733 1375 1791 1431; x_wconf 94' lang='lat' dir='ltr'>Si</span> <span class='ocrx_word' id='word_1_90' title='bbox 1819 1392 2053 1448; x_wconf 90' lang='lat' dir='ltr'>quoque</span> 
     </span>
    </p>
   </div>
   <div class='ocr_carea' id='block_1_15' title="bbox 407 1461 2050 1539">
    <p class='ocr_par' dir='ltr' id='par_1_15' title="bbox 407 1461 2050 1539">
     <span class='ocr_line' id='line_1_15' title="bbox 407 1461 2050 1539; baseline -0.001 -18"><span class='ocrx_word' id='word_1_91' title='bbox 407 1465 651 1539; x_wconf 81' lang='lat' dir='ltr'>largius,</span> <span class='ocrx_word' id='word_1_92' title='bbox 671 1464 721 1519; x_wconf 88' lang='lat' dir='ltr'>si</span> <span class='ocrx_word' id='word_1_93' title='bbox 737 1462 1082 1537; x_wconf 84' lang='lat' dir='ltr'>splendidus</span> <span class='ocrx_word' id='word_1_94' title='bbox 1093 1461 1503 1519; x_wconf 85' lang='lat' dir='ltr'>hodiecibaria</span> <span class='ocrx_word' id='word_1_95' title='bbox 1515 1479 1918 1536; x_wconf 88' lang='lat' dir='ltr'>procuramus,</span> <span class='ocrx_word' id='word_1_96' title='bbox 1936 1482 2050 1520; x_wconf 92' lang='lat' dir='ltr'>non</span> 
     </span>
    </p>
   </div>
   <div class='ocr_carea' id='block_1_16' title="bbox 407 1552 2050 1626">
    <p class='ocr_par' dir='ltr' id='par_1_16' title="bbox 407 1552 2050 1626">
     <span class='ocr_line' id='line_1_16' title="bbox 407 1552 2050 1626; baseline -0.001 -16"><span class='ocrx_word' id='word_1_97' title='bbox 407 1556 510 1610; x_wconf 89' lang='lat' dir='ltr'>ﬁat</span> <span class='ocrx_word' id='word_1_98' title='bbox 537 1559 603 1610; x_wconf 88' lang='lat' dir='ltr'>ut</span> <span class='ocrx_word' id='word_1_99' title='bbox 630 1554 765 1610; x_wconf 92' lang='lat' dir='ltr'>inde</span> <span class='ocrx_word' id='word_1_100' title='bbox 795 1553 1016 1626; x_wconf 85' lang='lat' dir='ltr'>largius</span> <span class='ocrx_word' id='word_1_101' title='bbox 1047 1568 1376 1618; x_wconf 87' lang='lat' dir='ltr'>sumamus,</span> <span class='ocrx_word' id='word_1_102' title='bbox 1410 1553 1512 1608; x_wconf 83' lang='lat' dir='ltr'>sed</span> <span class='ocrx_word' id='word_1_103' title='bbox 1561 1556 1628 1608; x_wconf 85' lang='lat' dir='ltr'>ut</span> <span class='ocrx_word' id='word_1_104' title='bbox 1665 1553 1800 1608; x_wconf 91' lang='lat' dir='ltr'>inde</span> <span class='ocrx_word' id='word_1_105' title='bbox 1829 1552 2050 1626; x_wconf 86' lang='lat' dir='ltr'>largius</span> 
     </span>
    </p>
   </div>
   <div class='ocr_carea' id='block_1_17' title="bbox 406 1640 2046 1716">
    <p class='ocr_par' dir='ltr' id='par_1_17' title="bbox 406 1640 2046 1716">
     <span class='ocr_line' id='line_1_17' title="bbox 406 1640 2046 1716; baseline -0.001 -16"><span class='ocrx_word' id='word_1_106' title='bbox 406 1640 1226 1716; x_wconf 85' lang='lat' dir='ltr'>pupillis,viduis,hospitibus</span> <span class='ocrx_word' id='word_1_107' title='bbox 1247 1645 1304 1696; x_wconf 90' lang='lat' dir='ltr'>et</span> <span class='ocrx_word' id='word_1_108' title='bbox 1322 1641 1679 1713; x_wconf 85' lang='lat' dir='ltr'>pauperibus</span> <span class='ocrx_word' id='word_1_109' title='bbox 1695 1641 2046 1711; x_wconf 83' lang='lat' dir='ltr'>dividamus,</span> 
     </span>
    </p>
   </div>
   <div class='ocr_carea' id='block_1_18' title="bbox 405 1730 2052 1806">
    <p class='ocr_par' dir='ltr' id='par_1_18' title="bbox 405 1730 2052 1806">
     <span class='ocr_line' id='line_1_18' title="bbox 405 1730 2052 1806; baseline -0.002 -16"><span class='ocrx_word' id='word_1_110' title='bbox 405 1740 470 1790; x_wconf 91' lang='lat' dir='ltr'>ut</span> <span class='ocrx_word' id='word_1_111' title='bbox 501 1731 812 1806; x_wconf 80' lang='lat' dir='ltr'>participes</span> <span class='ocrx_word' id='word_1_112' title='bbox 841 1731 986 1786; x_wconf 85' lang='lat' dir='ltr'>ﬁant</span> <span class='ocrx_word' id='word_1_113' title='bbox 1016 1730 1321 1786; x_wconf 90' lang='lat' dir='ltr'>nobiscum</span> <span class='ocrx_word' id='word_1_114' title='bbox 1345 1731 1404 1785; x_wconf 89' lang='lat' dir='ltr'>in</span> <span class='ocrx_word' id='word_1_115' title='bbox 1427 1730 1703 1786; x_wconf 88' lang='lat' dir='ltr'>omnibus</span> <span class='ocrx_word' id='word_1_116' title='bbox 1727 1732 2052 1788; x_wconf 89' lang='lat' dir='ltr'>bonistem-</span> 
     </span>
    </p>
   </div>
   <div class='ocr_carea' id='block_1_19' title="bbox 2169 573 3825 646">
    <p class='ocr_par' dir='ltr' id='par_1_19' title="bbox 2169 573 3825 646">
     <span class='ocr_line' id='line_1_19' title="bbox 2169 573 3825 646; baseline 0.002 -19"><span class='ocrx_word' id='word_1_117' title='bbox 2169 589 2300 629; x_wconf 88' lang='lat' dir='ltr'>vero</span> <span class='ocrx_word' id='word_1_118' title='bbox 2333 578 2422 629; x_wconf 91' lang='lat' dir='ltr'>est</span> <span class='ocrx_word' id='word_1_119' title='bbox 2454 580 2511 630; x_wconf 89' lang='lat' dir='ltr'>et</span> <span class='ocrx_word' id='word_1_120' title='bbox 2541 573 2624 628; x_wconf 91' lang='lat' dir='ltr'>illi</span> <span class='ocrx_word' id='word_1_121' title='bbox 2650 573 2751 646; x_wconf 90' lang='lat' dir='ltr'>qui</span> <span class='ocrx_word' id='word_1_122' title='bbox 2784 573 2953 629; x_wconf 89' lang='lat' dir='ltr'>nobis</span> <span class='ocrx_word' id='word_1_123' title='bbox 2983 574 3130 630; x_wconf 89' lang='lat' dir='ltr'>bene</span> <span class='ocrx_word' id='word_1_124' title='bbox 3160 573 3385 630; x_wconf 89' lang='lat' dir='ltr'>meritis</span> <span class='ocrx_word' id='word_1_125' title='bbox 3415 573 3572 629; x_wconf 85' lang='lat' dir='ltr'>mala</span> <span class='ocrx_word' id='word_1_126' title='bbox 3617 574 3825 630; x_wconf 84' lang='lat' dir='ltr'>intulit</span> 
     </span>
    </p>
   </div>
   <div class='ocr_carea' id='block_1_20' title="bbox 2169 663 3821 737">
    <p class='ocr_par' dir='ltr' id='par_1_20' title="bbox 2169 663 3821 737">
     <span class='ocr_line' id='line_1_20' title="bbox 2169 663 3821 737; baseline 0.001 -19"><span class='ocrx_word' id='word_1_127' title='bbox 2169 679 2272 734; x_wconf 91' lang='lat' dir='ltr'>pro</span> <span class='ocrx_word' id='word_1_128' title='bbox 2303 663 2475 719; x_wconf 89' lang='lat' dir='ltr'>bonis</span> <span class='ocrx_word' id='word_1_129' title='bbox 2510 663 2795 719; x_wconf 86' lang='lat' dir='ltr'>misereri.</span> <span class='ocrx_word' id='word_1_130' title='bbox 2828 663 2945 719; x_wconf 89' lang='lat' dir='ltr'>Hoc</span> <span class='ocrx_word' id='word_1_131' title='bbox 2976 663 3111 718; x_wconf 88' lang='lat' dir='ltr'>fecit</span> <span class='ocrx_word' id='word_1_132' title='bbox 3140 663 3444 721; x_wconf 87' lang='lat' dir='ltr'>Dominus.</span> <span class='ocrx_word' id='word_1_133' title='bbox 3469 663 3634 719; x_wconf 85' lang='lat' dir='ltr'>Unde</span> <span class='ocrx_word' id='word_1_134' title='bbox 3665 667 3821 737; x_wconf 83' lang='lat' dir='ltr'>Apo-</span> 
     </span>
    </p>
   </div>
   <div class='ocr_carea' id='block_1_21' title="bbox 2168 751 3817 825">
    <p class='ocr_par' dir='ltr' id='par_1_21' title="bbox 2168 751 3817 825">
     <span class='ocr_line' id='line_1_21' title="bbox 2168 751 3817 825; baseline 0.002 -18"><span class='ocrx_word' id='word_1_135' title='bbox 2168 751 2356 808; x_wconf 87' lang='lat' dir='ltr'>stolus</span> <span class='ocrx_word' id='word_1_136' title='bbox 2386 770 2399 808; x_wconf 91' lang='lat'><strong>:</strong></span> <span class='ocrx_word' id='word_1_137' title='bbox 2433 757 2558 808; x_wconf 84' lang='lat' dir='ltr'>Non</span> <span class='ocrx_word' id='word_1_138' title='bbox 2585 755 2718 824; x_wconf 88' lang='lat' dir='ltr'>quia</span> <span class='ocrx_word' id='word_1_139' title='bbox 2745 753 2842 823; x_wconf 90' lang='lat'>(6),</span> <span class='ocrx_word' id='word_1_140' title='bbox 2875 751 3086 825; x_wconf 87' lang='lat' dir='ltr'>inquit,</span> <span class='ocrx_word' id='word_1_141' title='bbox 3119 769 3215 809; x_wconf 87' lang='lat' dir='ltr'>nos</span> <span class='ocrx_word' id='word_1_142' title='bbox 3263 752 3622 810; x_wconf 68' lang='lat' dir='ltr'>diloxerimus</span> <span class='ocrx_word' id='word_1_143' title='bbox 3671 770 3817 822; x_wconf 84' lang='lat' dir='ltr'>eum,</span> 
     </span>
    </p>
   </div>
   <div class='ocr_carea' id='block_1_22' title="bbox 2166 841 3818 915">
    <p class='ocr_par' dir='ltr' id='par_1_22' title="bbox 2166 841 3818 915">
     <span class='ocr_line' id='line_1_22' title="bbox 2166 841 3818 915; baseline 0.002 -19"><span class='ocrx_word' id='word_1_144' title='bbox 2166 841 2258 896; x_wconf 86' lang='lat' dir='ltr'>sed</span> <span class='ocrx_word' id='word_1_145' title='bbox 2286 844 2419 913; x_wconf 85' lang='lat' dir='ltr'>quia</span> <span class='ocrx_word' id='word_1_146' title='bbox 2441 845 2554 913; x_wconf 86' lang='lat' dir='ltr'>ipse</span> <span class='ocrx_word' id='word_1_147' title='bbox 2579 845 2737 914; x_wconf 82' lang='lat' dir='ltr'>prior</span> <span class='ocrx_word' id='word_1_148' title='bbox 2767 842 2972 898; x_wconf 70' lang='lat' dir='ltr'>dilexit</span> <span class='ocrx_word' id='word_1_149' title='bbox 3004 857 3102 897; x_wconf 87' lang='lat' dir='ltr'>nos</span> <span class='ocrx_word' id='word_1_150' title='bbox 3131 844 3178 909; x_wconf 87' lang='grc' dir='ltr'>(Ι</span> <span class='ocrx_word' id='word_1_151' title='bbox 3202 844 3359 898; x_wconf 81' lang='lat' dir='ltr'>Joan.</span> <span class='ocrx_word' id='word_1_152' title='bbox 3394 853 3490 915; x_wconf 80' lang='grc' dir='ltr'>ιν).</span> <span class='ocrx_word' id='word_1_153' title='bbox 3524 843 3597 899; x_wconf 86' lang='lat' dir='ltr'>Et</span> <span class='ocrx_word' id='word_1_154' title='bbox 3623 841 3771 899; x_wconf 87' lang='lat' dir='ltr'>alibi</span> <span class='ocrx_word' id='word_1_155' title='bbox 3804 861 3818 899; x_wconf 90' lang='lat'><strong>:</strong></span> 
     </span>
    </p>
   </div>
   <div class='ocr_carea' id='block_1_23' title="bbox 2169 929 3822 1000">
    <p class='ocr_par' dir='ltr' id='par_1_23' title="bbox 2169 929 3822 1000">
     <span class='ocr_line' id='line_1_23' title="bbox 2169 929 3822 1000; baseline 0.002 -16"><span class='ocrx_word' id='word_1_156' title='bbox 2169 929 2303 985; x_wconf 86' lang='lat' dir='ltr'>Cum</span> <span class='ocrx_word' id='word_1_157' title='bbox 2350 932 2566 986; x_wconf 88' lang='lat' dir='ltr'>inimici</span> <span class='ocrx_word' id='word_1_158' title='bbox 2614 947 2869 999; x_wconf 79' lang='lat' dir='ltr'>essemus,</span> <span class='ocrx_word' id='word_1_159' title='bbox 2918 932 3262 988; x_wconf 69' lang='lat' dir='ltr'>reconciliati</span> <span class='ocrx_word' id='word_1_160' title='bbox 3305 948 3512 1000; x_wconf 88' lang='lat' dir='ltr'>sumus,</span> <span class='ocrx_word' id='word_1_161' title='bbox 3544 935 3822 1000; x_wconf 75' lang='lat' dir='ltr'>sanguine</span> 
     </span>
    </p>
   </div>
   <div class='ocr_carea' id='block_1_24' title="bbox 2165 1019 3818 1092">
    <p class='ocr_par' dir='ltr' id='par_1_24' title="bbox 2165 1019 3818 1092">
     <span class='ocr_line' id='line_1_24' title="bbox 2165 1019 3818 1092; baseline 0.001 -18"><span class='ocrx_word' id='word_1_162' title='bbox 2165 1019 2340 1090; x_wconf 88' lang='lat' dir='ltr'>ipsius</span> <span class='ocrx_word' id='word_1_163' title='bbox 2387 1022 2467 1088; x_wconf 88' lang='grc'>(7)</span> <span class='ocrx_word' id='word_1_164' title='bbox 2516 1021 2688 1092; x_wconf 84' lang='lat' dir='ltr'>(Rom.</span> <span class='ocrx_word' id='word_1_165' title='bbox 2742 1020 2819 1091; x_wconf 84' lang='lat' dir='ltr'>v).</span> <span class='ocrx_word' id='word_1_166' title='bbox 2871 1020 2988 1075; x_wconf 80' lang='lat' dir='ltr'>Nos</span> <span class='ocrx_word' id='word_1_167' title='bbox 3044 1035 3202 1092; x_wconf 87' lang='lat' dir='ltr'>ergo,</span> <span class='ocrx_word' id='word_1_168' title='bbox 3258 1020 3464 1076; x_wconf 85' lang='lat' dir='ltr'>fratres</span> <span class='ocrx_word' id='word_1_169' title='bbox 3512 1020 3818 1076; x_wconf 81' lang='lat' dir='ltr'>Christum</span> 
     </span>
    </p>
   </div>
   <div class='ocr_carea' id='block_1_25' title="bbox 2165 1107 3821 1182">
    <p class='ocr_par' dir='ltr' id='par_1_25' title="bbox 2165 1107 3821 1182">
     <span class='ocr_line' id='line_1_25' title="bbox 2165 1107 3821 1182; baseline 0.004 -21"><span class='ocrx_word' id='word_1_170' title='bbox 2165 1107 2382 1164; x_wconf 87' lang='lat' dir='ltr'>imitari</span> <span class='ocrx_word' id='word_1_171' title='bbox 2413 1113 2772 1182; x_wconf 89' lang='lat' dir='ltr'>satagamus,</span> <span class='ocrx_word' id='word_1_172' title='bbox 2807 1108 3102 1165; x_wconf 82' lang='lat' dir='ltr'>Christum</span> <span class='ocrx_word' id='word_1_173' title='bbox 3136 1108 3511 1176; x_wconf 88' lang='lat' dir='ltr'>imitamur,si</span> <span class='ocrx_word' id='word_1_174' title='bbox 3544 1109 3821 1167; x_wconf 79' lang='lat' dir='ltr'>inimicos</span> 
     </span>
    </p>
   </div>
   <div class='ocr_carea' id='block_1_26' title="bbox 2164 1197 3820 1271">
    <p class='ocr_par' dir='ltr' id='par_1_26' title="bbox 2164 1197 3820 1271">
     <span class='ocr_line' id='line_1_26' title="bbox 2164 1197 3820 1271; baseline 0.002 -19"><span class='ocrx_word' id='word_1_175' title='bbox 2164 1203 2394 1254; x_wconf 90' lang='lat' dir='ltr'>nostros</span> <span class='ocrx_word' id='word_1_176' title='bbox 2425 1197 2593 1253; x_wconf 89' lang='lat' dir='ltr'>nobis</span> <span class='ocrx_word' id='word_1_177' title='bbox 2631 1215 2734 1271; x_wconf 88' lang='lat' dir='ltr'>per</span> <span class='ocrx_word' id='word_1_178' title='bbox 2779 1198 3059 1254; x_wconf 91' lang='lat' dir='ltr'>beneﬁcia</span> <span class='ocrx_word' id='word_1_179' title='bbox 3106 1197 3576 1255; x_wconf 86' lang='lat' dir='ltr'>reconciliamus.</span> <span class='ocrx_word' id='word_1_180' title='bbox 3606 1200 3820 1270; x_wconf 72' lang='lat' dir='ltr'>Quibus</span> 
     </span>
    </p>
   </div>
   <div class='ocr_carea' id='block_1_27' title="bbox 2161 1286 3820 1360">
    <p class='ocr_par' dir='ltr' id='par_1_27' title="bbox 2161 1286 3820 1360">
     <span class='ocr_line' id='line_1_27' title="bbox 2161 1286 3820 1360; baseline 0.001 -20"><span class='ocrx_word' id='word_1_181' title='bbox 2161 1286 2719 1358; x_wconf 84' lang='lat' dir='ltr'>apparuit,omnibus</span> <span class='ocrx_word' id='word_1_182' title='bbox 2747 1286 3225 1355; x_wconf 88' lang='lat' dir='ltr'>hominibus,sub</span> <span class='ocrx_word' id='word_1_183' title='bbox 3257 1286 3712 1360; x_wconf 89' lang='lat' dir='ltr'>intelligendum</span> <span class='ocrx_word' id='word_1_184' title='bbox 3730 1292 3820 1344; x_wconf 88' lang='lat' dir='ltr'>est</span> 
     </span>
    </p>
   </div>
   <div class='ocr_carea' id='block_1_28' title="bbox 2161 1374 3823 1448">
    <p class='ocr_par' dir='ltr' id='par_1_28' title="bbox 2161 1374 3823 1448">
     <span class='ocr_line' id='line_1_28' title="bbox 2161 1374 3823 1448; baseline 0.001 -18"><span class='ocrx_word' id='word_1_185' title='bbox 2161 1391 2288 1431; x_wconf 85' lang='lat' dir='ltr'>sese</span> <span class='ocrx_word' id='word_1_186' title='bbox 2319 1375 2878 1442; x_wconf 76' lang='lat' dir='ltr'>olferens.Quamvis</span> <span class='ocrx_word' id='word_1_187' title='bbox 2909 1375 3065 1432; x_wconf 89' lang='lat' dir='ltr'>enim</span> <span class='ocrx_word' id='word_1_188' title='bbox 3098 1374 3200 1431; x_wconf 91' lang='lat' dir='ltr'>Dei</span> <span class='ocrx_word' id='word_1_189' title='bbox 3229 1374 3417 1448; x_wconf 87' lang='lat' dir='ltr'>gratia</span> <span class='ocrx_word' id='word_1_190' title='bbox 3449 1391 3568 1432; x_wconf 88' lang='lat' dir='ltr'>non</span> <span class='ocrx_word' id='word_1_191' title='bbox 3597 1375 3676 1432; x_wconf 81' lang='lat' dir='ltr'>ab</span> <span class='ocrx_word' id='word_1_192' title='bbox 3698 1392 3823 1432; x_wconf 88' lang='lat' dir='ltr'>om-</span> 
     </span>
    </p>
   </div>
   <div class='ocr_carea' id='block_1_29' title="bbox 2162 1463 3817 1537">
    <p class='ocr_par' dir='ltr' id='par_1_29' title="bbox 2162 1463 3817 1537">
     <span class='ocr_line' id='line_1_29' title="bbox 2162 1463 3817 1537; baseline 0.001 -19"><span class='ocrx_word' id='word_1_193' title='bbox 2162 1463 2337 1520; x_wconf 89' lang='lat' dir='ltr'>nibus</span> <span class='ocrx_word' id='word_1_194' title='bbox 2367 1465 2569 1537; x_wconf 86' lang='lat' dir='ltr'>agnita</span> <span class='ocrx_word' id='word_1_195' title='bbox 2599 1463 2696 1531; x_wconf 88' lang='lat' dir='ltr'>sit,</span> <span class='ocrx_word' id='word_1_196' title='bbox 2730 1470 2924 1521; x_wconf 90' lang='lat' dir='ltr'>tamen</span> <span class='ocrx_word' id='word_1_197' title='bbox 2955 1464 3130 1531; x_wconf 86' lang='lat' dir='ltr'>Deus,</span> <span class='ocrx_word' id='word_1_198' title='bbox 3164 1469 3451 1537; x_wconf 89' lang='lat' dir='ltr'>quantum</span> <span class='ocrx_word' id='word_1_199' title='bbox 3490 1465 3550 1520; x_wconf 90' lang='lat' dir='ltr'>in</span> <span class='ocrx_word' id='word_1_200' title='bbox 3601 1481 3673 1521; x_wconf 89' lang='lat' dir='ltr'>eo</span> <span class='ocrx_word' id='word_1_201' title='bbox 3707 1470 3817 1530; x_wconf 85' lang='lat' dir='ltr'>est,</span> 
     </span>
    </p>
   </div>
   <div class='ocr_carea' id='block_1_30' title="bbox 2159 1553 3820 1626">
    <p class='ocr_par' dir='ltr' id='par_1_30' title="bbox 2159 1553 3820 1626">
     <span class='ocr_line' id='line_1_30' title="bbox 2159 1553 3820 1626; baseline 0.002 -18"><span class='ocrx_word' id='word_1_202' title='bbox 2159 1569 2288 1608; x_wconf 90' lang='lat' dir='ltr'>eam</span> <span class='ocrx_word' id='word_1_203' title='bbox 2322 1553 2490 1610; x_wconf 91' lang='lat' dir='ltr'>nobis</span> <span class='ocrx_word' id='word_1_204' title='bbox 2522 1553 2750 1609; x_wconf 87' lang='lat' dir='ltr'>obtulit.</span> <span class='ocrx_word' id='word_1_205' title='bbox 2771 1555 3278 1620; x_wconf 89' lang='lat' dir='ltr'>Quemadmodum</span> <span class='ocrx_word' id='word_1_206' title='bbox 3311 1553 3419 1622; x_wconf 90' lang='lat' dir='ltr'>sol,</span> <span class='ocrx_word' id='word_1_207' title='bbox 3441 1555 3820 1626; x_wconf 88' lang='lat' dir='ltr'>quantumin</span> 
     </span>
    </p>
   </div>
   <div class='ocr_carea' id='block_1_31' title="bbox 2161 1641 3824 1715">
    <p class='ocr_par' dir='ltr' id='par_1_31' title="bbox 2161 1641 3824 1715">
     <span class='ocr_line' id='line_1_31' title="bbox 2161 1641 3824 1715; baseline 0.002 -19"><span class='ocrx_word' id='word_1_208' title='bbox 2161 1659 2227 1697; x_wconf 92' lang='lat' dir='ltr'>co</span> <span class='ocrx_word' id='word_1_209' title='bbox 2253 1647 2364 1710; x_wconf 89' lang='lat' dir='ltr'>est,</span> <span class='ocrx_word' id='word_1_210' title='bbox 2395 1643 2670 1698; x_wconf 86' lang='lat' dir='ltr'>omnibus</span> <span class='ocrx_word' id='word_1_211' title='bbox 2700 1641 2872 1713; x_wconf 88' lang='lat' dir='ltr'>lucet,</span> <span class='ocrx_word' id='word_1_212' title='bbox 2892 1658 2999 1699; x_wconf 89' lang='lat' dir='ltr'>nec</span> <span class='ocrx_word' id='word_1_213' title='bbox 3029 1641 3242 1714; x_wconf 88' lang='lat' dir='ltr'>aliquis</span> <span class='ocrx_word' id='word_1_214' title='bbox 3271 1647 3464 1715; x_wconf 87' lang='lat' dir='ltr'>potest</span> <span class='ocrx_word' id='word_1_215' title='bbox 3495 1659 3560 1699; x_wconf 88' lang='lat' dir='ltr'>se</span> <span class='ocrx_word' id='word_1_216' title='bbox 3589 1643 3824 1700; x_wconf 78' lang='lat' dir='ltr'>ubtra-</span> 
     </span>
    </p>
   </div>
   <div class='ocr_carea' id='block_1_32' title="bbox 2159 1730 3821 1805">
    <p class='ocr_par' dir='ltr' id='par_1_32' title="bbox 2159 1730 3821 1805">
     <span class='ocr_line' id='line_1_32' title="bbox 2159 1730 3821 1805; baseline 0.001 -19"><span class='ocrx_word' id='word_1_217' title='bbox 2159 1730 2296 1786; x_wconf 90' lang='lat' dir='ltr'>here</span> <span class='ocrx_word' id='word_1_218' title='bbox 2327 1747 2398 1787; x_wconf 91' lang='lat' dir='ltr'>ne</span> <span class='ocrx_word' id='word_1_219' title='bbox 2429 1731 2620 1788; x_wconf 85' lang='lat' dir='ltr'>luceat</span> <span class='ocrx_word' id='word_1_220' title='bbox 2651 1731 2783 1788; x_wconf 90' lang='lat' dir='ltr'>sibi.</span> <span class='ocrx_word' id='word_1_221' title='bbox 2807 1733 3025 1804; x_wconf 89' lang='lat' dir='ltr'>Itaque,</span> <span class='ocrx_word' id='word_1_222' title='bbox 3061 1732 3291 1798; x_wconf 83' lang='lat' dir='ltr'>fratres,</span> <span class='ocrx_word' id='word_1_223' title='bbox 3323 1748 3458 1788; x_wconf 91' lang='lat' dir='ltr'>cum</span> <span class='ocrx_word' id='word_1_224' title='bbox 3490 1733 3687 1805; x_wconf 88' lang='lat' dir='ltr'>gratia</span> <span class='ocrx_word' id='word_1_225' title='bbox 3718 1733 3821 1789; x_wconf 87' lang='lat' dir='ltr'>Dei</span> 
     </span>
    </p>
   </div>
   <div class='ocr_carea' id='block_1_33' title="bbox 405 1819 3815 1923">
    <p class='ocr_par' dir='ltr' id='par_1_33' title="bbox 405 1819 3815 1923">
     <span class='ocr_line' id='line_1_33' title="bbox 405 1819 3815 1923; baseline 0 -44"><span class='ocrx_word' id='word_1_226' title='bbox 405 1822 723 1897; x_wconf 87' lang='lat' dir='ltr'>poralibus,</span> <span class='ocrx_word' id='word_1_227' title='bbox 751 1821 851 1893; x_wconf 90' lang='lat' dir='ltr'>qui</span> <span class='ocrx_word' id='word_1_228' title='bbox 876 1819 1186 1892; x_wconf 88' lang='lat' dir='ltr'>participes</span> <span class='ocrx_word' id='word_1_229' title='bbox 1217 1820 1397 1874; x_wconf 89' lang='lat' dir='ltr'>futuri</span> <span class='ocrx_word' id='word_1_230' title='bbox 1431 1825 1570 1875; x_wconf 89' lang='lat' dir='ltr'>sunt</span> <span class='ocrx_word' id='word_1_231' title='bbox 1600 1821 1658 1875; x_wconf 92' lang='lat' dir='ltr'>in</span> <span class='ocrx_word' id='word_1_232' title='bbox 1690 1820 2044 1889; x_wconf 74' lang='lat' dir='ltr'>coelestibus;</span> <span class='ocrx_word' id='word_1_233' title='bbox 2078 1857 2126 1923; x_wconf 82' lang='lat' dir='ltr'><strong>B</strong></span> <span class='ocrx_word' id='word_1_234' title='bbox 2160 1836 2221 1875; x_wconf 89' lang='lat' dir='ltr'>se</span> <span class='ocrx_word' id='word_1_235' title='bbox 2253 1821 2422 1876; x_wconf 89' lang='lat' dir='ltr'>nobis</span> <span class='ocrx_word' id='word_1_236' title='bbox 2452 1821 2728 1876; x_wconf 83' lang='lat' dir='ltr'>omnibus</span> <span class='ocrx_word' id='word_1_237' title='bbox 2761 1821 3112 1886; x_wconf 87' lang='lat' dir='ltr'>offerat,non</span> <span class='ocrx_word' id='word_1_238' title='bbox 3145 1838 3252 1876; x_wconf 90' lang='lat' dir='ltr'>nos</span> <span class='ocrx_word' id='word_1_239' title='bbox 3284 1821 3335 1877; x_wconf 91' lang='lat' dir='ltr'>ei</span> <span class='ocrx_word' id='word_1_240' title='bbox 3365 1821 3815 1891; x_wconf 82' lang='lat' dir='ltr'>subtrahamus,</span> 
     </span>
    </p>
   </div>
   <div class='ocr_carea' id='block_1_34' title="bbox 403 1908 3812 1986">
    <p class='ocr_par' dir='ltr' id='par_1_34' title="bbox 403 1908 3812 1986">
     <span class='ocr_line' id='line_1_34' title="bbox 403 1908 3812 1986; baseline -0.001 -18"><span class='ocrx_word' id='word_1_241' title='bbox 403 1913 531 1986; x_wconf 89' lang='lat' dir='ltr'>ipso</span> <span class='ocrx_word' id='word_1_242' title='bbox 561 1909 968 1984; x_wconf 88' lang='lat' dir='ltr'>largiente,qui</span> <span class='ocrx_word' id='word_1_243' title='bbox 1001 1925 1104 1980; x_wconf 90' lang='lat' dir='ltr'>pro</span> <span class='ocrx_word' id='word_1_244' title='bbox 1137 1908 1307 1964; x_wconf 79' lang='lat' dir='ltr'>nobis</span> <span class='ocrx_word' id='word_1_245' title='bbox 1340 1908 1513 1966; x_wconf 89' lang='lat' dir='ltr'>hodie</span> <span class='ocrx_word' id='word_1_246' title='bbox 1543 1911 1614 1965; x_wconf 91' lang='lat' dir='ltr'>de</span> <span class='ocrx_word' id='word_1_247' title='bbox 1641 1911 1868 1983; x_wconf 86' lang='lat' dir='ltr'>virgine</span> <span class='ocrx_word' id='word_1_248' title='bbox 1889 1911 2049 1967; x_wconf 89' lang='lat' dir='ltr'>nasci</span> <span class='ocrx_word' id='word_1_249' title='bbox 2078 1908 2124 1923; x_wconf 75' lang='lat'><strong><em>&quot;</em></strong></span> <span class='ocrx_word' id='word_1_250' title='bbox 2160 1909 2261 1964; x_wconf 91' lang='lat' dir='ltr'>sed</span> <span class='ocrx_word' id='word_1_251' title='bbox 2297 1910 2492 1981; x_wconf 86' lang='lat' dir='ltr'>potius</span> <span class='ocrx_word' id='word_1_252' title='bbox 2521 1910 2572 1965; x_wconf 90' lang='lat' dir='ltr'>ei</span> <span class='ocrx_word' id='word_1_253' title='bbox 2603 1914 2722 1965; x_wconf 89' lang='lat' dir='ltr'>toto</span> <span class='ocrx_word' id='word_1_254' title='bbox 2753 1909 3039 1966; x_wconf 89' lang='lat' dir='ltr'>desiderio</span> <span class='ocrx_word' id='word_1_255' title='bbox 3069 1927 3467 1966; x_wconf 87' lang='lat' dir='ltr'>occurramus.</span> <span class='ocrx_word' id='word_1_256' title='bbox 3497 1911 3812 1983; x_wconf 89' lang='lat' dir='ltr'>Tempore,</span> 
     </span>
    </p>
   </div>
   <div class='ocr_carea' id='block_1_35' title="bbox 401 1997 2047 2071">
    <p class='ocr_par' dir='ltr' id='par_1_35' title="bbox 401 1997 2047 2071">
     <span class='ocr_line' id='line_1_35' title="bbox 401 1997 2047 2071; baseline -0.001 -13"><span class='ocrx_word' id='word_1_257' title='bbox 401 2000 606 2069; x_wconf 85' lang='lat' dir='ltr'>voluit,</span> <span class='ocrx_word' id='word_1_258' title='bbox 643 2000 884 2056; x_wconf 90' lang='lat' dir='ltr'>Domino</span> <span class='ocrx_word' id='word_1_259' title='bbox 914 2003 1114 2054; x_wconf 89' lang='lat' dir='ltr'>nostro</span> <span class='ocrx_word' id='word_1_260' title='bbox 1141 1998 1283 2055; x_wconf 88' lang='lat' dir='ltr'>Jesu</span> <span class='ocrx_word' id='word_1_261' title='bbox 1314 1997 1564 2066; x_wconf 86' lang='lat' dir='ltr'>Christo,</span> <span class='ocrx_word' id='word_1_262' title='bbox 1592 2000 1692 2071; x_wconf 89' lang='lat' dir='ltr'>qui</span> <span class='ocrx_word' id='word_1_263' title='bbox 1723 2016 1856 2055; x_wconf 89' lang='lat' dir='ltr'>cum</span> <span class='ocrx_word' id='word_1_264' title='bbox 1883 2000 2047 2056; x_wconf 86' lang='lat' dir='ltr'>Patre</span> 
     </span>
    </p>
   </div>
   <div class='ocr_carea' id='block_1_36' title="bbox 402 2086 1864 2163">
    <p class='ocr_par' dir='ltr' id='par_1_36' title="bbox 402 2086 1864 2163">
     <span class='ocr_line' id='line_1_36' title="bbox 402 2086 1864 2163; baseline -0.003 -14"><span class='ocrx_word' id='word_1_265' title='bbox 402 2097 460 2149; x_wconf 92' lang='lat' dir='ltr'>et</span> <span class='ocrx_word' id='word_1_266' title='bbox 484 2089 704 2163; x_wconf 89' lang='lat' dir='ltr'>Spiritu</span> <span class='ocrx_word' id='word_1_267' title='bbox 735 2092 936 2146; x_wconf 90' lang='lat' dir='ltr'>sancto</span> <span class='ocrx_word' id='word_1_268' title='bbox 964 2086 1105 2142; x_wconf 84' lang='lat' dir='ltr'>vivit</span> <span class='ocrx_word' id='word_1_269' title='bbox 1135 2091 1191 2142; x_wconf 90' lang='lat' dir='ltr'>et</span> <span class='ocrx_word' id='word_1_270' title='bbox 1221 2091 1424 2159; x_wconf 86' lang='lat' dir='ltr'>regnat</span> <span class='ocrx_word' id='word_1_271' title='bbox 1454 2088 1628 2144; x_wconf 88' lang='lat' dir='ltr'>Deus.</span> <span class='ocrx_word' id='word_1_272' title='bbox 1660 2090 1864 2144; x_wconf 88' lang='lat' dir='ltr'>Amen.</span> 
     </span>
    </p>
   </div>
   <div class='ocr_carea' id='block_1_37' title="bbox 1022 2193 1427 2248">
    <p class='ocr_par' dir='ltr' id='par_1_37' title="bbox 1022 2193 1427 2248">
     <span class='ocr_line' id='line_1_37' title="bbox 1022 2193 1427 2248; baseline 0 0"><span class='ocrx_word' id='word_1_273' title='bbox 1022 2193 1325 2248; x_wconf 89' lang='lat' dir='ltr'>HOMILIA</span> <span class='ocrx_word' id='word_1_274' title='bbox 1362 2193 1427 2248; x_wconf 90' lang='lat' dir='ltr'>X.</span> 
     </span>
    </p>
   </div>
   <div class='ocr_carea' id='block_1_38' title="bbox 935 2280 1508 2322">
    <p class='ocr_par' dir='ltr' id='par_1_38' title="bbox 935 2280 1508 2322">
     <span class='ocr_line' id='line_1_38' title="bbox 935 2280 1508 2322; baseline -0.003 0"><span class='ocrx_word' id='word_1_275' title='bbox 935 2280 994 2322; x_wconf 83' lang='grc' dir='ltr'><strong>ΙΝ</strong></span> <span class='ocrx_word' id='word_1_276' title='bbox 1035 2282 1234 2320; x_wconf 75' lang='lat' dir='ltr'>NATALI</span> <span class='ocrx_word' id='word_1_277' title='bbox 1283 2281 1508 2320; x_wconf 82' lang='lat' dir='ltr'>DOMINI.</span> 
     </span>
    </p>
   </div>
   <div class='ocr_carea' id='block_1_39' title="bbox 470 2353 2040 2431">
    <p class='ocr_par' dir='ltr' id='par_1_39' title="bbox 470 2353 2040 2431">
     <span class='ocr_line' id='line_1_39' title="bbox 470 2353 2040 2431; baseline -0.001 -17"><span class='ocrx_word' id='word_1_278' title='bbox 470 2358 736 2430; x_wconf 76' lang='lat' dir='ltr'>Apparuit</span> <span class='ocrx_word' id='word_1_279' title='bbox 762 2357 948 2424; x_wconf 83' lang='lat' dir='ltr'>gratia.</span> <span class='ocrx_word' id='word_1_280' title='bbox 976 2355 1073 2409; x_wconf 86' lang='lat' dir='ltr'>Dei</span> <span class='ocrx_word' id='word_1_281' title='bbox 1099 2353 1398 2431; x_wconf 80' lang='lat' dir='ltr'>Saluatoris</span> <span class='ocrx_word' id='word_1_282' title='bbox 1426 2356 1604 2410; x_wconf 82' lang='lat' dir='ltr'>nostri</span> <span class='ocrx_word' id='word_1_283' title='bbox 1643 2358 1894 2412; x_wconf 84' lang='lat' dir='ltr'>omnibus</span> <span class='ocrx_word' id='word_1_284' title='bbox 1945 2358 2040 2412; x_wconf 84' lang='lat' dir='ltr'>ho-</span> 
     </span>
    </p>
   </div>
   <div class='ocr_carea' id='block_1_40' title="bbox 400 2442 2036 2517">
    <p class='ocr_par' dir='ltr' id='par_1_40' title="bbox 400 2442 2036 2517">
     <span class='ocr_line' id='line_1_40' title="bbox 400 2442 2036 2517; baseline -0.002 -13"><span class='ocrx_word' id='word_1_285' title='bbox 400 2448 643 2504; x_wconf 85' lang='lat' dir='ltr'>minibus</span> <span class='ocrx_word' id='word_1_286' title='bbox 701 2447 827 2517; x_wconf 87' lang='lat' dir='ltr'>(Tit.</span> <span class='ocrx_word' id='word_1_287' title='bbox 890 2443 952 2514; x_wconf 82' lang='grc' dir='ltr'><strong><em>ιι)</em></strong></span> <span class='ocrx_word' id='word_1_288' title='bbox 1012 2446 1121 2498; x_wconf 91' lang='lat' dir='ltr'>etc.</span> <span class='ocrx_word' id='word_1_289' title='bbox 1173 2442 1372 2509; x_wconf 84' lang='lat' dir='ltr'>Hodie,</span> <span class='ocrx_word' id='word_1_290' title='bbox 1418 2443 1626 2500; x_wconf 81' lang='lat' dir='ltr'>fratres</span> <span class='ocrx_word' id='word_1_291' title='bbox 1681 2445 2036 2514; x_wconf 88' lang='lat' dir='ltr'>charissimi,</span> 
     </span>
    </p>
   </div>
   <div class='ocr_carea' id='block_1_41' title="bbox 397 2530 2076 2610">
    <p class='ocr_par' dir='ltr' id='par_1_41' title="bbox 397 2530 2076 2610">
     <span class='ocr_line' id='line_1_41' title="bbox 397 2530 2076 2610; baseline -0.002 -15"><span class='ocrx_word' id='word_1_292' title='bbox 397 2534 776 2609; x_wconf 83' lang='lat' dir='ltr'>temporalem</span> <span class='ocrx_word' id='word_1_293' title='bbox 808 2532 1023 2590; x_wconf 84' lang='lat' dir='ltr'>Christi</span> <span class='ocrx_word' id='word_1_294' title='bbox 1053 2530 1415 2588; x_wconf 83' lang='lat' dir='ltr'>celebramus</span> <span class='ocrx_word' id='word_1_295' title='bbox 1447 2532 1891 2604; x_wconf 83' lang='lat' dir='ltr'>nativitatem,in</span> <span class='ocrx_word' id='word_1_296' title='bbox 1923 2553 2040 2608; x_wconf 89' lang='lat' dir='ltr'>qua</span> <span class='ocrx_word' id='word_1_297' title='bbox 2073 2607 2076 2610; x_wconf 8' lang='grc' dir='ltr'><strong><em>ἢ</em></strong></span> 
     </span>
    </p>
   </div>
   <div class='ocr_carea' id='block_1_42' title="bbox 397 2620 2033 2695">
    <p class='ocr_par' dir='ltr' id='par_1_42' title="bbox 397 2620 2033 2695">
     <span class='ocr_line' id='line_1_42' title="bbox 397 2620 2033 2695; baseline -0.002 -11"><span class='ocrx_word' id='word_1_298' title='bbox 397 2625 787 2684; x_wconf 88' lang='lat' dir='ltr'>communiter</span> <span class='ocrx_word' id='word_1_299' title='bbox 816 2627 872 2680; x_wconf 89' lang='lat' dir='ltr'>et</span> <span class='ocrx_word' id='word_1_300' title='bbox 902 2620 1326 2692; x_wconf 73' lang='lat' dir='ltr'>multiplicetur</span> <span class='ocrx_word' id='word_1_301' title='bbox 1343 2621 1514 2678; x_wconf 91' lang='lat' dir='ltr'>nobis</span> <span class='ocrx_word' id='word_1_302' title='bbox 1535 2626 1624 2678; x_wconf 87' lang='lat' dir='ltr'>est</span> <span class='ocrx_word' id='word_1_303' title='bbox 1639 2623 2033 2695; x_wconf 91' lang='lat' dir='ltr'>gaudendum.</span> 
     </span>
    </p>
   </div>
   <div class='ocr_carea' id='block_1_43' title="bbox 395 2710 2038 2785">
    <p class='ocr_par' dir='ltr' id='par_1_43' title="bbox 395 2710 2038 2785">
     <span class='ocr_line' id='line_1_43' title="bbox 395 2710 2038 2785; baseline -0.001 -13"><span class='ocrx_word' id='word_1_304' title='bbox 395 2714 737 2773; x_wconf 88' lang='lat' dir='ltr'>Communis</span> <span class='ocrx_word' id='word_1_305' title='bbox 786 2713 1024 2785; x_wconf 90' lang='lat' dir='ltr'>quidem</span> <span class='ocrx_word' id='word_1_306' title='bbox 1080 2717 1190 2779; x_wconf 91' lang='lat' dir='ltr'>est,</span> <span class='ocrx_word' id='word_1_307' title='bbox 1241 2710 1518 2783; x_wconf 84' lang='lat' dir='ltr'>quoniam</span> <span class='ocrx_word' id='word_1_308' title='bbox 1573 2711 1836 2768; x_wconf 85' lang='lat' dir='ltr'>Christus</span> <span class='ocrx_word' id='word_1_309' title='bbox 1884 2713 2038 2770; x_wconf 91' lang='lat' dir='ltr'>sicut</span> 
     </span>
    </p>
   </div>
   <div class='ocr_carea' id='block_1_44' title="bbox 395 2799 2032 2874">
    <p class='ocr_par' dir='ltr' id='par_1_44' title="bbox 395 2799 2032 2874">
     <span class='ocr_line' id='line_1_44' title="bbox 395 2799 2032 2874; baseline -0.001 -13"><span class='ocrx_word' id='word_1_310' title='bbox 395 2820 768 2862; x_wconf 90' lang='lat' dir='ltr'>communem</span> <span class='ocrx_word' id='word_1_311' title='bbox 799 2801 1056 2874; x_wconf 86' lang='lat' dir='ltr'>suscepit</span> <span class='ocrx_word' id='word_1_312' title='bbox 1086 2799 1468 2868; x_wconf 87' lang='lat' dir='ltr'>naturam,ita</span> <span class='ocrx_word' id='word_1_313' title='bbox 1496 2817 1867 2858; x_wconf 84' lang='lat' dir='ltr'>communem</span> <span class='ocrx_word' id='word_1_314' title='bbox 1898 2819 2032 2874; x_wconf 86' lang='lat' dir='ltr'>ope-</span> 
     </span>
    </p>
   </div>
   <div class='ocr_carea' id='block_1_45' title="bbox 394 2887 2032 2962">
    <p class='ocr_par' dir='ltr' id='par_1_45' title="bbox 394 2887 2032 2962">
     <span class='ocr_line' id='line_1_45' title="bbox 394 2887 2032 2962; baseline -0.002 -13"><span class='ocrx_word' id='word_1_315' title='bbox 394 2896 557 2950; x_wconf 85' lang='lat' dir='ltr'>ratus</span> <span class='ocrx_word' id='word_1_316' title='bbox 585 2895 674 2947; x_wconf 91' lang='lat' dir='ltr'>est</span> <span class='ocrx_word' id='word_1_317' title='bbox 703 2889 1185 2961; x_wconf 87' lang='lat' dir='ltr'>redemptionem.</span> <span class='ocrx_word' id='word_1_318' title='bbox 1220 2887 1525 2961; x_wconf 82' lang='lat' dir='ltr'>Multiplex</span> <span class='ocrx_word' id='word_1_319' title='bbox 1569 2906 1703 2945; x_wconf 89' lang='lat' dir='ltr'>vero</span> <span class='ocrx_word' id='word_1_320' title='bbox 1747 2895 1854 2956; x_wconf 88' lang='lat' dir='ltr'>est,</span> <span class='ocrx_word' id='word_1_321' title='bbox 1887 2908 2032 2962; x_wconf 89' lang='lat' dir='ltr'>quo-</span> 
     </span>
    </p>
   </div>
   <div class='ocr_carea' id='block_1_46' title="bbox 393 2977 2034 3052">
    <p class='ocr_par' dir='ltr' id='par_1_46' title="bbox 393 2977 2034 3052">
     <span class='ocr_line' id='line_1_46' title="bbox 393 2977 2034 3052; baseline 0 -16"><span class='ocrx_word' id='word_1_322' title='bbox 393 2981 552 3037; x_wconf 89' lang='lat' dir='ltr'>niam</span> <span class='ocrx_word' id='word_1_323' title='bbox 584 2981 711 3051; x_wconf 86' lang='lat' dir='ltr'>ejus</span> <span class='ocrx_word' id='word_1_324' title='bbox 743 2978 1014 3035; x_wconf 89' lang='lat' dir='ltr'>nativitas</span> <span class='ocrx_word' id='word_1_325' title='bbox 1043 2977 1427 3050; x_wconf 89' lang='lat' dir='ltr'>multiplicem</span> <span class='ocrx_word' id='word_1_326' title='bbox 1481 2979 1649 3034; x_wconf 89' lang='lat' dir='ltr'>nobis</span> <span class='ocrx_word' id='word_1_327' title='bbox 1680 2985 1915 3052; x_wconf 88' lang='lat' dir='ltr'>operata</span> <span class='ocrx_word' id='word_1_328' title='bbox 1942 2986 2034 3037; x_wconf 89' lang='lat' dir='ltr'>est</span> 
     </span>
    </p>
   </div>
   <div class='ocr_carea' id='block_1_47' title="bbox 391 3066 2032 3139">
    <p class='ocr_par' dir='ltr' id='par_1_47' title="bbox 391 3066 2032 3139">
     <span class='ocr_line' id='line_1_47' title="bbox 391 3066 2032 3139; baseline -0.001 -12"><span class='ocrx_word' id='word_1_329' title='bbox 391 3068 1054 3139; x_wconf 88' lang='lat' dir='ltr'>utilitatem.Utrumque</span> <span class='ocrx_word' id='word_1_330' title='bbox 1085 3067 1340 3124; x_wconf 86' lang='lat' dir='ltr'>ostendit</span> <span class='ocrx_word' id='word_1_331' title='bbox 1367 3066 1427 3122; x_wconf 93' lang='lat' dir='ltr'>in</span> <span class='ocrx_word' id='word_1_332' title='bbox 1459 3067 1758 3139; x_wconf 62' lang='lat' dir='ltr'>praelibata</span> <span class='ocrx_word' id='word_1_333' title='bbox 1786 3067 2032 3126; x_wconf 85' lang='lat' dir='ltr'>lectione</span> 
     </span>
    </p>
   </div>
   <div class='ocr_carea' id='block_1_48' title="bbox 390 3155 2027 3232">
    <p class='ocr_par' dir='ltr' id='par_1_48' title="bbox 390 3155 2027 3232">
     <span class='ocr_line' id='line_1_48' title="bbox 390 3155 2027 3232; baseline -0.001 -17"><span class='ocrx_word' id='word_1_334' title='bbox 390 3156 1128 3232; x_wconf 78' lang='lat' dir='ltr'>Apostolus,metonymica</span> <span class='ocrx_word' id='word_1_335' title='bbox 1157 3161 1325 3212; x_wconf 90' lang='lat' dir='ltr'>utens</span> <span class='ocrx_word' id='word_1_336' title='bbox 1351 3155 1660 3224; x_wconf 86' lang='lat' dir='ltr'>locutione,</span> <span class='ocrx_word' id='word_1_337' title='bbox 1686 3156 1794 3212; x_wconf 92' lang='lat' dir='ltr'>hoc</span> <span class='ocrx_word' id='word_1_338' title='bbox 1824 3158 2027 3214; x_wconf 89' lang='lat' dir='ltr'>modo:</span> 
     </span>
    </p>
   </div>
   <div class='ocr_carea' id='block_1_49' title="bbox 2157 1999 3812 2072">
    <p class='ocr_par' dir='ltr' id='par_1_49' title="bbox 2157 1999 3812 2072">
     <span class='ocr_line' id='line_1_49' title="bbox 2157 1999 3812 2072; baseline 0.001 -18"><span class='ocrx_word' id='word_1_339' title='bbox 2157 2002 2213 2054; x_wconf 89' lang='lat' dir='ltr'>et</span> <span class='ocrx_word' id='word_1_340' title='bbox 2243 1999 2465 2054; x_wconf 65' lang='lat' dir='ltr'>ceteris</span> <span class='ocrx_word' id='word_1_341' title='bbox 2494 1999 2595 2054; x_wconf 92' lang='lat' dir='ltr'>Dei</span> <span class='ocrx_word' id='word_1_342' title='bbox 2627 1999 2819 2067; x_wconf 90' lang='lat' dir='ltr'>donis,</span> <span class='ocrx_word' id='word_1_343' title='bbox 2851 1999 3019 2056; x_wconf 90' lang='lat' dir='ltr'>nobis</span> <span class='ocrx_word' id='word_1_344' title='bbox 3050 2000 3122 2054; x_wconf 87' lang='lat' dir='ltr'>ad</span> <span class='ocrx_word' id='word_1_345' title='bbox 3157 1999 3302 2055; x_wconf 89' lang='lat' dir='ltr'>bene</span> <span class='ocrx_word' id='word_1_346' title='bbox 3333 1999 3629 2072; x_wconf 90' lang='lat' dir='ltr'>agendum</span> <span class='ocrx_word' id='word_1_347' title='bbox 3661 2017 3812 2071; x_wconf 67' lang='lat' dir='ltr'>pre-</span> 
     </span>
    </p>
   </div>
   <div class='ocr_carea' id='block_1_50' title="bbox 2157 2087 3808 2160">
    <p class='ocr_par' dir='ltr' id='par_1_50' title="bbox 2157 2087 3808 2160">
     <span class='ocr_line' id='line_1_50' title="bbox 2157 2087 3808 2160; baseline 0.002 -18"><span class='ocrx_word' id='word_1_348' title='bbox 2157 2087 2334 2153; x_wconf 89' lang='lat' dir='ltr'>stitis,</span> <span class='ocrx_word' id='word_1_349' title='bbox 2363 2104 2477 2143; x_wconf 92' lang='lat' dir='ltr'>non</span> <span class='ocrx_word' id='word_1_350' title='bbox 2509 2088 2843 2155; x_wconf 82' lang='lat' dir='ltr'>abutamur,</span> <span class='ocrx_word' id='word_1_351' title='bbox 2876 2105 2991 2144; x_wconf 89' lang='lat' dir='ltr'>non</span> <span class='ocrx_word' id='word_1_352' title='bbox 3023 2088 3206 2145; x_wconf 86' lang='lat' dir='ltr'>otiose</span> <span class='ocrx_word' id='word_1_353' title='bbox 3234 2093 3808 2160; x_wconf 76' lang='lat' dir='ltr'>praetereamus,non</span> 
     </span>
    </p>
   </div>
   <div class='ocr_carea' id='block_1_51' title="bbox 2156 2176 3804 2251">
    <p class='ocr_par' dir='ltr' id='par_1_51' title="bbox 2156 2176 3804 2251">
     <span class='ocr_line' id='line_1_51' title="bbox 2156 2176 3804 2251; baseline 0.001 -19"><span class='ocrx_word' id='word_1_354' title='bbox 2156 2176 2517 2249; x_wconf 88' lang='lat' dir='ltr'>negligenter</span> <span class='ocrx_word' id='word_1_355' title='bbox 2555 2181 2811 2244; x_wconf 88' lang='lat' dir='ltr'>utamur,</span> <span class='ocrx_word' id='word_1_356' title='bbox 2855 2177 3158 2249; x_wconf 87' lang='lat' dir='ltr'>quoniam,</span> <span class='ocrx_word' id='word_1_357' title='bbox 3181 2179 3350 2250; x_wconf 82' lang='lat' dir='ltr'>juxta</span> <span class='ocrx_word' id='word_1_358' title='bbox 3398 2177 3804 2251; x_wconf 82' lang='lat' dir='ltr'>Evangelium,</span> 
     </span>
    </p>
   </div>
   <div class='ocr_carea' id='block_1_52' title="bbox 2154 2265 3802 2340">
    <p class='ocr_par' dir='ltr' id='par_1_52' title="bbox 2154 2265 3802 2340">
     <span class='ocr_line' id='line_1_52' title="bbox 2154 2265 3802 2340; baseline 0.001 -20"><span class='ocrx_word' id='word_1_359' title='bbox 2154 2265 2520 2322; x_wconf 90' lang='lat' dir='ltr'>abscondens</span> <span class='ocrx_word' id='word_1_360' title='bbox 2578 2265 2861 2322; x_wconf 87' lang='lat' dir='ltr'>talentum</span> <span class='ocrx_word' id='word_1_361' title='bbox 2914 2269 3076 2339; x_wconf 90' lang='lat' dir='ltr'>juste</span> <span class='ocrx_word' id='word_1_362' title='bbox 3129 2284 3196 2324; x_wconf 90' lang='lat' dir='ltr'>eo</span> <span class='ocrx_word' id='word_1_363' title='bbox 3253 2265 3539 2340; x_wconf 86' lang='lat' dir='ltr'>spoliatur</span> <span class='ocrx_word' id='word_1_364' title='bbox 3595 2267 3802 2337; x_wconf 64' lang='grc' dir='ltr'>(κακὴ.</span> 
     </span>
    </p>
   </div>
   <div class='ocr_carea' id='block_1_53' title="bbox 2150 2355 3805 2428">
    <p class='ocr_par' dir='ltr' id='par_1_53' title="bbox 2150 2355 3805 2428">
     <span class='ocr_line' id='line_1_53' title="bbox 2150 2355 3805 2428; baseline 0.002 -20"><span class='ocrx_word' id='word_1_365' title='bbox 2150 2358 2322 2422; x_wconf 85' lang='lat' dir='ltr'>xxv);</span> <span class='ocrx_word' id='word_1_366' title='bbox 2383 2359 2439 2411; x_wconf 84' lang='lat' dir='ltr'>et</span> <span class='ocrx_word' id='word_1_367' title='bbox 2497 2355 2744 2411; x_wconf 89' lang='lat' dir='ltr'>ﬁculnea</span> <span class='ocrx_word' id='word_1_368' title='bbox 2792 2372 3086 2428; x_wconf 77' lang='lat' dir='ltr'>occupans</span> <span class='ocrx_word' id='word_1_369' title='bbox 3146 2361 3364 2412; x_wconf 83' lang='lat' dir='ltr'>terram</span> <span class='ocrx_word' id='word_1_370' title='bbox 3433 2357 3805 2412; x_wconf 85' lang='lat' dir='ltr'>succinditur</span> 
     </span>
    </p>
   </div>
   <div class='ocr_carea' id='block_1_54' title="bbox 2149 2443 3802 2518">
    <p class='ocr_par' dir='ltr' id='par_1_54' title="bbox 2149 2443 3802 2518">
     <span class='ocr_line' id='line_1_54' title="bbox 2149 2443 3802 2518; baseline 0 -18"><span class='ocrx_word' id='word_1_371' title='bbox 2149 2443 2364 2513; x_wconf 80' lang='lat' dir='ltr'>(Matth.</span> <span class='ocrx_word' id='word_1_372' title='bbox 2396 2447 2534 2513; x_wconf 74' lang='lat' dir='ltr'>xxx),</span> <span class='ocrx_word' id='word_1_373' title='bbox 2567 2449 2626 2500; x_wconf 89' lang='lat' dir='ltr'>et</span> <span class='ocrx_word' id='word_1_374' title='bbox 2645 2444 2815 2515; x_wconf 81' lang='lat' dir='ltr'>juxta</span> <span class='ocrx_word' id='word_1_375' title='bbox 2845 2445 3158 2502; x_wconf 87' lang='lat' dir='ltr'>Jeremiam</span> <span class='ocrx_word' id='word_1_376' title='bbox 3194 2462 3208 2502; x_wconf 90' lang='lat'>:</span> <span class='ocrx_word' id='word_1_377' title='bbox 3242 2445 3558 2502; x_wconf 64' lang='lat' dir='ltr'>Maledictis:</span> <span class='ocrx_word' id='word_1_378' title='bbox 3586 2450 3678 2503; x_wconf 81' lang='lat' dir='ltr'>est</span> <span class='ocrx_word' id='word_1_379' title='bbox 3703 2449 3802 2518; x_wconf 82' lang='lat' dir='ltr'>qui</span> 
     </span>
    </p>
   </div>
   <div class='ocr_carea' id='block_1_55' title="bbox 2145 2534 3800 2606">
    <p class='ocr_par' dir='ltr' id='par_1_55' title="bbox 2145 2534 3800 2606">
     <span class='ocr_line' id='line_1_55' title="bbox 2145 2534 3800 2606; baseline 0.004 -18"><span class='ocrx_word' id='word_1_380' title='bbox 2145 2535 2283 2604; x_wconf 85' lang='lat' dir='ltr'>facit</span> <span class='ocrx_word' id='word_1_381' title='bbox 2314 2549 2446 2606; x_wconf 88' lang='lat' dir='ltr'>opus</span> <span class='ocrx_word' id='word_1_382' title='bbox 2472 2535 2571 2589; x_wconf 87' lang='lat' dir='ltr'>Dei</span> <span class='ocrx_word' id='word_1_383' title='bbox 2598 2535 2936 2606; x_wconf 80' lang='lat' dir='ltr'>negligenter</span> <span class='ocrx_word' id='word_1_384' title='bbox 2961 2537 3089 2606; x_wconf 84' lang='lat' dir='ltr'>(Jer.</span> <span class='ocrx_word' id='word_1_385' title='bbox 3122 2539 3338 2604; x_wconf 72' lang='lat' dir='ltr'>xnvm).</span> <span class='ocrx_word' id='word_1_386' title='bbox 3371 2534 3456 2590; x_wconf 90' lang='lat' dir='ltr'>Ob</span> <span class='ocrx_word' id='word_1_387' title='bbox 3485 2551 3642 2606; x_wconf 82' lang='lat' dir='ltr'>quas</span> <span class='ocrx_word' id='word_1_388' title='bbox 3681 2535 3800 2594; x_wconf 74' lang='grc' dir='ltr'>1ιὸ-</span> 
     </span>
    </p>
   </div>
   <div class='ocr_carea' id='block_1_56' title="bbox 2147 2621 3798 2696">
    <p class='ocr_par' dir='ltr' id='par_1_56' title="bbox 2147 2621 3798 2696">
     <span class='ocr_line' id='line_1_56' title="bbox 2147 2621 3798 2696; baseline 0.002 -20"><span class='ocrx_word' id='word_1_389' title='bbox 2147 2621 2340 2678; x_wconf 88' lang='lat' dir='ltr'>litates</span> <span class='ocrx_word' id='word_1_390' title='bbox 2373 2623 2644 2695; x_wconf 87' lang='lat' dir='ltr'>apparuit</span> <span class='ocrx_word' id='word_1_391' title='bbox 2674 2623 2980 2680; x_wconf 84' lang='lat' dir='ltr'>Christus?</span> <span class='ocrx_word' id='word_1_392' title='bbox 3010 2624 3094 2680; x_wconf 91' lang='lat' dir='ltr'>Ob</span> <span class='ocrx_word' id='word_1_393' title='bbox 3135 2628 3404 2696; x_wconf 89' lang='lat' dir='ltr'>quatuor.</span> <span class='ocrx_word' id='word_1_394' title='bbox 3439 2623 3638 2679; x_wconf 85' lang='lat' dir='ltr'>Prima</span> <span class='ocrx_word' id='word_1_395' title='bbox 3664 2625 3798 2695; x_wconf 69' lang='lat' dir='ltr'>qui~</span> 
     </span>
    </p>
   </div>
   <div class='ocr_carea' id='block_1_57' title="bbox 2145 2712 3795 2785">
    <p class='ocr_par' dir='ltr' id='par_1_57' title="bbox 2145 2712 3795 2785">
     <span class='ocr_line' id='line_1_57' title="bbox 2145 2712 3795 2785; baseline 0.002 -19"><span class='ocrx_word' id='word_1_396' title='bbox 2145 2712 2275 2766; x_wconf 91' lang='lat' dir='ltr'>dem</span> <span class='ocrx_word' id='word_1_397' title='bbox 2308 2717 2414 2779; x_wconf 89' lang='lat' dir='ltr'>est,</span> <span class='ocrx_word' id='word_1_398' title='bbox 2448 2713 2676 2781; x_wconf 88' lang='lat' dir='ltr'>fratres,</span> <span class='ocrx_word' id='word_1_399' title='bbox 2714 2717 2776 2768; x_wconf 88' lang='lat' dir='ltr'>ut</span> <span class='ocrx_word' id='word_1_400' title='bbox 2804 2713 3066 2785; x_wconf 85' lang='lat' dir='ltr'>exemplo</span> <span class='ocrx_word' id='word_1_401' title='bbox 3097 2717 3155 2769; x_wconf 90' lang='lat' dir='ltr'>et</span> <span class='ocrx_word' id='word_1_402' title='bbox 3186 2713 3359 2770; x_wconf 89' lang='lat' dir='ltr'>verbo</span> <span class='ocrx_word' id='word_1_403' title='bbox 3389 2713 3687 2784; x_wconf 81' lang='lat' dir='ltr'>quomodo</span> <span class='ocrx_word' id='word_1_404' title='bbox 3719 2713 3795 2769; x_wconf 76' lang='lat' dir='ltr'>vi-</span> 
     </span>
    </p>
   </div>
   <div class='ocr_carea' id='block_1_58' title="bbox 2142 2801 3789 2874">
    <p class='ocr_par' dir='ltr' id='par_1_58' title="bbox 2142 2801 3789 2874">
     <span class='ocr_line' id='line_1_58' title="bbox 2142 2801 3789 2874; baseline 0 -18"><span class='ocrx_word' id='word_1_405' title='bbox 2142 2802 2396 2856; x_wconf 90' lang='lat' dir='ltr'>vendum</span> <span class='ocrx_word' id='word_1_406' title='bbox 2418 2805 2474 2856; x_wconf 91' lang='lat' dir='ltr'>et</span> <span class='ocrx_word' id='word_1_407' title='bbox 2501 2819 2615 2874; x_wconf 91' lang='lat' dir='ltr'>quo</span> <span class='ocrx_word' id='word_1_408' title='bbox 2633 2802 3029 2858; x_wconf 89' lang='lat' dir='ltr'>festinandum</span> <span class='ocrx_word' id='word_1_409' title='bbox 3049 2802 3219 2858; x_wconf 88' lang='lat' dir='ltr'>nobis</span> <span class='ocrx_word' id='word_1_410' title='bbox 3236 2802 3312 2857; x_wconf 90' lang='lat' dir='ltr'>sit</span> <span class='ocrx_word' id='word_1_411' title='bbox 3337 2801 3789 2858; x_wconf 83' lang='lat' dir='ltr'>demonstraret.</span> 
     </span>
    </p>
   </div>
   <div class='ocr_carea' id='block_1_59' title="bbox 2143 2889 3790 2962">
    <p class='ocr_par' dir='ltr' id='par_1_59' title="bbox 2143 2889 3790 2962">
     <span class='ocr_line' id='line_1_59' title="bbox 2143 2889 3790 2962; baseline 0.002 -18"><span class='ocrx_word' id='word_1_412' title='bbox 2143 2889 2302 2945; x_wconf 88' lang='lat' dir='ltr'>Hanc</span> <span class='ocrx_word' id='word_1_413' title='bbox 2332 2890 2494 2962; x_wconf 89' lang='lat' dir='ltr'>ponit</span> <span class='ocrx_word' id='word_1_414' title='bbox 2523 2889 2838 2962; x_wconf 89' lang='lat' dir='ltr'>Apostolus</span> <span class='ocrx_word' id='word_1_415' title='bbox 2869 2907 3002 2946; x_wconf 92' lang='lat' dir='ltr'>cum</span> <span class='ocrx_word' id='word_1_416' title='bbox 3043 2889 3186 2945; x_wconf 90' lang='lat' dir='ltr'>dicit</span> <span class='ocrx_word' id='word_1_417' title='bbox 3219 2907 3232 2945; x_wconf 88' lang='lat'><strong>:</strong></span> <span class='ocrx_word' id='word_1_418' title='bbox 3264 2890 3532 2947; x_wconf 83' lang='lat' dir='ltr'>Erudiens</span> <span class='ocrx_word' id='word_1_419' title='bbox 3576 2907 3698 2958; x_wconf 86' lang='lat' dir='ltr'>nos,</span> <span class='ocrx_word' id='word_1_420' title='bbox 3732 2901 3790 2948; x_wconf 83' lang='lat' dir='ltr'>ut</span> 
     </span>
    </p>
   </div>
   <div class='ocr_carea' id='block_1_60' title="bbox 2141 2978 3790 3050">
    <p class='ocr_par' dir='ltr' id='par_1_60' title="bbox 2141 2978 3790 3050">
     <span class='ocr_line' id='line_1_60' title="bbox 2141 2978 3790 3050; baseline 0.001 -17"><span class='ocrx_word' id='word_1_421' title='bbox 2141 2980 2468 3048; x_wconf 82' lang='lat' dir='ltr'>abnegantes</span> <span class='ocrx_word' id='word_1_422' title='bbox 2498 2981 2851 3050; x_wconf 82' lang='lat' dir='ltr'>impietatem,</span> <span class='ocrx_word' id='word_1_423' title='bbox 2877 2979 2935 3034; x_wconf 90' lang='lat' dir='ltr'>id</span> <span class='ocrx_word' id='word_1_424' title='bbox 2964 2984 3054 3035; x_wconf 90' lang='lat' dir='ltr'>est</span> <span class='ocrx_word' id='word_1_425' title='bbox 3083 2978 3510 3046; x_wconf 87' lang='lat' dir='ltr'>inﬁdelitatem,</span> <span class='ocrx_word' id='word_1_426' title='bbox 3533 2989 3588 3034; x_wconf 82' lang='lat' dir='ltr'>et</span> <span class='ocrx_word' id='word_1_427' title='bbox 3617 2995 3790 3037; x_wconf 63' lang='lat' dir='ltr'>areu-</span> 
     </span>
    </p>
   </div>
   <div class='ocr_carea' id='block_1_61' title="bbox 2143 3067 3790 3136">
    <p class='ocr_par' dir='ltr' id='par_1_61' title="bbox 2143 3067 3790 3136">
     <span class='ocr_line' id='line_1_61' title="bbox 2143 3067 3790 3136; baseline 0.002 -14"><span class='ocrx_word' id='word_1_428' title='bbox 2143 3069 2290 3124; x_wconf 87' lang='lat' dir='ltr'>laria</span> <span class='ocrx_word' id='word_1_429' title='bbox 2333 3068 2622 3134; x_wconf 83' lang='lat' dir='ltr'>desideria,</span> <span class='ocrx_word' id='word_1_430' title='bbox 2657 3067 2714 3123; x_wconf 92' lang='lat' dir='ltr'>id</span> <span class='ocrx_word' id='word_1_431' title='bbox 2761 3073 2849 3124; x_wconf 90' lang='lat' dir='ltr'>est</span> <span class='ocrx_word' id='word_1_432' title='bbox 2895 3069 3091 3124; x_wconf 90' lang='lat' dir='ltr'>omnia</span> <span class='ocrx_word' id='word_1_433' title='bbox 3132 3068 3290 3136; x_wconf 90' lang='lat' dir='ltr'>vitia,</span> <span class='ocrx_word' id='word_1_434' title='bbox 3323 3071 3570 3124; x_wconf 83' lang='lat' dir='ltr'>vivamus</span> <span class='ocrx_word' id='word_1_435' title='bbox 3610 3071 3790 3127; x_wconf 78' lang='lat' dir='ltr'>sobrie</span> 
     </span>
    </p>
   </div>
   <div class='ocr_carea' id='block_1_62' title="bbox 2141 3157 3789 3230">
    <p class='ocr_par' dir='ltr' id='par_1_62' title="bbox 2141 3157 3789 3230">
     <span class='ocr_line' id='line_1_62' title="bbox 2141 3157 3789 3230; baseline 0.002 -18"><span class='ocrx_word' id='word_1_436' title='bbox 2141 3157 2200 3212; x_wconf 90' lang='lat' dir='ltr'>in</span> <span class='ocrx_word' id='word_1_437' title='bbox 2259 3174 2386 3225; x_wconf 91' lang='lat' dir='ltr'>nos,</span> <span class='ocrx_word' id='word_1_438' title='bbox 2414 3165 2464 3212; x_wconf 88' lang='lat' dir='ltr'>et</span> <span class='ocrx_word' id='word_1_439' title='bbox 2497 3159 2647 3229; x_wconf 87' lang='lat' dir='ltr'>juste</span> <span class='ocrx_word' id='word_1_440' title='bbox 2700 3157 2759 3212; x_wconf 89' lang='lat' dir='ltr'>in</span> <span class='ocrx_word' id='word_1_441' title='bbox 2808 3157 3161 3229; x_wconf 85' lang='lat' dir='ltr'>proximum,</span> <span class='ocrx_word' id='word_1_442' title='bbox 3207 3159 3299 3230; x_wconf 88' lang='lat' dir='ltr'>pie</span> <span class='ocrx_word' id='word_1_443' title='bbox 3345 3157 3404 3212; x_wconf 93' lang='lat' dir='ltr'>in</span> <span class='ocrx_word' id='word_1_444' title='bbox 3453 3158 3661 3222; x_wconf 90' lang='lat' dir='ltr'>Deum,</span> <span class='ocrx_word' id='word_1_445' title='bbox 3695 3175 3789 3215; x_wconf 74' lang='lat' dir='ltr'>ex-</span> 
     </span>
    </p>
   </div>
   <div class='ocr_carea' id='block_1_63' title="bbox 389 3228 3789 3321">
    <p class='ocr_par' dir='ltr' id='par_1_63' title="bbox 389 3228 3789 3321">
     <span class='ocr_line' id='line_1_63' title="bbox 389 3228 3789 3321; baseline -0 -17"><span class='ocrx_word' id='word_1_446' title='bbox 389 3228 656 3321; x_wconf 79' lang='lat' dir='ltr'>Apparuit</span> <span class='ocrx_word' id='word_1_447' title='bbox 682 3249 861 3318; x_wconf 87' lang='lat' dir='ltr'>gratia</span> <span class='ocrx_word' id='word_1_448' title='bbox 889 3228 1005 3312; x_wconf 81' lang='lat' dir='ltr'>Dei,</span> <span class='ocrx_word' id='word_1_449' title='bbox 1041 3245 1098 3300; x_wconf 92' lang='lat' dir='ltr'>id</span> <span class='ocrx_word' id='word_1_450' title='bbox 1130 3249 1217 3300; x_wconf 89' lang='lat' dir='ltr'>est</span> <span class='ocrx_word' id='word_1_451' title='bbox 1245 3245 1399 3300; x_wconf 91' lang='lat' dir='ltr'>Deus</span> <span class='ocrx_word' id='word_1_452' title='bbox 1431 3262 1534 3317; x_wconf 91' lang='lat' dir='ltr'>per</span> <span class='ocrx_word' id='word_1_453' title='bbox 1559 3245 1828 3317; x_wconf 84' lang='lat' dir='ltr'>gratiam,</span> <span class='ocrx_word' id='word_1_454' title='bbox 1853 3250 2031 3303; x_wconf 86' lang='lat' dir='ltr'>omni-</span> <span class='ocrx_word' id='word_1_455' title='bbox 2061 3228 2102 3294; x_wconf 67' lang='grc' dir='ltr'>ί]</span> <span class='ocrx_word' id='word_1_456' title='bbox 2141 3254 2430 3318; x_wconf 78' lang='lat' dir='ltr'>spectantes</span> <span class='ocrx_word' id='word_1_457' title='bbox 2461 3228 2661 3302; x_wconf 87' lang='lat' dir='ltr'>secure</span> <span class='ocrx_word' id='word_1_458' title='bbox 2701 3228 2911 3302; x_wconf 85' lang='lat' dir='ltr'>beatam</span> <span class='ocrx_word' id='word_1_459' title='bbox 2960 3263 3109 3319; x_wconf 83' lang='lat' dir='ltr'>spem</span> <span class='ocrx_word' id='word_1_460' title='bbox 3159 3228 3220 3302; x_wconf 17' lang='lat' dir='ltr'>et:</span> <span class='ocrx_word' id='word_1_461' title='bbox 3255 3246 3547 3303; x_wconf 84' lang='lat' dir='ltr'>adventum</span> <span class='ocrx_word' id='word_1_462' title='bbox 3595 3249 3789 3303; x_wconf 85' lang='lat' dir='ltr'>Domi-</span> 
     </span>
    </p>
   </div>
   <div class='ocr_carea' id='block_1_64' title="bbox 393 3334 2031 3393">
    <p class='ocr_par' dir='ltr' id='par_1_64' title="bbox 393 3334 2031 3393">
     <span class='ocr_line' id='line_1_64' title="bbox 393 3334 2031 3393; baseline -0.001 0"><span class='ocrx_word' id='word_1_463' title='bbox 393 3338 490 3393; x_wconf 87' lang='lat' dir='ltr'>bus</span> <span class='ocrx_word' id='word_1_464' title='bbox 519 3337 831 3393; x_wconf 85' lang='lat' dir='ltr'>hominibus</span> <span class='ocrx_word' id='word_1_465' title='bbox 861 3335 1114 3390; x_wconf 81' lang='lat' dir='ltr'>erudiens</span> <span class='ocrx_word' id='word_1_466' title='bbox 1143 3350 1240 3388; x_wconf 87' lang='lat' dir='ltr'>nos</span> <span class='ocrx_word' id='word_1_467' title='bbox 1271 3338 1380 3389; x_wconf 93' lang='lat' dir='ltr'>etc.</span> <span class='ocrx_word' id='word_1_468' title='bbox 1415 3334 1679 3389; x_wconf 86' lang='lat' dir='ltr'>Ostendit</span> <span class='ocrx_word' id='word_1_469' title='bbox 1709 3339 1904 3390; x_wconf 89' lang='lat' dir='ltr'>autem</span> <span class='ocrx_word' id='word_1_470' title='bbox 1937 3336 2031 3391; x_wconf 91' lang='lat' dir='ltr'>hic</span> 
     </span>
    </p>
   </div>
   <div class='ocr_carea' id='block_1_65' title="bbox 391 3421 2030 3499">
    <p class='ocr_par' dir='ltr' id='par_1_65' title="bbox 391 3421 2030 3499">
     <span class='ocr_line' id='line_1_65' title="bbox 391 3421 2030 3499; baseline -0.001 -18"><span class='ocrx_word' id='word_1_471' title='bbox 391 3426 524 3499; x_wconf 89' lang='lat' dir='ltr'>quis</span> <span class='ocrx_word' id='word_1_472' title='bbox 551 3429 608 3480; x_wconf 89' lang='lat' dir='ltr'>et</span> <span class='ocrx_word' id='word_1_473' title='bbox 630 3429 886 3495; x_wconf 89' lang='lat' dir='ltr'>quantus</span> <span class='ocrx_word' id='word_1_474' title='bbox 917 3421 1208 3495; x_wconf 88' lang='lat' dir='ltr'>apparuit,</span> <span class='ocrx_word' id='word_1_475' title='bbox 1230 3422 1519 3493; x_wconf 90' lang='lat' dir='ltr'>quomodo</span> <span class='ocrx_word' id='word_1_476' title='bbox 1551 3426 1608 3476; x_wconf 92' lang='lat' dir='ltr'>et</span> <span class='ocrx_word' id='word_1_477' title='bbox 1637 3422 1937 3494; x_wconf 90' lang='lat' dir='ltr'>quibus,et</span> <span class='ocrx_word' id='word_1_478' title='bbox 1957 3425 2030 3480; x_wconf 94' lang='lat' dir='ltr'>ob</span> 
     </span>
    </p>
   </div>
   <div class='ocr_carea' id='block_1_66' title="bbox 390 3511 2030 3586">
    <p class='ocr_par' dir='ltr' id='par_1_66' title="bbox 390 3511 2030 3586">
     <span class='ocr_line' id='line_1_66' title="bbox 390 3511 2030 3586; baseline 0 -18"><span class='ocrx_word' id='word_1_479' title='bbox 390 3530 536 3586; x_wconf 89' lang='lat' dir='ltr'>quas</span> <span class='ocrx_word' id='word_1_480' title='bbox 560 3512 841 3568; x_wconf 86' lang='lat' dir='ltr'>utilitates</span> <span class='ocrx_word' id='word_1_481' title='bbox 871 3515 1122 3566; x_wconf 90' lang='lat' dir='ltr'>nostras.</span> <span class='ocrx_word' id='word_1_482' title='bbox 1147 3511 1288 3576; x_wconf 87' lang='lat' dir='ltr'>Quis</span> <span class='ocrx_word' id='word_1_483' title='bbox 1317 3515 1374 3566; x_wconf 90' lang='lat' dir='ltr'>et</span> <span class='ocrx_word' id='word_1_484' title='bbox 1404 3511 1698 3582; x_wconf 88' lang='lat' dir='ltr'>quantus?</span> <span class='ocrx_word' id='word_1_485' title='bbox 1728 3511 1900 3578; x_wconf 90' lang='lat' dir='ltr'>Deus,</span> <span class='ocrx_word' id='word_1_486' title='bbox 1931 3512 2030 3568; x_wconf 92' lang='lat' dir='ltr'>Dei</span> 
     </span>
    </p>
   </div>
   <div class='ocr_carea' id='block_1_67' title="bbox 390 3597 2030 3672">
    <p class='ocr_par' dir='ltr' id='par_1_67' title="bbox 390 3597 2030 3672">
     <span class='ocr_line' id='line_1_67' title="bbox 390 3597 2030 3672; baseline 0.001 -16"><span class='ocrx_word' id='word_1_487' title='bbox 390 3601 683 3657; x_wconf 84' lang='lat' dir='ltr'>ﬁlius.Sed</span> <span class='ocrx_word' id='word_1_488' title='bbox 717 3600 1010 3672; x_wconf 91' lang='lat' dir='ltr'>quomodo</span> <span class='ocrx_word' id='word_1_489' title='bbox 1041 3597 1350 3654; x_wconf 89' lang='lat' dir='ltr'>invisibilis</span> <span class='ocrx_word' id='word_1_490' title='bbox 1373 3616 1648 3671; x_wconf 89' lang='lat' dir='ltr'>apparere</span> <span class='ocrx_word' id='word_1_491' title='bbox 1680 3602 2030 3672; x_wconf 90' lang='lat' dir='ltr'>potuit,cum</span> 
     </span>
    </p>
   </div>
   <div class='ocr_carea' id='block_1_68' title="bbox 390 3687 2028 3762">
    <p class='ocr_par' dir='ltr' id='par_1_68' title="bbox 390 3687 2028 3762">
     <span class='ocr_line' id='line_1_68' title="bbox 390 3687 2028 3762; baseline 0.001 -17"><span class='ocrx_word' id='word_1_492' title='bbox 390 3689 675 3762; x_wconf 88' lang='lat' dir='ltr'>scriptum</span> <span class='ocrx_word' id='word_1_493' title='bbox 708 3689 786 3744; x_wconf 90' lang='lat' dir='ltr'>sit</span> <span class='ocrx_word' id='word_1_494' title='bbox 820 3705 833 3743; x_wconf 88' lang='lat'>:</span> <span class='ocrx_word' id='word_1_495' title='bbox 865 3689 1036 3743; x_wconf 88' lang='lat' dir='ltr'>Deum</span> <span class='ocrx_word' id='word_1_496' title='bbox 1064 3703 1220 3743; x_wconf 86' lang='lat' dir='ltr'>nemo</span> <span class='ocrx_word' id='word_1_497' title='bbox 1261 3687 1400 3742; x_wconf 86' lang='lat' dir='ltr'>vidit</span> <span class='ocrx_word' id='word_1_498' title='bbox 1438 3705 1681 3759; x_wconf 86' lang='lat' dir='ltr'>unquam</span> <span class='ocrx_word' id='word_1_499' title='bbox 1709 3691 1887 3756; x_wconf 88' lang='lat' dir='ltr'>(Joan.</span> <span class='ocrx_word' id='word_1_500' title='bbox 1931 3691 2028 3762; x_wconf 87' lang='lat' dir='ltr'>Iv).</span> 
     </span>
    </p>
   </div>
   <div class='ocr_carea' id='block_1_69' title="bbox 387 3775 2029 3849">
    <p class='ocr_par' dir='ltr' id='par_1_69' title="bbox 387 3775 2029 3849">
     <span class='ocr_line' id='line_1_69' title="bbox 387 3775 2029 3849; baseline 0.002 -19"><span class='ocrx_word' id='word_1_501' title='bbox 387 3776 604 3833; x_wconf 87' lang='lat' dir='ltr'>Verum</span> <span class='ocrx_word' id='word_1_502' title='bbox 636 3777 852 3849; x_wconf 90' lang='lat' dir='ltr'>quippe</span> <span class='ocrx_word' id='word_1_503' title='bbox 882 3780 989 3842; x_wconf 87' lang='lat' dir='ltr'>est,</span> <span class='ocrx_word' id='word_1_504' title='bbox 1024 3777 1252 3843; x_wconf 88' lang='lat' dir='ltr'>fratres,</span> <span class='ocrx_word' id='word_1_505' title='bbox 1291 3776 1443 3847; x_wconf 92' lang='lat' dir='ltr'>quod</span> <span class='ocrx_word' id='word_1_506' title='bbox 1493 3775 1594 3831; x_wconf 89' lang='lat' dir='ltr'>Dei</span> <span class='ocrx_word' id='word_1_507' title='bbox 1638 3776 1872 3834; x_wconf 89' lang='lat' dir='ltr'>claritas</span> <span class='ocrx_word' id='word_1_508' title='bbox 1919 3778 2029 3833; x_wconf 91' lang='lat' dir='ltr'>im-</span> 
     </span>
    </p>
   </div>
   <div class='ocr_carea' id='block_1_70' title="bbox 389 3864 2028 3938">
    <p class='ocr_par' dir='ltr' id='par_1_70' title="bbox 389 3864 2028 3938">
     <span class='ocr_line' id='line_1_70' title="bbox 389 3864 2028 3938; baseline 0.001 -16"><span class='ocrx_word' id='word_1_509' title='bbox 389 3883 594 3922; x_wconf 90' lang='lat' dir='ltr'>mensa</span> <span class='ocrx_word' id='word_1_510' title='bbox 623 3883 729 3923; x_wconf 91' lang='lat' dir='ltr'>nec</span> <span class='ocrx_word' id='word_1_511' title='bbox 759 3865 1002 3934; x_wconf 88' lang='lat' dir='ltr'>carnali,</span> <span class='ocrx_word' id='word_1_512' title='bbox 1037 3881 1143 3920; x_wconf 90' lang='lat' dir='ltr'>nec</span> <span class='ocrx_word' id='word_1_513' title='bbox 1173 3865 1463 3936; x_wconf 89' lang='lat' dir='ltr'>spirituali</span> <span class='ocrx_word' id='word_1_514' title='bbox 1495 3864 1682 3934; x_wconf 92' lang='lat' dir='ltr'>oculo,</span> <span class='ocrx_word' id='word_1_515' title='bbox 1719 3872 1890 3938; x_wconf 88' lang='lat' dir='ltr'>prout</span> <span class='ocrx_word' id='word_1_516' title='bbox 1919 3873 2028 3936; x_wconf 91' lang='lat' dir='ltr'>est,</span> 
     </span>
    </p>
   </div>
   <div class='ocr_carea' id='block_1_71' title="bbox 386 3952 2033 4030">
    <p class='ocr_par' dir='ltr' id='par_1_71' title="bbox 386 3952 2033 4030">
     <span class='ocr_line' id='line_1_71' title="bbox 386 3952 2033 4030; baseline 0.001 -19"><span class='ocrx_word' id='word_1_517' title='bbox 386 3954 568 4011; x_wconf 90' lang='lat' dir='ltr'>videri</span> <span class='ocrx_word' id='word_1_518' title='bbox 600 3958 812 4027; x_wconf 88' lang='lat' dir='ltr'>potest.</span> <span class='ocrx_word' id='word_1_519' title='bbox 849 3954 1064 4010; x_wconf 83' lang='lat' dir='ltr'>Revera</span> <span class='ocrx_word' id='word_1_520' title='bbox 1093 3953 1250 4008; x_wconf 90' lang='lat' dir='ltr'>enim</span> <span class='ocrx_word' id='word_1_521' title='bbox 1282 3952 1377 4009; x_wconf 89' lang='lat' dir='ltr'>ille</span> <span class='ocrx_word' id='word_1_522' title='bbox 1407 3953 1766 4025; x_wconf 90' lang='lat' dir='ltr'>splendor,et</span> <span class='ocrx_word' id='word_1_523' title='bbox 1797 3955 1896 4012; x_wconf 93' lang='lat' dir='ltr'>illa</span> <span class='ocrx_word' id='word_1_524' title='bbox 1916 3955 2033 4030; x_wconf 88' lang='lat' dir='ltr'>glo-</span> 
     </span>
    </p>
   </div>
   <div class='ocr_carea' id='block_1_72' title="bbox 389 4041 2031 4117">
    <p class='ocr_par' dir='ltr' id='par_1_72' title="bbox 389 4041 2031 4117">
     <span class='ocr_line' id='line_1_72' title="bbox 389 4041 2031 4117; baseline 0.001 -17"><span class='ocrx_word' id='word_1_525' title='bbox 389 4044 478 4100; x_wconf 88' lang='lat' dir='ltr'>ria</span> <span class='ocrx_word' id='word_1_526' title='bbox 502 4042 907 4117; x_wconf 82' lang='lat' dir='ltr'>superexcellit</span> <span class='ocrx_word' id='word_1_527' title='bbox 942 4043 1274 4098; x_wconf 84' lang='lat' dir='ltr'>universam</span> <span class='ocrx_word' id='word_1_528' title='bbox 1307 4041 1880 4114; x_wconf 88' lang='lat' dir='ltr'>contemplationem,</span> <span class='ocrx_word' id='word_1_529' title='bbox 1915 4062 2031 4101; x_wconf 91' lang='lat' dir='ltr'>non</span> 
     </span>
    </p>
   </div>
   <div class='ocr_carea' id='block_1_73' title="bbox 388 4130 2031 4204">
    <p class='ocr_par' dir='ltr' id='par_1_73' title="bbox 388 4130 2031 4204">
     <span class='ocr_line' id='line_1_73' title="bbox 388 4130 2031 4204; baseline -0.001 -14"><span class='ocrx_word' id='word_1_530' title='bbox 388 4133 579 4190; x_wconf 91' lang='lat' dir='ltr'>solum</span> <span class='ocrx_word' id='word_1_531' title='bbox 605 4131 1042 4200; x_wconf 88' lang='lat' dir='ltr'>hominum,sed</span> <span class='ocrx_word' id='word_1_532' title='bbox 1061 4130 1234 4187; x_wconf 89' lang='lat' dir='ltr'>etiam</span> <span class='ocrx_word' id='word_1_533' title='bbox 1253 4130 1874 4204; x_wconf 88' lang='lat' dir='ltr'>archangelorum.Sed</span> <span class='ocrx_word' id='word_1_534' title='bbox 1896 4151 2031 4189; x_wconf 90' lang='lat' dir='ltr'>cum</span> 
     </span>
    </p>
   </div>
   <div class='ocr_carea' id='block_1_74' title="bbox 386 4219 2033 4279">
    <p class='ocr_par' dir='ltr' id='par_1_74' title="bbox 386 4219 2033 4279">
     <span class='ocr_line' id='line_1_74' title="bbox 386 4219 2033 4279; baseline 0.001 -2"><span class='ocrx_word' id='word_1_535' title='bbox 386 4221 678 4278; x_wconf 89' lang='lat' dir='ltr'>immensa</span> <span class='ocrx_word' id='word_1_536' title='bbox 702 4219 1496 4277; x_wconf 72' lang='lat' dir='ltr'>Deimisericordiahumanaa</span> <span class='ocrx_word' id='word_1_537' title='bbox 1523 4221 1792 4277; x_wconf 88' lang='lat' dir='ltr'>tenebras</span> <span class='ocrx_word' id='word_1_538' title='bbox 1814 4224 2033 4279; x_wconf 64' lang='lat' dir='ltr'>circita-</span> 
     </span>
    </p>
   </div>
   <div class='ocr_carea' id='block_1_75' title="bbox 387 4308 2031 4384">
    <p class='ocr_par' dir='ltr' id='par_1_75' title="bbox 387 4308 2031 4384">
     <span class='ocr_line' id='line_1_75' title="bbox 387 4308 2031 4384; baseline -0.001 -16"><span class='ocrx_word' id='word_1_539' title='bbox 387 4311 466 4368; x_wconf 89' lang='lat' dir='ltr'>tis</span> <span class='ocrx_word' id='word_1_540' title='bbox 495 4311 803 4384; x_wconf 88' lang='lat' dir='ltr'>splendore</span> <span class='ocrx_word' id='word_1_541' title='bbox 833 4326 938 4365; x_wconf 90' lang='lat' dir='ltr'>suo</span> <span class='ocrx_word' id='word_1_542' title='bbox 968 4308 1140 4365; x_wconf 85' lang='lat' dir='ltr'>vellet</span> <span class='ocrx_word' id='word_1_543' title='bbox 1182 4308 1497 4376; x_wconf 88' lang='lat' dir='ltr'>illustrare,</span> <span class='ocrx_word' id='word_1_544' title='bbox 1529 4310 1722 4366; x_wconf 90' lang='lat' dir='ltr'>carnis</span> <span class='ocrx_word' id='word_1_545' title='bbox 1751 4310 2031 4367; x_wconf 89' lang='lat' dir='ltr'>velamine</span> 
     </span>
    </p>
   </div>
   <div class='ocr_carea' id='block_1_76' title="bbox 387 4397 2029 4472">
    <p class='ocr_par' dir='ltr' id='par_1_76' title="bbox 387 4397 2029 4472">
     <span class='ocr_line' id='line_1_76' title="bbox 387 4397 2029 4472; baseline -0.002 -14"><span class='ocrx_word' id='word_1_546' title='bbox 387 4418 563 4458; x_wconf 88' lang='lat' dir='ltr'>suum</span> <span class='ocrx_word' id='word_1_547' title='bbox 591 4399 802 4460; x_wconf 85' lang='lat' dir='ltr'>velavit</span> <span class='ocrx_word' id='word_1_548' title='bbox 833 4399 1138 4472; x_wconf 88' lang='lat' dir='ltr'>fulgorem,</span> <span class='ocrx_word' id='word_1_549' title='bbox 1174 4403 1237 4453; x_wconf 91' lang='lat' dir='ltr'>ut</span> <span class='ocrx_word' id='word_1_550' title='bbox 1268 4397 1350 4452; x_wconf 89' lang='lat' dir='ltr'>sic</span> <span class='ocrx_word' id='word_1_551' title='bbox 1399 4398 1712 4454; x_wconf 86' lang='lat' dir='ltr'>inﬁrmitas</span> <span class='ocrx_word' id='word_1_552' title='bbox 1761 4399 2029 4456; x_wconf 72' lang='lat' dir='ltr'>humanae</span> 
     </span>
    </p>
   </div>
   <div class='ocr_carea' id='block_1_77' title="bbox 387 4487 2028 4562">
    <p class='ocr_par' dir='ltr' id='par_1_77' title="bbox 387 4487 2028 4562">
     <span class='ocr_line' id='line_1_77' title="bbox 387 4487 2028 4562; baseline -0.001 -16"><span class='ocrx_word' id='word_1_553' title='bbox 387 4487 893 4562; x_wconf 88' lang='lat' dir='ltr'>contemplationis</span> <span class='ocrx_word' id='word_1_554' title='bbox 926 4504 1158 4560; x_wconf 89' lang='lat' dir='ltr'>quoquo</span> <span class='ocrx_word' id='word_1_555' title='bbox 1183 4487 1355 4542; x_wconf 90' lang='lat' dir='ltr'>modo</span> <span class='ocrx_word' id='word_1_556' title='bbox 1386 4503 1520 4542; x_wconf 89' lang='lat' dir='ltr'>eum</span> <span class='ocrx_word' id='word_1_557' title='bbox 1551 4487 1766 4543; x_wconf 89' lang='lat' dir='ltr'>valeret</span> <span class='ocrx_word' id='word_1_558' title='bbox 1795 4488 2028 4545; x_wconf 89' lang='lat' dir='ltr'>intueri.</span> 
     </span>
    </p>
   </div>
   <div class='ocr_carea' id='block_1_78' title="bbox 2137 3336 3789 3407">
    <p class='ocr_par' dir='ltr' id='par_1_78' title="bbox 2137 3336 3789 3407">
     <span class='ocr_line' id='line_1_78' title="bbox 2137 3336 3789 3407; baseline 0 -15"><span class='ocrx_word' id='word_1_559' title='bbox 2137 3337 2220 3392; x_wconf 86' lang='lat' dir='ltr'>ni.</span> <span class='ocrx_word' id='word_1_560' title='bbox 2267 3336 2419 3391; x_wconf 92' lang='lat' dir='ltr'>Ordo</span> <span class='ocrx_word' id='word_1_561' title='bbox 2469 3339 2877 3407; x_wconf 84' lang='lat' dir='ltr'>praeposterus,</span> <span class='ocrx_word' id='word_1_562' title='bbox 2911 3337 3223 3392; x_wconf 87' lang='lat' dir='ltr'>adventum</span> <span class='ocrx_word' id='word_1_563' title='bbox 3274 3336 3374 3390; x_wconf 88' lang='lat' dir='ltr'>Dei</span> <span class='ocrx_word' id='word_1_564' title='bbox 3434 3337 3789 3403; x_wconf 89' lang='lat' dir='ltr'>secundum,</span> 
     </span>
    </p>
   </div>
   <div class='ocr_carea' id='block_1_79' title="bbox 2139 3424 3790 3498">
    <p class='ocr_par' dir='ltr' id='par_1_79' title="bbox 2139 3424 3790 3498">
     <span class='ocr_line' id='line_1_79' title="bbox 2139 3424 3790 3498; baseline 0 -17"><span class='ocrx_word' id='word_1_565' title='bbox 2139 3424 2359 3481; x_wconf 89' lang='lat' dir='ltr'>scilicet</span> <span class='ocrx_word' id='word_1_566' title='bbox 2388 3425 2461 3479; x_wconf 92' lang='lat' dir='ltr'>ad</span> <span class='ocrx_word' id='word_1_567' title='bbox 2483 3424 2775 3495; x_wconf 91' lang='lat' dir='ltr'>judicium</span> <span class='ocrx_word' id='word_1_568' title='bbox 2801 3442 2816 3493; x_wconf 90' lang='lat'><strong>;</strong></span> <span class='ocrx_word' id='word_1_569' title='bbox 2851 3429 2909 3480; x_wconf 90' lang='lat' dir='ltr'>et</span> <span class='ocrx_word' id='word_1_570' title='bbox 2933 3426 3161 3481; x_wconf 90' lang='lat' dir='ltr'>beatam</span> <span class='ocrx_word' id='word_1_571' title='bbox 3194 3441 3380 3497; x_wconf 89' lang='lat' dir='ltr'>spem,</span> <span class='ocrx_word' id='word_1_572' title='bbox 3415 3425 3472 3479; x_wconf 90' lang='lat' dir='ltr'>id</span> <span class='ocrx_word' id='word_1_573' title='bbox 3502 3429 3592 3480; x_wconf 88' lang='lat' dir='ltr'>est</span> <span class='ocrx_word' id='word_1_574' title='bbox 3623 3442 3790 3498; x_wconf 86' lang='lat' dir='ltr'>spem</span> 
     </span>
    </p>
   </div>
   <div class='ocr_carea' id='block_1_80' title="bbox 2139 3511 3792 3569">
    <p class='ocr_par' dir='ltr' id='par_1_80' title="bbox 2139 3511 3792 3569">
     <span class='ocr_line' id='line_1_80' title="bbox 2139 3511 3792 3569; baseline 0 0"><span class='ocrx_word' id='word_1_575' title='bbox 2139 3513 2539 3569; x_wconf 90' lang='lat' dir='ltr'>beatitudinis.</span> <span class='ocrx_word' id='word_1_576' title='bbox 2565 3513 2832 3569; x_wconf 84' lang='lat' dir='ltr'>Secunda</span> <span class='ocrx_word' id='word_1_577' title='bbox 2856 3529 2988 3569; x_wconf 92' lang='lat' dir='ltr'>vero</span> <span class='ocrx_word' id='word_1_578' title='bbox 3019 3528 3198 3568; x_wconf 91' lang='lat' dir='ltr'>causa</span> <span class='ocrx_word' id='word_1_579' title='bbox 3227 3511 3449 3568; x_wconf 88' lang='lat' dir='ltr'>utilitas</span> <span class='ocrx_word' id='word_1_580' title='bbox 3480 3517 3684 3568; x_wconf 86' lang='lat' dir='ltr'>nostra</span> <span class='ocrx_word' id='word_1_581' title='bbox 3700 3519 3792 3569; x_wconf 89' lang='lat' dir='ltr'>est</span> 
     </span>
    </p>
   </div>
   <div class='ocr_carea' id='block_1_81' title="bbox 2141 3601 3789 3677">
    <p class='ocr_par' dir='ltr' id='par_1_81' title="bbox 2141 3601 3789 3677">
     <span class='ocr_line' id='line_1_81' title="bbox 2141 3601 3789 3677; baseline 0.001 -20"><span class='ocrx_word' id='word_1_582' title='bbox 2141 3619 2256 3675; x_wconf 88' lang='lat' dir='ltr'>qua</span> <span class='ocrx_word' id='word_1_583' title='bbox 2286 3602 2554 3658; x_wconf 89' lang='lat' dir='ltr'>Christus</span> <span class='ocrx_word' id='word_1_584' title='bbox 2585 3602 2876 3674; x_wconf 90' lang='lat' dir='ltr'>apparuit,</span> <span class='ocrx_word' id='word_1_585' title='bbox 2911 3606 2976 3657; x_wconf 90' lang='lat' dir='ltr'>ut</span> <span class='ocrx_word' id='word_1_586' title='bbox 3026 3601 3389 3667; x_wconf 86' lang='lat' dir='ltr'>charitatem,</span> <span class='ocrx_word' id='word_1_587' title='bbox 3422 3618 3602 3674; x_wconf 86' lang='lat' dir='ltr'>quam</span> <span class='ocrx_word' id='word_1_588' title='bbox 3650 3619 3789 3677; x_wconf 84' lang='lat' dir='ltr'>erga</span> 
     </span>
    </p>
   </div>
   <div class='ocr_carea' id='block_1_82' title="bbox 2141 3690 3788 3764">
    <p class='ocr_par' dir='ltr' id='par_1_82' title="bbox 2141 3690 3788 3764">
     <span class='ocr_line' id='line_1_82' title="bbox 2141 3690 3788 3764; baseline 0.001 -18"><span class='ocrx_word' id='word_1_589' title='bbox 2141 3709 2248 3748; x_wconf 89' lang='lat' dir='ltr'>nos</span> <span class='ocrx_word' id='word_1_590' title='bbox 2296 3691 2569 3761; x_wconf 88' lang='lat' dir='ltr'>habebat,</span> <span class='ocrx_word' id='word_1_591' title='bbox 2615 3691 2930 3759; x_wconf 88' lang='lat' dir='ltr'>nascendo,</span> <span class='ocrx_word' id='word_1_592' title='bbox 2980 3690 3278 3763; x_wconf 89' lang='lat' dir='ltr'>patiendo,</span> <span class='ocrx_word' id='word_1_593' title='bbox 3331 3690 3636 3747; x_wconf 90' lang='lat' dir='ltr'>moriendo</span> <span class='ocrx_word' id='word_1_594' title='bbox 3684 3707 3788 3764; x_wconf 86' lang='lat' dir='ltr'>pro</span> 
     </span>
    </p>
   </div>
   <div class='ocr_carea' id='block_1_83' title="bbox 2142 3779 3790 3852">
    <p class='ocr_par' dir='ltr' id='par_1_83' title="bbox 2142 3779 3790 3852">
     <span class='ocr_line' id='line_1_83' title="bbox 2142 3779 3790 3852; baseline 0 -16"><span class='ocrx_word' id='word_1_595' title='bbox 2142 3781 2311 3836; x_wconf 89' lang='lat' dir='ltr'>nobis</span> <span class='ocrx_word' id='word_1_596' title='bbox 2342 3781 2787 3848; x_wconf 88' lang='lat' dir='ltr'>demonstraret,</span> <span class='ocrx_word' id='word_1_597' title='bbox 2814 3781 2984 3852; x_wconf 81' lang='lat' dir='ltr'>juxta</span> <span class='ocrx_word' id='word_1_598' title='bbox 3014 3781 3170 3852; x_wconf 92' lang='lat' dir='ltr'>quod</span> <span class='ocrx_word' id='word_1_599' title='bbox 3211 3780 3338 3852; x_wconf 91' lang='lat' dir='ltr'>ipse</span> <span class='ocrx_word' id='word_1_600' title='bbox 3369 3780 3450 3836; x_wconf 91' lang='lat' dir='ltr'>ait</span> <span class='ocrx_word' id='word_1_601' title='bbox 3482 3797 3494 3834; x_wconf 91' lang='lat'>:</span> <span class='ocrx_word' id='word_1_602' title='bbox 3529 3779 3790 3852; x_wconf 73' lang='lat' dir='ltr'>Majoran</span> 
     </span>
    </p>
   </div>
   <div class='ocr_carea' id='block_1_84' title="bbox 2139 3868 3790 3936">
    <p class='ocr_par' dir='ltr' id='par_1_84' title="bbox 2139 3868 3790 3936">
     <span class='ocr_line' id='line_1_84' title="bbox 2139 3868 3790 3936; baseline -0.001 -11"><span class='ocrx_word' id='word_1_603' title='bbox 2139 3870 2481 3926; x_wconf 80' lang='lat' dir='ltr'>dilectionem</span> <span class='ocrx_word' id='word_1_604' title='bbox 2525 3873 2582 3924; x_wconf 89' lang='lat' dir='ltr'>et</span> <span class='ocrx_word' id='word_1_605' title='bbox 2630 3868 2972 3924; x_wconf 90' lang='lat' dir='ltr'>charitatem</span> <span class='ocrx_word' id='word_1_606' title='bbox 3020 3885 3178 3924; x_wconf 89' lang='lat' dir='ltr'>nemo</span> <span class='ocrx_word' id='word_1_607' title='bbox 3225 3869 3402 3936; x_wconf 83' lang='lat' dir='ltr'>habet,</span> <span class='ocrx_word' id='word_1_608' title='bbox 3435 3876 3498 3925; x_wconf 85' lang='lat' dir='ltr'>ut</span> <span class='ocrx_word' id='word_1_609' title='bbox 3537 3871 3790 3924; x_wconf 74' lang='lat' dir='ltr'>animm</span> 
     </span>
    </p>
   </div>
   <div class='ocr_carea' id='block_1_85' title="bbox 2137 3957 3790 4030">
    <p class='ocr_par' dir='ltr' id='par_1_85' title="bbox 2137 3957 3790 4030">
     <span class='ocr_line' id='line_1_85' title="bbox 2137 3957 3790 4030; baseline -0.001 -15"><span class='ocrx_word' id='word_1_610' title='bbox 2137 3977 2299 4015; x_wconf 86' lang='lat' dir='ltr'>suam</span> <span class='ocrx_word' id='word_1_611' title='bbox 2341 3967 2511 4030; x_wconf 83' lang='lat' dir='ltr'>ponat</span> <span class='ocrx_word' id='word_1_612' title='bbox 2558 3959 2681 4030; x_wconf 86' lang='lat' dir='ltr'>quis</span> <span class='ocrx_word' id='word_1_613' title='bbox 2723 3975 2824 4029; x_wconf 85' lang='lat' dir='ltr'>pro</span> <span class='ocrx_word' id='word_1_614' title='bbox 2870 3959 3065 4013; x_wconf 86' lang='lat' dir='ltr'>amicis</span> <span class='ocrx_word' id='word_1_615' title='bbox 3102 3959 3219 4014; x_wconf 85' lang='lat' dir='ltr'>suis</span> <span class='ocrx_word' id='word_1_616' title='bbox 3250 3960 3424 4027; x_wconf 83' lang='lat' dir='ltr'>(Joan.</span> <span class='ocrx_word' id='word_1_617' title='bbox 3476 3962 3593 4025; x_wconf 86' lang='lat' dir='ltr'>xv).</span> <span class='ocrx_word' id='word_1_618' title='bbox 3629 3957 3790 4013; x_wconf 84' lang='lat' dir='ltr'>Hanc</span> 
     </span>
    </p>
   </div>
   <div class='ocr_carea' id='block_1_86' title="bbox 2140 4045 3792 4119">
    <p class='ocr_par' dir='ltr' id='par_1_86' title="bbox 2140 4045 3792 4119">
     <span class='ocr_line' id='line_1_86' title="bbox 2140 4045 3792 4119; baseline -0.001 -15"><span class='ocrx_word' id='word_1_619' title='bbox 2140 4065 2378 4104; x_wconf 87' lang='lat' dir='ltr'>causam</span> <span class='ocrx_word' id='word_1_620' title='bbox 2411 4047 2576 4119; x_wconf 86' lang='lat' dir='ltr'>ponit</span> <span class='ocrx_word' id='word_1_621' title='bbox 2600 4047 2912 4118; x_wconf 89' lang='lat' dir='ltr'>Apostolus</span> <span class='ocrx_word' id='word_1_622' title='bbox 2945 4063 3079 4102; x_wconf 90' lang='lat' dir='ltr'>cum</span> <span class='ocrx_word' id='word_1_623' title='bbox 3111 4045 3270 4114; x_wconf 89' lang='lat' dir='ltr'>dicit,</span> <span class='ocrx_word' id='word_1_624' title='bbox 3288 4047 3394 4115; x_wconf 86' lang='lat' dir='ltr'>Qui</span> <span class='ocrx_word' id='word_1_625' title='bbox 3421 4046 3569 4102; x_wconf 82' lang='lat' dir='ltr'>dedit</span> <span class='ocrx_word' id='word_1_626' title='bbox 3595 4055 3792 4103; x_wconf 80' lang='lat' dir='ltr'>semet-</span> 
     </span>
    </p>
   </div>
   <div class='ocr_carea' id='block_1_87' title="bbox 2140 4135 3794 4209">
    <p class='ocr_par' dir='ltr' id='par_1_87' title="bbox 2140 4135 3794 4209">
     <span class='ocr_line' id='line_1_87' title="bbox 2140 4135 3794 4209; baseline -0.002 -16"><span class='ocrx_word' id='word_1_627' title='bbox 2140 4140 2318 4209; x_wconf 89' lang='lat' dir='ltr'>ipsum</span> <span class='ocrx_word' id='word_1_628' title='bbox 2344 4153 2444 4208; x_wconf 87' lang='lat' dir='ltr'>pro</span> <span class='ocrx_word' id='word_1_629' title='bbox 2472 4137 2650 4193; x_wconf 83' lang='lat' dir='ltr'>nobis.</span> <span class='ocrx_word' id='word_1_630' title='bbox 2682 4135 2878 4192; x_wconf 87' lang='lat' dir='ltr'>Tertia</span> <span class='ocrx_word' id='word_1_631' title='bbox 2907 4153 3084 4191; x_wconf 87' lang='lat' dir='ltr'>causa</span> <span class='ocrx_word' id='word_1_632' title='bbox 3114 4140 3204 4191; x_wconf 90' lang='lat' dir='ltr'>est</span> <span class='ocrx_word' id='word_1_633' title='bbox 3234 4135 3456 4191; x_wconf 86' lang='lat' dir='ltr'>utilitas</span> <span class='ocrx_word' id='word_1_634' title='bbox 3487 4140 3794 4202; x_wconf 85' lang='lat' dir='ltr'>nostra,ut</span> 
     </span>
    </p>
   </div>
   <div class='ocr_carea' id='block_1_88' title="bbox 2143 4223 3791 4298">
    <p class='ocr_par' dir='ltr' id='par_1_88' title="bbox 2143 4223 3791 4298">
     <span class='ocr_line' id='line_1_88' title="bbox 2143 4223 3791 4298; baseline -0.001 -16"><span class='ocrx_word' id='word_1_635' title='bbox 2143 4228 2213 4282; x_wconf 91' lang='lat' dir='ltr'>de</span> <span class='ocrx_word' id='word_1_636' title='bbox 2239 4225 2427 4298; x_wconf 89' lang='lat' dir='ltr'>prima</span> <span class='ocrx_word' id='word_1_637' title='bbox 2469 4225 2937 4297; x_wconf 69' lang='lat' dir='ltr'>praevaricatione</span> <span class='ocrx_word' id='word_1_638' title='bbox 2987 4225 3383 4292; x_wconf 86' lang='lat' dir='ltr'>satisfaceret;</span> <span class='ocrx_word' id='word_1_639' title='bbox 3437 4223 3538 4279; x_wconf 89' lang='lat' dir='ltr'>illa</span> <span class='ocrx_word' id='word_1_640' title='bbox 3587 4228 3791 4280; x_wconf 87' lang='lat' dir='ltr'>autem</span> 
     </span>
    </p>
   </div>
   <div class='ocr_carea' id='block_1_89' title="bbox 2141 4312 3792 4386">
    <p class='ocr_par' dir='ltr' id='par_1_89' title="bbox 2141 4312 3792 4386">
     <span class='ocr_line' id='line_1_89' title="bbox 2141 4312 3792 4386; baseline 0.002 -18"><span class='ocrx_word' id='word_1_641' title='bbox 2141 4314 2532 4386; x_wconf 81' lang='lat' dir='ltr'>praevaricatio</span> <span class='ocrx_word' id='word_1_642' title='bbox 2590 4314 2702 4369; x_wconf 90' lang='lat' dir='ltr'>fuit</span> <span class='ocrx_word' id='word_1_643' title='bbox 2759 4313 3033 4385; x_wconf 89' lang='lat' dir='ltr'>superbia</span> <span class='ocrx_word' id='word_1_644' title='bbox 3078 4318 3261 4380; x_wconf 89' lang='lat' dir='ltr'>tanta,</span> <span class='ocrx_word' id='word_1_645' title='bbox 3313 4318 3378 4368; x_wconf 89' lang='lat' dir='ltr'>ut</span> <span class='ocrx_word' id='word_1_646' title='bbox 3425 4330 3488 4369; x_wconf 89' lang='lat' dir='ltr'>se</span> <span class='ocrx_word' id='word_1_647' title='bbox 3537 4312 3792 4371; x_wconf 85' lang='lat' dir='ltr'>elevaret</span> 
     </span>
    </p>
   </div>
   <div class='ocr_carea' id='block_1_90' title="bbox 2143 4402 3790 4475">
    <p class='ocr_par' dir='ltr' id='par_1_90' title="bbox 2143 4402 3790 4475">
     <span class='ocr_line' id='line_1_90' title="bbox 2143 4402 3790 4475; baseline 0.001 -16"><span class='ocrx_word' id='word_1_648' title='bbox 2143 4409 2337 4459; x_wconf 89' lang='lat' dir='ltr'>mente</span> <span class='ocrx_word' id='word_1_649' title='bbox 2367 4403 2541 4459; x_wconf 90' lang='lat' dir='ltr'>homo</span> <span class='ocrx_word' id='word_1_650' title='bbox 2574 4419 2761 4474; x_wconf 88' lang='lat' dir='ltr'>usque</span> <span class='ocrx_word' id='word_1_651' title='bbox 2799 4403 2870 4458; x_wconf 88' lang='lat' dir='ltr'>ad</span> <span class='ocrx_word' id='word_1_652' title='bbox 2903 4402 3292 4475; x_wconf 67' lang='lat' dir='ltr'>mqualitatem</span> <span class='ocrx_word' id='word_1_653' title='bbox 3323 4402 3443 4458; x_wconf 88' lang='lat' dir='ltr'>Dei.</span> <span class='ocrx_word' id='word_1_654' title='bbox 3474 4402 3622 4458; x_wconf 89' lang='lat' dir='ltr'>Cum</span> <span class='ocrx_word' id='word_1_655' title='bbox 3651 4420 3790 4460; x_wconf 86' lang='lat' dir='ltr'>vero</span> 
     </span>
    </p>
   </div>
   <div class='ocr_carea' id='block_1_91' title="bbox 2141 4491 3792 4563">
    <p class='ocr_par' dir='ltr' id='par_1_91' title="bbox 2141 4491 3792 4563">
     <span class='ocr_line' id='line_1_91' title="bbox 2141 4491 3792 4563; baseline -0.001 -15"><span class='ocrx_word' id='word_1_656' title='bbox 2141 4492 2432 4548; x_wconf 88' lang='lat' dir='ltr'>contraria</span> <span class='ocrx_word' id='word_1_657' title='bbox 2461 4492 2768 4548; x_wconf 87' lang='lat' dir='ltr'>contrariis</span> <span class='ocrx_word' id='word_1_658' title='bbox 2798 4497 3096 4560; x_wconf 90' lang='lat' dir='ltr'>curentur,</span> <span class='ocrx_word' id='word_1_659' title='bbox 3129 4492 3384 4563; x_wconf 89' lang='lat' dir='ltr'>oportuit</span> <span class='ocrx_word' id='word_1_660' title='bbox 3417 4495 3480 4545; x_wconf 89' lang='lat' dir='ltr'>ut</span> <span class='ocrx_word' id='word_1_661' title='bbox 3508 4491 3580 4546; x_wconf 89' lang='lat' dir='ltr'>ad</span> <span class='ocrx_word' id='word_1_662' title='bbox 3611 4491 3792 4547; x_wconf 84' lang='lat' dir='ltr'>satis-</span> 
     </span>
    </p>
   </div>
   <div class='ocr_carea' id='block_1_92' title="bbox 387 4574 3790 4663">
    <p class='ocr_par' dir='ltr' id='par_1_92' title="bbox 387 4574 3790 4663">
     <span class='ocr_line' id='line_1_92' title="bbox 387 4574 3790 4663; baseline 0 -28"><span class='ocrx_word' id='word_1_663' title='bbox 387 4579 538 4635; x_wconf 91' lang='lat' dir='ltr'>Sane</span> <span class='ocrx_word' id='word_1_664' title='bbox 569 4577 654 4634; x_wconf 89' lang='lat' dir='ltr'>sol</span> <span class='ocrx_word' id='word_1_665' title='bbox 683 4576 1121 4650; x_wconf 86' lang='lat' dir='ltr'>temporalis,de</span> <span class='ocrx_word' id='word_1_666' title='bbox 1150 4574 1250 4632; x_wconf 92' lang='lat' dir='ltr'>illo</span> <span class='ocrx_word' id='word_1_667' title='bbox 1282 4581 1494 4631; x_wconf 71' lang='lat' dir='ltr'>aeterno</span> <span class='ocrx_word' id='word_1_668' title='bbox 1508 4575 1626 4631; x_wconf 93' lang='lat' dir='ltr'>sole</span> <span class='ocrx_word' id='word_1_669' title='bbox 1648 4594 1754 4632; x_wconf 91' lang='lat' dir='ltr'>nos</span> <span class='ocrx_word' id='word_1_670' title='bbox 1772 4577 2028 4634; x_wconf 89' lang='lat' dir='ltr'>instruit.</span> <span class='ocrx_word' id='word_1_671' title='bbox 2061 4599 2108 4663; x_wconf 86' lang='lat' dir='ltr'><strong>D</strong></span> <span class='ocrx_word' id='word_1_672' title='bbox 2142 4581 2454 4637; x_wconf 89' lang='lat' dir='ltr'>factionem</span> <span class='ocrx_word' id='word_1_673' title='bbox 2485 4579 2645 4636; x_wconf 90' lang='lat' dir='ltr'>illius</span> <span class='ocrx_word' id='word_1_674' title='bbox 2677 4580 2962 4652; x_wconf 61' lang='lat' dir='ltr'>superbia</span> <span class='ocrx_word' id='word_1_675' title='bbox 2994 4579 3206 4652; x_wconf 89' lang='lat' dir='ltr'>aliquis</span> <span class='ocrx_word' id='word_1_676' title='bbox 3237 4580 3410 4636; x_wconf 89' lang='lat' dir='ltr'>homo</span> <span class='ocrx_word' id='word_1_677' title='bbox 3443 4579 3790 4636; x_wconf 82' lang='lat' dir='ltr'>humiliare-</span> 
     </span>
    </p>
   </div>
   <div class='ocr_carea' id='block_1_93' title="bbox 386 4665 2026 4740">
    <p class='ocr_par' dir='ltr' id='par_1_93' title="bbox 386 4665 2026 4740">
     <span class='ocr_line' id='line_1_93' title="bbox 386 4665 2026 4740; baseline -0.002 -15"><span class='ocrx_word' id='word_1_678' title='bbox 386 4668 443 4725; x_wconf 92' lang='lat' dir='ltr'>Si</span> <span class='ocrx_word' id='word_1_679' title='bbox 478 4665 2026 4740; x_wconf 68' lang='lat' dir='ltr'>ejusfulgoreminspicerecontendimus,excaacamur,</span> 
     </span>
    </p>
   </div>
   <div class='ocr_carea' id='block_1_94' title="bbox 387 4752 2024 4826">
    <p class='ocr_par' dir='ltr' id='par_1_94' title="bbox 387 4752 2024 4826">
     <span class='ocr_line' id='line_1_94' title="bbox 387 4752 2024 4826; baseline -0.002 -12"><span class='ocrx_word' id='word_1_680' title='bbox 387 4758 487 4814; x_wconf 90' lang='lat' dir='ltr'>sed</span> <span class='ocrx_word' id='word_1_681' title='bbox 503 4758 780 4814; x_wconf 88' lang='lat' dir='ltr'>latentem</span> <span class='ocrx_word' id='word_1_682' title='bbox 807 4756 917 4811; x_wconf 91' lang='lat' dir='ltr'>sub</span> <span class='ocrx_word' id='word_1_683' title='bbox 941 4757 1094 4811; x_wconf 91' lang='lat' dir='ltr'>nube</span> <span class='ocrx_word' id='word_1_684' title='bbox 1108 4752 1318 4810; x_wconf 87' lang='lat' dir='ltr'>melius</span> <span class='ocrx_word' id='word_1_685' title='bbox 1331 4771 1648 4826; x_wconf 88' lang='lat' dir='ltr'>possumus</span> <span class='ocrx_word' id='word_1_686' title='bbox 1664 4772 1798 4810; x_wconf 90' lang='lat' dir='ltr'>eum</span> <span class='ocrx_word' id='word_1_687' title='bbox 1811 4756 2024 4812; x_wconf 89' lang='lat' dir='ltr'>videre.</span> 
     </span>
    </p>
   </div>
   <div class='ocr_carea' id='block_1_95' title="bbox 385 4842 2028 4918">
    <p class='ocr_par' dir='ltr' id='par_1_95' title="bbox 385 4842 2028 4918">
     <span class='ocr_line' id='line_1_95' title="bbox 385 4842 2028 4918; baseline -0.001 -18"><span class='ocrx_word' id='word_1_688' title='bbox 385 4847 684 4912; x_wconf 89' lang='lat' dir='ltr'>Quomodo</span> <span class='ocrx_word' id='word_1_689' title='bbox 715 4842 1229 4918; x_wconf 82' lang='lat' dir='ltr'>apparuit?Gratis.</span> <span class='ocrx_word' id='word_1_690' title='bbox 1254 4843 1378 4898; x_wconf 88' lang='lat' dir='ltr'>Non</span> <span class='ocrx_word' id='word_1_691' title='bbox 1409 4843 1566 4898; x_wconf 89' lang='lat' dir='ltr'>enim</span> <span class='ocrx_word' id='word_1_692' title='bbox 1597 4843 1725 4898; x_wconf 91' lang='lat' dir='ltr'>ideo</span> <span class='ocrx_word' id='word_1_693' title='bbox 1744 4844 1913 4900; x_wconf 90' lang='lat' dir='ltr'>nobis</span> <span class='ocrx_word' id='word_1_694' title='bbox 1931 4861 2028 4918; x_wconf 90' lang='lat' dir='ltr'>ap-</span> 
     </span>
    </p>
   </div>
   <div class='ocr_carea' id='block_1_96' title="bbox 385 4932 2027 5008">
    <p class='ocr_par' dir='ltr' id='par_1_96' title="bbox 385 4932 2027 5008">
     <span class='ocr_line' id='line_1_96' title="bbox 385 4932 2027 5008; baseline -0.001 -18"><span class='ocrx_word' id='word_1_695' title='bbox 385 4936 579 5008; x_wconf 90' lang='lat' dir='ltr'>paruit</span> <span class='ocrx_word' id='word_1_696' title='bbox 609 4936 763 5007; x_wconf 91' lang='lat' dir='ltr'>quod</span> <span class='ocrx_word' id='word_1_697' title='bbox 810 4935 935 5006; x_wconf 91' lang='lat' dir='ltr'>ipse</span> <span class='ocrx_word' id='word_1_698' title='bbox 983 4933 1289 5006; x_wconf 85' lang='lat' dir='ltr'>indigeret,</span> <span class='ocrx_word' id='word_1_699' title='bbox 1336 4932 1424 4987; x_wconf 87' lang='lat' dir='ltr'>vel</span> <span class='ocrx_word' id='word_1_700' title='bbox 1473 4933 1628 5004; x_wconf 89' lang='lat' dir='ltr'>quod</span> <span class='ocrx_word' id='word_1_701' title='bbox 1679 4951 1784 4989; x_wconf 90' lang='lat' dir='ltr'>nos</span> <span class='ocrx_word' id='word_1_702' title='bbox 1835 4933 2027 4989; x_wconf 88' lang='lat' dir='ltr'>meriti</span> 
     </span>
    </p>
   </div>
   <div class='ocr_carea' id='block_1_97' title="bbox 384 5021 2028 5094">
    <p class='ocr_par' dir='ltr' id='par_1_97' title="bbox 384 5021 2028 5094">
     <span class='ocr_line' id='line_1_97' title="bbox 384 5021 2028 5094; baseline -0.001 -14"><span class='ocrx_word' id='word_1_703' title='bbox 384 5024 779 5091; x_wconf 89' lang='lat' dir='ltr'>essemus,sed</span> <span class='ocrx_word' id='word_1_704' title='bbox 802 5026 1030 5078; x_wconf 87' lang='lat' dir='ltr'>tantum</span> <span class='ocrx_word' id='word_1_705' title='bbox 1063 5023 1136 5078; x_wconf 93' lang='lat' dir='ltr'>ob</span> <span class='ocrx_word' id='word_1_706' title='bbox 1165 5021 1412 5094; x_wconf 89' lang='lat' dir='ltr'>gratiam</span> <span class='ocrx_word' id='word_1_707' title='bbox 1444 5039 1613 5077; x_wconf 89' lang='lat' dir='ltr'>suam</span> <span class='ocrx_word' id='word_1_708' title='bbox 1637 5022 1804 5078; x_wconf 91' lang='lat' dir='ltr'>nobis</span> <span class='ocrx_word' id='word_1_709' title='bbox 1827 5022 2028 5078; x_wconf 89' lang='lat' dir='ltr'>imme-</span> 
     </span>
    </p>
   </div>
   <div class='ocr_carea' id='block_1_98' title="bbox 383 5110 2026 5184">
    <p class='ocr_par' dir='ltr' id='par_1_98' title="bbox 383 5110 2026 5184">
     <span class='ocr_line' id='line_1_98' title="bbox 383 5110 2026 5184; baseline -0.001 -16"><span class='ocrx_word' id='word_1_710' title='bbox 383 5112 512 5169; x_wconf 91' lang='lat' dir='ltr'>ritis</span> <span class='ocrx_word' id='word_1_711' title='bbox 542 5112 830 5184; x_wconf 85' lang='lat' dir='ltr'>apparuit.</span> <span class='ocrx_word' id='word_1_712' title='bbox 865 5111 1026 5168; x_wconf 88' lang='lat' dir='ltr'>Unde</span> <span class='ocrx_word' id='word_1_713' title='bbox 1056 5111 1212 5168; x_wconf 90' lang='lat' dir='ltr'>idem</span> <span class='ocrx_word' id='word_1_714' title='bbox 1239 5110 1551 5183; x_wconf 86' lang='lat' dir='ltr'>Apostolus</span> <span class='ocrx_word' id='word_1_715' title='bbox 1590 5110 1729 5166; x_wconf 89' lang='lat' dir='ltr'>alibi</span> <span class='ocrx_word' id='word_1_716' title='bbox 1764 5128 1776 5166; x_wconf 91' lang='lat'>:</span> <span class='ocrx_word' id='word_1_717' title='bbox 1811 5111 1926 5167; x_wconf 83' lang='lat' dir='ltr'>Non</span> <span class='ocrx_word' id='word_1_718' title='bbox 1957 5129 2026 5168; x_wconf 76' lang='lat' dir='ltr'>ex</span> 
     </span>
    </p>
   </div>
   <div class='ocr_carea' id='block_1_99' title="bbox 382 5199 2022 5274">
    <p class='ocr_par' dir='ltr' id='par_1_99' title="bbox 382 5199 2022 5274">
     <span class='ocr_line' id='line_1_99' title="bbox 382 5199 2022 5274; baseline -0.001 -16"><span class='ocrx_word' id='word_1_719' title='bbox 382 5203 654 5274; x_wconf 81' lang='lat' dir='ltr'>operibus,</span> <span class='ocrx_word' id='word_1_720' title='bbox 674 5199 889 5271; x_wconf 89' lang='lat' dir='ltr'>inquit,</span> <span class='ocrx_word' id='word_1_721' title='bbox 896 5201 1134 5272; x_wconf 68' lang='lat' dir='ltr'>justitiae</span> <span class='ocrx_word' id='word_1_722' title='bbox 1162 5215 1287 5272; x_wconf 69' lang='lat' dir='ltr'>quae</span> <span class='ocrx_word' id='word_1_723' title='bbox 1312 5201 1544 5272; x_wconf 76' lang='lat' dir='ltr'>fecimus</span> <span class='ocrx_word' id='word_1_724' title='bbox 1573 5217 1695 5268; x_wconf 85' lang='lat' dir='ltr'>nas,</span> <span class='ocrx_word' id='word_1_725' title='bbox 1713 5200 1804 5256; x_wconf 83' lang='lat' dir='ltr'>sed</span> <span class='ocrx_word' id='word_1_726' title='bbox 1831 5217 2022 5256; x_wconf 83' lang='lat' dir='ltr'>secun-</span> 
     </span>
    </p>
   </div>
   <div class='ocr_carea' id='block_1_100' title="bbox 381 5289 2019 5362">
    <p class='ocr_par' dir='ltr' id='par_1_100' title="bbox 381 5289 2019 5362">
     <span class='ocr_line' id='line_1_100' title="bbox 381 5289 2019 5362; baseline 0 -16"><span class='ocrx_word' id='word_1_727' title='bbox 381 5289 512 5346; x_wconf 88' lang='lat' dir='ltr'>dum</span> <span class='ocrx_word' id='word_1_728' title='bbox 557 5306 716 5344; x_wconf 84' lang='lat' dir='ltr'>suam</span> <span class='ocrx_word' id='word_1_729' title='bbox 760 5289 1198 5346; x_wconf 81' lang='lat' dir='ltr'>misericordiam</span> <span class='ocrx_word' id='word_1_730' title='bbox 1234 5290 1410 5346; x_wconf 88' lang='lat' dir='ltr'>salvos</span> <span class='ocrx_word' id='word_1_731' title='bbox 1455 5305 1554 5346; x_wconf 86' lang='lat' dir='ltr'>nos</span> <span class='ocrx_word' id='word_1_732' title='bbox 1604 5292 1733 5362; x_wconf 80' lang='lat' dir='ltr'>fecit</span> <span class='ocrx_word' id='word_1_733' title='bbox 1761 5291 1882 5362; x_wconf 92' lang='lat' dir='ltr'>(Tit.</span> <span class='ocrx_word' id='word_1_734' title='bbox 1917 5292 2019 5360; x_wconf 85' lang='grc' dir='ltr'>ιιι).</span> 
     </span>
    </p>
   </div>
   <div class='ocr_carea' id='block_1_101' title="bbox 382 5378 2024 5452">
    <p class='ocr_par' dir='ltr' id='par_1_101' title="bbox 382 5378 2024 5452">
     <span class='ocr_line' id='line_1_101' title="bbox 382 5378 2024 5452; baseline 0.001 -17"><span class='ocrx_word' id='word_1_735' title='bbox 382 5380 486 5436; x_wconf 85' lang='lat' dir='ltr'>Est</span> <span class='ocrx_word' id='word_1_736' title='bbox 515 5378 773 5451; x_wconf 87' lang='lat' dir='ltr'>quidem,</span> <span class='ocrx_word' id='word_1_737' title='bbox 789 5378 1244 5452; x_wconf 83' lang='lat' dir='ltr'>fratres,magna</span> <span class='ocrx_word' id='word_1_738' title='bbox 1273 5378 1460 5452; x_wconf 87' lang='lat' dir='ltr'>gratia</span> <span class='ocrx_word' id='word_1_739' title='bbox 1490 5378 1574 5435; x_wconf 91' lang='lat' dir='ltr'>illi</span> <span class='ocrx_word' id='word_1_740' title='bbox 1605 5379 1706 5452; x_wconf 88' lang='lat' dir='ltr'>qui</span> <span class='ocrx_word' id='word_1_741' title='bbox 1737 5396 1842 5434; x_wconf 91' lang='lat' dir='ltr'>nec</span> <span class='ocrx_word' id='word_1_742' title='bbox 1872 5379 2024 5436; x_wconf 88' lang='lat' dir='ltr'>bona</span> 
     </span>
    </p>
   </div>
   <div class='ocr_carea' id='block_1_102' title="bbox 380 5467 2024 5540">
    <p class='ocr_par' dir='ltr' id='par_1_102' title="bbox 380 5467 2024 5540">
     <span class='ocr_line' id='line_1_102' title="bbox 380 5467 2024 5540; baseline 0 -14"><span class='ocrx_word' id='word_1_743' title='bbox 380 5484 487 5526; x_wconf 85' lang='lat' dir='ltr'>nec</span> <span class='ocrx_word' id='word_1_744' title='bbox 516 5467 672 5526; x_wconf 84' lang='lat' dir='ltr'>mela</span> <span class='ocrx_word' id='word_1_745' title='bbox 701 5467 872 5525; x_wconf 90' lang='lat' dir='ltr'>nobis</span> <span class='ocrx_word' id='word_1_746' title='bbox 903 5468 1101 5526; x_wconf 90' lang='lat' dir='ltr'>intulit</span> <span class='ocrx_word' id='word_1_747' title='bbox 1142 5469 1407 5526; x_wconf 89' lang='lat' dir='ltr'>misereri</span> <span class='ocrx_word' id='word_1_748' title='bbox 1437 5469 1540 5526; x_wconf 89' lang='lat' dir='ltr'>sed</span> <span class='ocrx_word' id='word_1_749' title='bbox 1591 5469 1780 5540; x_wconf 87' lang='lat' dir='ltr'>major</span> <span class='ocrx_word' id='word_1_750' title='bbox 1830 5473 1919 5527; x_wconf 89' lang='lat' dir='ltr'>est</span> <span class='ocrx_word' id='word_1_751' title='bbox 1965 5473 2024 5526; x_wconf 89' lang='lat' dir='ltr'>et</span> 
     </span>
    </p>
   </div>
   <div class='ocr_carea' id='block_1_103' title="bbox 448 5574 1204 5650">
    <p class='ocr_par' dir='ltr' id='par_1_103' title="bbox 448 5574 1204 5650">
     <span class='ocr_line' id='line_1_103' title="bbox 448 5574 1204 5650; baseline -0.001 -18"><span class='ocrx_word' id='word_1_752' title='bbox 448 5576 528 5645; x_wconf 85' lang='lat'>(6)</span> <span class='ocrx_word' id='word_1_753' title='bbox 556 5575 624 5650; x_wconf 62' lang='grc' dir='ltr'><strong>Υ.</strong></span> <span class='ocrx_word' id='word_1_754' title='bbox 654 5575 827 5650; x_wconf 64' lang='lat' dir='ltr'>Yulg.</span> <span class='ocrx_word' id='word_1_755' title='bbox 856 5574 993 5650; x_wconf 81' lang='lat' dir='ltr'>hab.</span> <span class='ocrx_word' id='word_1_756' title='bbox 1025 5576 1204 5648; x_wconf 89' lang='lat' dir='ltr'>quasi.</span> 
     </span>
    </p>
   </div>
   <div class='ocr_carea' id='block_1_104' title="bbox 443 5647 1768 5730">
    <p class='ocr_par' dir='ltr' id='par_1_104' title="bbox 443 5647 1768 5730">
     <span class='ocr_line' id='line_1_104' title="bbox 443 5647 1768 5730; baseline 0.002 -24"><span class='ocrx_word' id='word_1_757' title='bbox 443 5649 526 5729; x_wconf 82' lang='lat'>(6)</span> <span class='ocrx_word' id='word_1_758' title='bbox 554 5648 621 5712; x_wconf 85' lang='lat' dir='ltr'>V.</span> <span class='ocrx_word' id='word_1_759' title='bbox 652 5647 824 5730; x_wconf 66' lang='grc' dir='ltr'>ναις.</span> <span class='ocrx_word' id='word_1_760' title='bbox 855 5649 960 5710; x_wconf 74' lang='lat' dir='ltr'>Deo</span> <span class='ocrx_word' id='word_1_761' title='bbox 983 5647 1085 5725; x_wconf 68' lang='lat' dir='ltr'>per</span> <span class='ocrx_word' id='word_1_762' title='bbox 1108 5649 1438 5722; x_wconf 76' lang='lat' dir='ltr'>sanguinem</span> <span class='ocrx_word' id='word_1_763' title='bbox 1464 5648 1606 5708; x_wconf 78' lang='lat' dir='ltr'>Filii</span> <span class='ocrx_word' id='word_1_764' title='bbox 1630 5648 1768 5722; x_wconf 79' lang='lat' dir='ltr'>ejus.</span> 
     </span>
    </p>
   </div>
   <div class='ocr_carea' id='block_1_105' title="bbox 2139 4668 3786 4740">
    <p class='ocr_par' dir='ltr' id='par_1_105' title="bbox 2139 4668 3786 4740">
     <span class='ocr_line' id='line_1_105' title="bbox 2139 4668 3786 4740; baseline 0 -14"><span class='ocrx_word' id='word_1_765' title='bbox 2139 4678 2235 4726; x_wconf 91' lang='lat' dir='ltr'>tur</span> <span class='ocrx_word' id='word_1_766' title='bbox 2263 4670 2333 4726; x_wconf 91' lang='lat' dir='ltr'>ab</span> <span class='ocrx_word' id='word_1_767' title='bbox 2365 4668 2675 4725; x_wconf 88' lang='lat' dir='ltr'>altitudine</span> <span class='ocrx_word' id='word_1_768' title='bbox 2705 4668 3024 4724; x_wconf 86' lang='lat' dir='ltr'>divinitatis</span> <span class='ocrx_word' id='word_1_769' title='bbox 3059 4686 3242 4740; x_wconf 90' lang='lat' dir='ltr'>usque</span> <span class='ocrx_word' id='word_1_770' title='bbox 3273 4670 3345 4724; x_wconf 90' lang='lat' dir='ltr'>ad</span> <span class='ocrx_word' id='word_1_771' title='bbox 3385 4668 3786 4726; x_wconf 84' lang='lat' dir='ltr'>humilitatem</span> 
     </span>
    </p>
   </div>
   <div class='ocr_carea' id='block_1_106' title="bbox 2138 4757 3790 4830">
    <p class='ocr_par' dir='ltr' id='par_1_106' title="bbox 2138 4757 3790 4830">
     <span class='ocr_line' id='line_1_106' title="bbox 2138 4757 3790 4830; baseline -0.001 -16"><span class='ocrx_word' id='word_1_772' title='bbox 2138 4759 2416 4814; x_wconf 89' lang='lat' dir='ltr'>hominis.</span> <span class='ocrx_word' id='word_1_773' title='bbox 2450 4758 2567 4813; x_wconf 84' lang='lat' dir='ltr'>Hoc</span> <span class='ocrx_word' id='word_1_774' title='bbox 2599 4761 2795 4814; x_wconf 89' lang='lat' dir='ltr'>autem</span> <span class='ocrx_word' id='word_1_775' title='bbox 2827 4773 2997 4813; x_wconf 89' lang='lat' dir='ltr'>nemo</span> <span class='ocrx_word' id='word_1_776' title='bbox 3031 4757 3221 4830; x_wconf 90' lang='lat' dir='ltr'>potuit</span> <span class='ocrx_word' id='word_1_777' title='bbox 3265 4757 3451 4814; x_wconf 85' lang='lat' dir='ltr'>facere</span> <span class='ocrx_word' id='word_1_778' title='bbox 3482 4757 3598 4814; x_wconf 89' lang='lat' dir='ltr'>nisi</span> <span class='ocrx_word' id='word_1_779' title='bbox 3631 4762 3790 4814; x_wconf 81' lang='lat' dir='ltr'>esset</span> 
     </span>
    </p>
   </div>
   <div class='ocr_carea' id='block_1_107' title="bbox 2136 4846 3783 4919">
    <p class='ocr_par' dir='ltr' id='par_1_107' title="bbox 2136 4846 3783 4919">
     <span class='ocr_line' id='line_1_107' title="bbox 2136 4846 3783 4919; baseline -0.001 -15"><span class='ocrx_word' id='word_1_780' title='bbox 2136 4849 2291 4904; x_wconf 89' lang='lat' dir='ltr'>Deus</span> <span class='ocrx_word' id='word_1_781' title='bbox 2342 4852 2397 4904; x_wconf 91' lang='lat' dir='ltr'>et</span> <span class='ocrx_word' id='word_1_782' title='bbox 2440 4847 2634 4904; x_wconf 89' lang='lat' dir='ltr'>homo.</span> <span class='ocrx_word' id='word_1_783' title='bbox 2668 4850 2977 4919; x_wconf 86' lang='lat' dir='ltr'>Pr0pterea</span> <span class='ocrx_word' id='word_1_784' title='bbox 3009 4847 3162 4902; x_wconf 90' lang='lat' dir='ltr'>Deus</span> <span class='ocrx_word' id='word_1_785' title='bbox 3211 4846 3398 4902; x_wconf 89' lang='lat' dir='ltr'>factus</span> <span class='ocrx_word' id='word_1_786' title='bbox 3445 4851 3536 4902; x_wconf 89' lang='lat' dir='ltr'>est</span> <span class='ocrx_word' id='word_1_787' title='bbox 3578 4846 3783 4903; x_wconf 91' lang='lat' dir='ltr'>homo.</span> 
     </span>
    </p>
   </div>
   <div class='ocr_carea' id='block_1_108' title="bbox 2136 4935 3787 5008">
    <p class='ocr_par' dir='ltr' id='par_1_108' title="bbox 2136 4935 3787 5008">
     <span class='ocr_line' id='line_1_108' title="bbox 2136 4935 3787 5008; baseline -0.002 -14"><span class='ocrx_word' id='word_1_788' title='bbox 2136 4938 2296 4994; x_wconf 86' lang='lat' dir='ltr'>Hanc</span> <span class='ocrx_word' id='word_1_789' title='bbox 2343 4953 2581 4992; x_wconf 87' lang='lat' dir='ltr'>causam</span> <span class='ocrx_word' id='word_1_790' title='bbox 2627 4935 2819 4990; x_wconf 89' lang='lat' dir='ltr'>innuit</span> <span class='ocrx_word' id='word_1_791' title='bbox 2867 4935 3204 5008; x_wconf 81' lang='lat' dir='ltr'>Apostolus,</span> <span class='ocrx_word' id='word_1_792' title='bbox 3257 4952 3408 4998; x_wconf 34' lang='lat' dir='ltr'>cum,</span> <span class='ocrx_word' id='word_1_793' title='bbox 3439 4935 3580 4990; x_wconf 87' lang='lat' dir='ltr'>dicit</span> <span class='ocrx_word' id='word_1_794' title='bbox 3627 4937 3787 4992; x_wconf 82' lang='lat' dir='ltr'>obla-</span> 
     </span>
    </p>
   </div>
   <div class='ocr_carea' id='block_1_109' title="bbox 2135 5023 3785 5097">
    <p class='ocr_par' dir='ltr' id='par_1_109' title="bbox 2135 5023 3785 5097">
     <span class='ocr_line' id='line_1_109' title="bbox 2135 5023 3785 5097; baseline 0.001 -15"><span class='ocrx_word' id='word_1_795' title='bbox 2135 5029 2336 5082; x_wconf 80' lang='lat' dir='ltr'>tionem</span> <span class='ocrx_word' id='word_1_796' title='bbox 2368 5026 2440 5097; x_wconf 88' lang='lat'>(8)</span> <span class='ocrx_word' id='word_1_797' title='bbox 2475 5025 2689 5096; x_wconf 87' lang='lat' dir='ltr'>Deo,ad</span> <span class='ocrx_word' id='word_1_798' title='bbox 2704 5024 3198 5080; x_wconf 78' lang='lat' dir='ltr'>reconciliandam</span> <span class='ocrx_word' id='word_1_799' title='bbox 3221 5023 3785 5083; x_wconf 80' lang='lat' dir='ltr'>scilicethominem.</span> 
     </span>
    </p>
   </div>
   <div class='ocr_carea' id='block_1_110' title="bbox 2135 5113 3789 5188">
    <p class='ocr_par' dir='ltr' id='par_1_110' title="bbox 2135 5113 3789 5188">
     <span class='ocr_line' id='line_1_110' title="bbox 2135 5113 3789 5188; baseline 0 -18"><span class='ocrx_word' id='word_1_800' title='bbox 2135 5117 2350 5182; x_wconf 88' lang='lat' dir='ltr'>Quarta</span> <span class='ocrx_word' id='word_1_801' title='bbox 2376 5119 2637 5181; x_wconf 88' lang='lat' dir='ltr'>causa,et</span> <span class='ocrx_word' id='word_1_802' title='bbox 2666 5113 2888 5169; x_wconf 89' lang='lat' dir='ltr'>utilitas</span> <span class='ocrx_word' id='word_1_803' title='bbox 2921 5117 3138 5181; x_wconf 87' lang='lat' dir='ltr'>nostra,</span> <span class='ocrx_word' id='word_1_804' title='bbox 3174 5128 3354 5186; x_wconf 85' lang='lat' dir='ltr'>quare</span> <span class='ocrx_word' id='word_1_805' title='bbox 3383 5113 3656 5170; x_wconf 82' lang='lat' dir='ltr'>Christus</span> <span class='ocrx_word' id='word_1_806' title='bbox 3687 5132 3789 5188; x_wconf 88' lang='lat' dir='ltr'>ap-</span> 
     </span>
    </p>
   </div>
   <div class='ocr_carea' id='block_1_111' title="bbox 2134 5203 3786 5278">
    <p class='ocr_par' dir='ltr' id='par_1_111' title="bbox 2134 5203 3786 5278">
     <span class='ocr_line' id='line_1_111' title="bbox 2134 5203 3786 5278; baseline 0 -18"><span class='ocrx_word' id='word_1_807' title='bbox 2134 5203 2348 5278; x_wconf 89' lang='lat' dir='ltr'>paruit,</span> <span class='ocrx_word' id='word_1_808' title='bbox 2382 5209 2470 5260; x_wconf 88' lang='lat' dir='ltr'>est</span> <span class='ocrx_word' id='word_1_809' title='bbox 2496 5203 2838 5275; x_wconf 90' lang='lat' dir='ltr'>redemptio,</span> <span class='ocrx_word' id='word_1_810' title='bbox 2873 5206 2930 5258; x_wconf 92' lang='lat' dir='ltr'>et</span> <span class='ocrx_word' id='word_1_811' title='bbox 2960 5203 3301 5258; x_wconf 89' lang='lat' dir='ltr'>emundatio</span> <span class='ocrx_word' id='word_1_812' title='bbox 3349 5207 3408 5259; x_wconf 91' lang='lat' dir='ltr'>et</span> <span class='ocrx_word' id='word_1_813' title='bbox 3456 5203 3786 5260; x_wconf 72' lang='lat' dir='ltr'>satisfactio</span> 
     </span>
    </p>
   </div>
   <div class='ocr_carea' id='block_1_112' title="bbox 2131 5291 3788 5367">
    <p class='ocr_par' dir='ltr' id='par_1_112' title="bbox 2131 5291 3788 5367">
     <span class='ocr_line' id='line_1_112' title="bbox 2131 5291 3788 5367; baseline -0.001 -18"><span class='ocrx_word' id='word_1_814' title='bbox 2131 5293 2362 5367; x_wconf 90' lang='lat' dir='ltr'>generis</span> <span class='ocrx_word' id='word_1_815' title='bbox 2386 5292 2652 5348; x_wconf 89' lang='lat' dir='ltr'>humani.</span> <span class='ocrx_word' id='word_1_816' title='bbox 2677 5291 3018 5363; x_wconf 82' lang='lat' dir='ltr'>Redemptio</span> <span class='ocrx_word' id='word_1_817' title='bbox 3049 5309 3083 5347; x_wconf 90' lang='lat' dir='ltr'>a</span> <span class='ocrx_word' id='word_1_818' title='bbox 3113 5297 3399 5364; x_wconf 85' lang='lat' dir='ltr'>potestate</span> <span class='ocrx_word' id='word_1_819' title='bbox 3429 5292 3648 5349; x_wconf 89' lang='lat' dir='ltr'>diaboli</span> <span class='ocrx_word' id='word_1_820' title='bbox 3680 5309 3788 5365; x_wconf 87' lang='lat' dir='ltr'>per</span> 
     </span>
    </p>
   </div>
   <div class='ocr_carea' id='block_1_113' title="bbox 2132 5380 3788 5456">
    <p class='ocr_par' dir='ltr' id='par_1_113' title="bbox 2132 5380 3788 5456">
     <span class='ocr_line' id='line_1_113' title="bbox 2132 5380 3788 5456; baseline -0.002 -16"><span class='ocrx_word' id='word_1_821' title='bbox 2132 5383 2479 5456; x_wconf 90' lang='lat' dir='ltr'>sanguinem</span> <span class='ocrx_word' id='word_1_822' title='bbox 2513 5380 2747 5450; x_wconf 89' lang='lat' dir='ltr'>Christi,</span> <span class='ocrx_word' id='word_1_823' title='bbox 2781 5380 3120 5437; x_wconf 87' lang='lat' dir='ltr'>emundatio</span> <span class='ocrx_word' id='word_1_824' title='bbox 3153 5398 3189 5437; x_wconf 92' lang='lat' dir='ltr'>a</span> <span class='ocrx_word' id='word_1_825' title='bbox 3210 5381 3438 5438; x_wconf 89' lang='lat' dir='ltr'>delictis</span> <span class='ocrx_word' id='word_1_826' title='bbox 3467 5397 3571 5454; x_wconf 87' lang='lat' dir='ltr'>per</span> <span class='ocrx_word' id='word_1_827' title='bbox 3593 5381 3788 5454; x_wconf 88' lang='lat' dir='ltr'>bapti-</span> 
     </span>
    </p>
   </div>
   <div class='ocr_carea' id='block_1_114' title="bbox 2131 5469 3780 5544">
    <p class='ocr_par' dir='ltr' id='par_1_114' title="bbox 2131 5469 3780 5544">
     <span class='ocr_line' id='line_1_114' title="bbox 2131 5469 3780 5544; baseline -0.001 -14"><span class='ocrx_word' id='word_1_828' title='bbox 2131 5489 2349 5540; x_wconf 87' lang='lat' dir='ltr'>smum,</span> <span class='ocrx_word' id='word_1_829' title='bbox 2385 5470 2703 5528; x_wconf 88' lang='lat' dir='ltr'>satisfactio</span> <span class='ocrx_word' id='word_1_830' title='bbox 2732 5485 2836 5542; x_wconf 89' lang='lat' dir='ltr'>per</span> <span class='ocrx_word' id='word_1_831' title='bbox 2862 5469 3139 5527; x_wconf 85' lang='lat' dir='ltr'>virtutem</span> <span class='ocrx_word' id='word_1_832' title='bbox 3170 5473 3229 5526; x_wconf 88' lang='lat' dir='ltr'>et</span> <span class='ocrx_word' id='word_1_833' title='bbox 3256 5482 3446 5544; x_wconf 83' lang='lat' dir='ltr'>opera&#39;</span> <span class='ocrx_word' id='word_1_834' title='bbox 3467 5469 3780 5530; x_wconf 87' lang='lat' dir='ltr'>virtutum.</span> 
     </span>
    </p>
   </div>
   <div class='ocr_carea' id='block_1_115' title="bbox 2200 5576 3240 5655">
    <p class='ocr_par' dir='ltr' id='par_1_115' title="bbox 2200 5576 3240 5655">
     <span class='ocr_line' id='line_1_115' title="bbox 2200 5576 3240 5655; baseline 0.001 -20"><span class='ocrx_word' id='word_1_835' title='bbox 2200 5579 2278 5655; x_wconf 93' lang='lat'>(8)</span> <span class='ocrx_word' id='word_1_836' title='bbox 2308 5577 2483 5654; x_wconf 83' lang='lat' dir='ltr'>Vulg.</span> <span class='ocrx_word' id='word_1_837' title='bbox 2517 5593 2632 5641; x_wconf 82' lang='lat' dir='ltr'>non</span> <span class='ocrx_word' id='word_1_838' title='bbox 2663 5576 2858 5635; x_wconf 88' lang='lat' dir='ltr'>habet.</span> <span class='ocrx_word' id='word_1_839' title='bbox 2891 5577 3240 5636; x_wconf 81' lang='lat' dir='ltr'>oblationem.</span> 
     </span>
    </p>
   </div>
  </div>
