3984 6082
138 286 304 353 1⁵106

805 291 1162 355 HOMIle
1201 293 1280 353 IN
1325 289 1571 352 apis'r.
1618 277 2052 351 ET’svwc.
2098 289 2444 351 DOMINIC.
2477 289 2782 351 —'-PARS
2825 288 2876 352 I.

3381 263 3546 348 nec

129 424 338 480 eadem
371 420 689 495 regione,si
718 421 1091 497 vigilaverint
1115 441 1293 497 super
1317 439 1551 496 gregem
1582 438 1780 490 suum,
1813 423 1867 488 Α
1896 421 2064 492 (Psal.
2101 423 2342 490 LxxxIv).
2378 421 2529 478 Bene
2586 437 2817 494 quoque
2864 419 3108 492 angelus
3151 435 3284 474 cum
3318 418 3445 474 luce
3475 417 3536 474 in

132 517 194 569 et
222 507 612 568 custodierint
641 511 872 585 vigilias
911 515 1121 583 nectis,
1155 514 1412 586 profecto
1445 512 1561 568 illis
1591 511 1789 584 prisci-

131 619 248 675 pue
269 600 554 657 Dominus
569 617 812 658 suorum
829 620 1042 660 arcana
1063 607 1562 660 sacramentorum
1589 604 1792 676 digna-

134 690 299 746 bitur
326 688 598 755 revelare.
635 690 734 746 Isti
766 696 905 747 sunt
936 697 1200 764 pastores
1230 691 1291 748 in
1323 693 1524 748 eadem
1557 693 1792 765 regione

136 779 198 835 in
221 797 340 853 qua
357 783 532 836 natus
553 783 644 836 est
664 780 972 848 Dominus,
996 782 1096 854 qui
1122 783 1182 836 in
1205 781 1495 837 munditia
1525 786 1581 836 et
1609 781 1790 837 casti-

135 874 280 936 tate,
311 869 372 928 in
401 869 519 942 qua
548 873 722 934 natus
751 873 841 925 est
879 870 1147 928 Christus
1179 875 1235 926 et
1266 871 1605 944 permansit,
1639 887 1786 939 sese,

132 963 425 1031 quantum
451 959 718 1031 possunt,
736 975 932 1031 regere
951 959 1596 1033 contendunt.Vigilant
1614 977 1792 1032 super

132 1064 374 1122 gregem
399 1064 597 1115 suum,
625 1047 726 1120 qui
749 1048 806 1102 in
832 1048 1114 1122 regimine
1142 1049 1472 1106 animarum
1497 1049 1606 1104 sibi
1639 1066 1792 1105 com-

137 1136 460 1194 missarum
505 1135 739 1193 solliciti
787 1147 945 1193 sunt.
977 1139 1040 1193 In
1073 1155 1188 1210 quo
1219 1137 1393 1194 etiam
1420 1138 1788 1211 pensandum

138 1230 253 1293 est,
285 1226 496 1282 fratres
526 1225 883 1293 charissimi,
917 1227 1071 1299 quod
1121 1227 1336 1283 dicitur
1381 1243 1542 1300 super
1575 1244 1790 1299 gregem

131 1331 320 1371 suum.
336 1315 460 1371 Non
473 1315 630 1370 enim
653 1314 870 1371 sufficit
889 1316 1225 1388 pastoribus
1247 1317 1296 1372 si
1316 1317 1436 1373 sint
1456 1317 1514 1371 in
1543 1317 1790 1373 scientia

135 1409 198 1460 et
210 1403 330 1460 vita
353 1403 504 1460 sicut
533 1403 814 1477 populus:
832 1405 987 1461 unde
1018 1411 1074 1460 et
1094 1405 1153 1461 in
1176 1406 1552 1478 opprobrium
1575 1405 1790 1461 dicitur

133 1493 223 1550 eis
258 1511 271 1549 :
303 1494 374 1550 Et
398 1495 505 1550 erit
545 1496 690 1550 sicut
729 1495 986 1567 populus,
1017 1498 1095 1552 sic
1119 1495 1369 1552 sacerdos
1398 1497 1582 1568 (Eccli.
1611 1499 1784 1565 XXIV).

132 1583 210 1638 Et
235 1581 390 1650 sicut
437 1581 775 1656 praeminet
820 1588 1020 1656 pastor
1064 1585 1270 1656 gradu,
1304 1585 1389 1641 sic
1419 1583 1706 1658 sapientia
1733 1588 1791 1641 et

133 1671 255 1727 vita
282 1671 456 1728 debet
485 1670 761 1729 eminere.
796 1672 958 1728 Unde
986 1678 1043 1730 st
1072 1673 1322 1730 dicitur:
1349 1676 1528 1746 Super
1551 1682 1788 1730 montem

131 1761 408 1817 excelsum
438 1760 664 1817 ascende
701 1768 761 1817 tu
809 1763 908 1833 qui
953 1763 1298 1833 evangelizas
1354 1763 1486 1818 Sion
1517 1763 1638 1835 (Isa.
1673 1763 1780 1834 χι).

135 1848 282 1905 Hinc
311 1852 403 1905 est
431 1849 588 1922 quod
617 1850 891 1906 sacerdos
941 1851 1260 1922 accipiebat
1291 1868 1519 1908 armum
1551 1867 1783 1924 separa-

133 1942 265 1994 tum
293 1939 439 2012 (Lev.
472 1939 550 2010 ι),
582 1938 720 2011 quia
768 1940 918 1995 actio
963 1939 1214 2013 pastoris
1245 1958 1359 1996 non
1392 1939 1583 1996 solum
1616 1941 1786 1996 debet

135 2044 268 2084 esse
299 2027 484 2096 fortis,
519 2028 620 2084 sed
677 2031 736 2084 et
791 2029 1128 2102 singularis.
1163 2030 1513 2086 Custodiunt
1556 2029 1786 2102 vigilias

136 2115 328 2174 noctis
355 2133 536 2189 super
557 2132 794 2190 gregem
827 2117 1136 2191 suum,qui
1170 2119 1451 2192 populum
1484 2119 1594 2175 sibi
1627 2135 1784 2174 eom-

136 2205 393 2271 missum
413 2206 473 2261 in
497 2205 985 2276 adolescentia,in
1005 2207 1158 2262 virili
1183 2212 1370 2275 actate,
1387 2208 1442 2263 in
1467 2211 1783 2276 senectute,

134 2295 199 2350 in
227 2294 522 2368 decrepita
550 2298 741 2362 aetate,
770 2295 1086 2352 informare
1129 2298 1508 2354 contendunt.
1541 2298 1611 2353 Et
1641 2314 1787 2370 quos

133 2385 198 2439 in
211 2383 605 2447 adolescentia
625 2383 1002 2458 acquierunt,
1017 2385 1222 2442 saltem
1235 2384 1320 2442 vel
1344 2387 1402 2442 in
1425 2386 1575 2442 virili
1598 2391 1786 2459 aetate,

133 2472 228 2528 vel
255 2474 313 2529 in
341 2472 628 2546 senio,vel
661 2473 720 2528 in
753 2474 1050 2547 decrepita
1075 2479 1240 2531 aetate
1269 2477 1556 2546 corrigere
1577 2493 1787 2532 concu-

135 2562 395 2634 piscunt.
429 2563 543 2618 Sed
574 2565 889 2635 quomodo,
921 2566 1150 2630 fratres,
1184 2565 1279 2621 hic
1323 2565 1538 2622 dicitur
1565 2567 1790 2634 vigilias

131 2653 313 2706 noctis
343 2651 695 2707 custodientes
722 2669 884 2724 super
911 2670 1127 2723 gregem
1153 2671 1333 2722 suum,
1355 2671 1486 2709 cum
1517 2653 1578 2709 in
1611 2671 1788 2710 manu

136 2739 398 2808 hominis
429 2757 543 2797 non
577 2741 653 2797 sit
685 2743 980 2798 custodire
1007 2741 1095 2797 vel
1127 2743 1310 2812 sc,vel
1341 2744 1790 2816 alium,pracser-

138 2828 250 2884 tim
280 2846 414 2886 eum
445 2830 734 2903 scriptum
767 2831 845 2888 sit
875 2848 889 2886 :
917 2834 1046 2892 Nisi
1071 2834 1333 2889 Dominus
1359 2832 1679 2889 custodierit
1707 2835 1792 2888 ci-

140 2920 391 2988 vitatem,
421 2921 629 2990 frustra
660 2920 856 2989 vigilat
883 2923 980 2992 qui
1007 2921 1236 2978 custodit
1263 2938 1384 2976 eam
1412 2921 1788 2994 (Psal.cxxv1),

141 3007 342 3080 Neque
369 3008 529 3064 enim
561 3013 754 3080 potest
781 3012 981 3080 pastor
1001 3009 1198 3080 jacere
1227 3009 1407 3075 solus,
1442 3011 1542 3066 sed
1573 3011 1788 3080 socius,

141 3098 333 3154 necad
349 3098 668 3154 Dominum
689 3097 773 3154 ire
795 3098 978 3167 solus,
1003 3099 1104 3154 sed
1127 3097 1569 3156 socius.Verum
1591 3100 1793 3172 utique

1899 510 2114 566 Christi
2148 510 2466 576 nativitate,
2501 512 2653 582 quod
2687 510 2742 566 in
2777 513 2895 566 toto
2944 508 3136 565 Veteri
3168 508 3540 563 Testamento

1901 616 2015 654 non
2047 599 2278 672 legitur,
2313 599 2602 672 apparuit,
2637 599 2935 672 quoniam,
2961 600 3134 670 juxta
3172 596 3542 668 Prophetam,

1897 693 2038 744 tunc
2069 697 2320 744 exortum
2349 697 2428 744 est
2458 691 2514 743 in
2547 691 2781 744 tenebris
2821 690 3004 744 lumen.
3050 689 3209 743 rectis
3235 687 3410 754 corde,
3442 687 3552 742 mi-

1898 781 2130 834 sericors
2159 783 2210 834 et
2243 780 2533 835 miserator
2581 782 2847 834 Domi-nus
2889 779 3058 846 (Psal.
3093 780 3227 845 cm).
3259 778 3323 832 Et
3353 778 3550 831 timue-

1900 876 2049 934 runt,
2083 867 2294 940 inquit,
2327 869 2520 924 timore
2547 885 2764 937 magno.
2784 867 3206 935 Quiahumana
3235 865 3548 920 infirmitas

1899 958 2249 1024 concutitur,
2279 957 2376 1012 ubi
2410 956 2604 1012 divina
2633 956 2964 1014 sublimitas
2995 955 3544 1011 manifestatur.Sed

1899 1046 2036 1118 quia
2063 1046 2224 1119 digni
2256 1051 2421 1102 erant
2464 1046 2879 1113 consolatione,
2915 1046 3060 1101 dixit
3115 1045 3199 1100 eis
3250 1043 3492 1116 angelus
3525 1061 3538 1099 :

1897 1136 2079 1192 Nolite
2127 1137 2336 1191 timere.
2369 1135 2532 1191 Sicut
2579 1135 2735 1191 enim
2783 1134 2998 1192 diaboli
3029 1140 3085 1191 et
3116 1132 3541 1190 diabolicorum

1899 1222 2204 1279 hominum
2255 1229 2344 1279 est
2393 1224 2692 1280 hominem
2737 1225 2808 1280 ad
2841 1229 3151 1280 tremorem
3184 1228 3241 1279 et
3269 1224 3541 1296 despera-

1895 1312 2115 1369 tionem
2148 1329 2536 1382 commonere,
2573 1315 2652 1370 ita
2674 1315 2960 1370 bonorum
2993 1312 3334 1386 angelorum
3358 1317 3415 1368 et
3445 1312 3544 1368 ho-

1898 1401 2124 1458 minum
2153 1406 2241 1458 est
2269 1403 2492 1459 homini
2524 1403 2984 1460 consolationem
3001 1407 3058 1458 et
3073 1419 3236 1475 spem
3267 1402 3542 1473 praebere.

1897 1494 2082 1558 Quare
2103 1497 2296 1548 autem
2312 1493 2646 1564 pastoribus
2669 1511 2786 1548 non
2811 1491 3269 1561 timendum,sed
3291 1490 3546 1563 gauden-

1896 1580 2035 1636 dum
2096 1583 2270 1647 esset,
2323 1580 2579 1637 ostendit
2629 1580 2873 1652 angelus
2932 1596 3066 1636 cum
3123 1576 3324 1635 subdit
3358 1593 3370 1631 :
3404 1579 3547 1632 Ecce

1894 1671 2091 1726 nuntio
2135 1670 2284 1726 vobis
2331 1671 2597 1742 gaudium
2653 1687 2936 1740 magnum,
2971 1669 3110 1741 quod
3137 1669 3244 1724 erit
3270 1669 3422 1724 omni
3443 1683 3544 1739 pa-

1889 1761 2042 1830 pula,
2077 1758 2361 1814 subaudis
2417 1758 2753 1816 electorum.
2807 1759 3098 1817 Gaudium
3156 1774 3438 1831 magnum
3487 1760 3545 1813 et

1895 1865 2226 1916 commune,
2253 1848 2481 1918 fratres,
2503 1850 2737 1906 nuntiat
2768 1848 3009 1923 angelus
3041 1845 3544 1922 pastoribus,quia

1894 1938 2189 2010 quoddam
2220 1939 2501 2011 gaudium
2532 1945 2622 1995 est
2649 1941 2802 2011 quod
2835 1957 2952 1995 non
2983 1943 3072 1995 est
3102 1953 3404 2011 magnum,
3439 1936 3541 1992 sed

1894 2043 2160 2098 parvum,
2190 2025 2280 2082 vel
2306 2027 2500 2100 potius
2531 2028 2862 2097 nullum,ut
2881 2028 3161 2101 gaudium
3193 2026 3350 2099 quod
3370 2026 3545 2082 habe-

1895 2119 1991 2170 tur
2046 2115 2116 2170 de
2173 2115 2372 2188 aliqua
2423 2135 2483 2172 re
2539 2118 2898 2186 transitoria,
2954 2119 3024 2173 de
3078 2133 3192 2190 quo
3279 2116 3538 2172 dicitur:

1899 2205 1988 2262 Va:
2015 2205 2164 2260 vobis
2202 2207 2300 2277 qui
2330 2207 2560 2263 ridetis!
2591 2208 2740 2279 (Luc.
2772 2211 2878 2277 γι.)
2908 2208 3020 2264 Sed
3068 2206 3352 2280 gaudium
3383 2205 3542 2261 istud

1897 2299 2020 2350 erat
2049 2311 2352 2368 magnum,
2386 2295 2524 2368 quia
2554 2297 2625 2352 de
2673 2296 2863 2353 salute
2911 2301 3130 2353 nostra.
3165 2296 3391 2352 Rursus
3422 2297 3546 2352 erat

1898 2385 2382 2456 commune,quia
2413 2385 2571 2440 omni
2601 2385 2816 2458 populo
2849 2385 3104 2442 credenti
3133 2389 3259 2442 erat
3289 2401 3552 2442 commus.

1898 2473 2235 2529 nicandum.
2269 2473 2399 2530 Ideo
2427 2474 2584 2530 enim
2620 2476 2804 2530 factus
2834 2479 2922 2531 est
2951 2475 3106 2531 Deus
3137 2475 3333 2542 homo,
3356 2478 3421 2530 ut
3441 2473 3554 2529 ho-‘

1900 2563 2088 2618 mines
2111 2563 2260 2618 Deos
2283 2555 2514 2634 faceret,
2531 2569 2587 2619 et
2609 2563 2889 2636 gaudium
2914 2565 3067 2636 quod
3087 2564 3340 2620 habebat
3359 2561 3542 2630 solus,

1899 2651 2360 2708 communicaret
2407 2651 2696 2724 pluribus.
2731 2654 2868 2722 Hoc,
2906 2656 3131 2722 fratres,
3165 2657 3368 2708 contra
3414 2651 3544 2706 illos

1900 2742 2000 2814 qui
2033 2740 2140 2796 soli
2172 2741 2284 2796 sibi
2316 2742 2502 2796 vivere
2535 2741 2753 2810 volunt,
2781 2747 2839 2798 et
2869 2743 3086 2798 bonum
3118 2743 3274 2814 quod
3303 2742 3543 2809 habent,

1902 2830 2124 2885 caeteris
2180 2830 2613 2886 communicare
2670 2830 2896 2886 nolunt.
2931 2833 3000 2887 Et
3056 2832 3184 2888 ideo
3243 2830 3543 2888 communi

1902 2923 2240 2976 sanctorum
2274 2919 2426 2974 bono
2446 2920 2610 2990 juste
2630 2919 2951 2992 privantur.
2977 2921 3138 2986 Quod
3170 2925 3364 2976 autem
3397 2919 3542 2974 illud

1901 3007 2183 3080 gaudium
2218 3007 2313 3074 sit,
2349 3007 2585 3080 exponit
2615 3007 2859 3080 angelus
2890 3026 3024 3064 cum
3056 3009 3256 3081 subpit
3288 3025 3302 3064 :

1977 3097 2116 3164 Quia
2143 3105 2305 3152 natus
2333 3105 2411 3152 est
2458 3097 2616 3154 hodie
2657 3098 2805 3154 vobis
2853 3099 3120 3169 Salvator,
3154 3100 3252 3170 qui
3277 3106 3354 3154 est
3387 3098 3547 3156 Chri-

142 3189 254 3253 est,
281 3186 492 3243 fratres
523 3185 662 3256 mei,
693 3188 849 3259 quod
899 3187 956 3242 in
1005 3204 1184 3243 manu
1242 3189 1493 3260 pastoris
1542 3206 1656 3245 non
1700 3171 1794 3244 est
1821 3171 1863 3237 C
1902 3191 2016 3240 stus
2039 3185 2304 3240 Dominus
2348 3187 2409 3240 in
2453 3187 2671 3242 civitate
2719 3186 2910 3242 David.
2944 3185 3156 3242 Tribus
3186 3185 3544 3254 nominibus,

137 3289 379 3347 gregem
410 3273 724 3342 custodire,
743 3275 844 3331 sed
867 3280 1062 3331 tamen
1080 3275 1131 3332 ei
1153 3293 1221 3332 ex
1251 3277 1595 3332 necessitate
1616 3277 1791 3333 ofﬁcii

138 3363 396 3420 inditum
436 3367 544 3431 est,
576 3364 770 3435 quoad
818 3369 1027 3436 potest,
1063 3365 1134 3420 ad
1167 3367 1616 3422 custodiendum
1645 3366 1792 3439 vigi-

137 3451 282 3511 lare.
306 3451 454 3509 Nam
475 3451 522 3507 si
539 3449 754 3524 aliquis
773 3457 1034 3509 vestrum
1057 3454 1386 3510 committat
1404 3459 1636 3511 centum
1660 3471 1794 3512 oves

141 3539 384 3613 opilioni
414 3557 542 3609 suo,
579 3546 637 3597 et
665 3541 780 3608 ille,
814 3542 1103 3598 devoratis
1151 3547 1208 3598 et
1263 3544 1509 3616 perditis
1566 3543 1795 3600 cunctis

140 3628 548 3697 ovibus,solus
581 3629 653 3686 ad
685 3631 990 3686 dominum
1023 3633 1512 3704 revertatur,quid
1537 3633 1586 3689 ei
1613 3633 1796 3689 dictu-

140 3735 246 3778 rus
265 3721 356 3776 est
371 3715 647 3776 dominus
669 3737 736 3775 su
745 3737 814 3775 us
829 3720 856 3776 ‘l
877 3721 1080 3776 Nonne
1102 3721 1486 3777 incarcerabit
1503 3722 1591 3777 vel
1612 3727 1673 3778 tu
1683 3723 1796 3794 rpi-

145 3813 236 3866 ter
265 3807 491 3880 iugabit
517 3825 652 3865 eum
675 3809 702 3864 ?
731 3809 880 3874 Quid
913 3826 1070 3882 ergo,
1108 3811 1336 3880 fratres,
1357 3811 1496 3883 quid
1531 3811 1796 3868 dicturus

146 3901 239 3956 est
267 3897 421 3954 Deus
459 3897 546 3954 illi
594 3899 758 3971 pigro
803 3899 1044 3972 pastori,
1078 3900 1178 3972 qui
1209 3900 1430 3956 nullam
1463 3901 1795 3956 animarum

144 3984 261 4044 Sibi
291 3985 742 4043 commissarum
773 3988 845 4042 ad
869 3987 1063 4060 ipsum
1095 3987 1320 4044 reducit
1339 3989 1367 4044 ‘?
1399 3989 1600 4046 Nonne
1629 3989 1796 4045 illum

143 4078 430 4147 tanquam
477 4075 800 4132 multarum
847 4076 1180 4132 animarum
1225 4076 1576 4134 homicidam
1606 4079 1799 4136 acrius

145 4164 374 4224 castoris
429 4164 774 4222 damnabit?
804 4165 1035 4238 Utique.
1086 4167 1226 4223 Nam
1282 4167 1477 4223 durius
1521 4168 1800 4240 judicium

146 4255 236 4310 his
267 4255 362 4325 qui
384 4261 630 4326 prwsunt
655 4253 755 4326 ﬁet
780 4254 1042 4327 (Sap.v1).
1077 4259 1187 4311 Per
1217 4272 1345 4328 quae
1377 4256 1592 4312 indicia
1619 4257 1802 4314 voluit

146 4341 417 4401 Christus
447 4343 688 4400 revelari
737 4343 1084 4412 ostenditur,
1115 4361 1248 4400 cum
1289 4345 1508 4401 dicitur
1537 4363 1551 4402 :
1584 4349 1660 4402 Et
1685 4363 1801 4404 ecce

145 4432 374 4503 angelus
403 4435 627 4490 Domini
654 4435 804 4490 stetit
837 4434 1007 4505 juxta
1037 4435 1181 4502 illos,
1209 4441 1260 4490 et
1285 4435 1511 4492 claritas
1538 4436 1657 4508 ejus
1687 4437 1799 4508 (l2)

148 4522 518 4594 circumfulsit
547 4523 690 4579 illos.
721 4527 896 4589 Bene,
950 4523 1178 4592 fratres,
1231 4524 1472 4597 angelus
1521 4526 1802 4581 nuntians

151 4609 518 4668 nativitatem
571 4611 790 4668 Christi
849 4611 1086 4668 stetisse
1145 4612 1375 4684 legitur.
1426 4614 1590 4670 Stare
1646 4615 1804 4670 enim

151 4700 542 4773 pugnantium
574 4706 680 4758 est.
715 4703 785 4758 Et
815 4701 912 4758 ille
940 4701 1302 4757 nativitatem
1330 4703 1457 4773 ejus
1493 4704 1803 4760 nuntiabat

154 4787 259 4861 qui
289 4805 486 4846 aereas
536 4795 856 4863 potestates
899 4789 1190 4847 debellare
1219 4791 1504 4848 veniebat.
1541 4792 1640 4848 Ille
1671 4810 1802 4850 vero

153 4878 419 4950 angelus,
453 4880 555 4951 qui
587 4881 716 4952 ejus
748 4880 1236 4937 resurrectionem
1285 4881 1594 4951 nuntiavit,
1628 4899 1806 4955 super

156 4966 412 5040 lapidem
440 4968 769 5025 revolutum
798 4969 968 5034 sedit,
1003 4968 1141 5040 quia
1169 4971 1424 5040 profecto
1453 4970 1622 5028 illum
1654 4989 1803 5026 nun-

155 5055 619 5128 tiabat,quijam
639 5058 824 5114 victor
854 5057 1270 5114 sedebat.Bene
1301 5063 1358 5115 et
1385 5059 1629 5133 angelus
1661 5061 1805 5117 nati-

154 5144 356 5202 vitatis
389 5147 632 5204 nuntius
681 5147 914 5204 stetisse
938 5147 1110 5219 juxta
1140 5152 1403 5219 pastores
1432 5157 1810 5223 memoratur,

155 5233 302 5305 quia
321 5233 591 5292 videlicet
611 5235 912 5294 Christum
939 5253 1116 5309 prope
1137 5241 1196 5292 et
1214 5238 1531 5309 propitium
1558 5239 1682 5295 ﬁeri
1715 5240 1814 5296 ho-

157 5321 422 5380 minibus
447 5341 552 5397 per
574 5342 810 5383 carnem
833 5329 889 5382 et
909 5326 1372 5384 misericordiam
1406 5328 1810 5398 denuntiabat,

147 5411 326 5484 juxta
380 5411 574 5472 illud:
624 5417 801 5488 Prope
853 5415 1100 5473 timentes
1156 5432 1282 5474 eum
1340 5417 1585 5474 salutare
1639 5419 1816 5492 ipsius

228 5591 346 5667 (42)
370 5592 543 5668 Vulg.
572 5597 697 5654 Dei.

481 5721 754 5791 PATROL.
797 5719 970 5790 CLV.

1903 3273 2131 3340 fratres,
2162 3277 2330 3329 vocat
2372 3274 2616 3346 angelus
2665 3293 2933 3348 puerum,
2969 3275 3348 3345 Salvatorcm,
3381 3275 3550 3332 Chri-

1902 3366 2153 3429 stum,et
2181 3361 2517 3419 Dominum.
2553 3363 2874 3431 Christum,
2907 3365 3045 3437 quia
3078 3369 3290 3421 unctus
3311 3368 3400 3421 est
3428 3363 3547 3436 ple-

1902 3451 2166 3507 nitudine
2196 3453 2460 3508 omnium
2491 3453 2920 3525 gratiarum,de
2943 3471 3058 3526 quo
3090 3471 3294 3510 omnes
3323 3453 3548 3526 accepi-

1903 3557 2066 3608 mus;
2099 3539 2468 3608 salvatorem,
2501 3542 2637 3614 quia
2683 3543 2869 3600 salvat
2898 3547 2956 3598 et
2983 3543 3268 3617 gloriﬁcat
3295 3541 3507 3599 electos
3533 3560 3548 3611 ;

1908 3628 2238 3698 Dominum,
2256 3631 2392 3702 quia
2413 3632 2652 3687 damnat
2674 3633 2970 3704 reprobos.
2987 3633 3096 3689 Sed
3113 3633 3546 3704 quare,fratres,

1905 3718 1987 3774 ait
2016 3719 2208 3786 hodie,
2244 3736 2377 3775 cum
2406 3719 2462 3775 in
2501 3725 2666 3776 nocte
2712 3727 2885 3777 natus
2934 3723 3012 3778 sit
3059 3722 3375 3779 Christus?
3407 3721 3553 3787 Quia

1905 3825 2030 3864 eam
2049 3813 2275 3863 noctem
2305 3815 2669 3866 sacramento
2693 3811 3016 3868 nativitatis
3043 3830 3159 3868 sua:
3181 3811 3551 3885 splendidam

1906 3898 2170 3953 Christus
2194 3897 2448 3953 reddidit
2468 3903 2526 3955 et
2546 3899 2889 3971 solemnem,
2907 3901 3244 3974 juxtaquod
3269 3900 3552 3972 scriptum

1907 3990 1996 4043 est
2010 4003 2023 4042 :
2038 3988 2104 4042 Et
2122 4003 2236 4043 nox
2261 3989 2402 4043 sicut
2429 3987 2543 4044 dies
2575 3990 3004 4046 illuminabitur.
3043 3993 3115 4046 t
3130 4007 3246 4044 ηοω
3266 3990 3554 4045 illumina-

1909 4079 1983 4133 tio
2011 4093 2128 4132 mea
2181 4079 2241 4132 in
2289 4076 2501 4132 deliciis
2551 4080 2687 4133 meis
2713 4080 2883 4146 (Psal.
2917 4082 3202 4148 CXXXVIII).
3235 4079 3298 4134 In
3329 4077 3557 4133 civitate

1910 4165 2089 4221 David
2113 4165 2241 4220 ideo
2263 4163 2496 4235 dicitur,
2521 4171 2584 4221 ut
2605 4168 2947 4223 ostendatur
2973 4185 3105 4224 vere
3134 4167 3398 4224 Christus
3428 4183 3558 4222 esse

1909 4254 2010 4328 qui
2041 4253 2100 4308 in
2133 4252 2470 4309 Bethlehem
2501 4256 2826 4311 secundum
2869 4258 3184 4330 prophetas
3215 4262 3337 4314 erat
3365 4256 3556 4313 nasci-

1908 4348 2097 4399 turus.
2114 4342 2224 4398 Sed
2249 4342 2386 4414 quia
2405 4343 2593 4399 Judiei
2617 4344 2788 4417 signa
2810 4351 3035 4418 petunt,
3061 4348 3262 4404 subdit
3281 4346 3554 4420 angelus;

1907 4434 1973 4488 Et
1999 4433 2097 4488 hoc
2127 4433 2272 4488 vobis
2319 4433 2541 4504 signum
2571 4452 2588 4488 :
2621 4436 2908 4492 Invenietis
2941 4439 3208 4509 infantem
3234 4443 3438 4510 pannis
3468 4443 3558 4497 in-

1835 4546 1880 4610 D
1912 4522 2176 4588 volutum,
2209 4530 2258 4578 et
2288 4524 2528 4594 positum
2575 4525 2636 4578 in
2678 4529 2968 4598 prwsepio.
2999 4528 3077 4582 Ac
3107 4527 3156 4583 si
3186 4527 3402 4585 diceret
3435 4547 3447 4586 :
3479 4532 3560 4587 Ex

1913 4611 2021 4666 hoc
2053 4611 2296 4682 potestis
2327 4613 2571 4684 probare
2619 4615 2773 4684 quod
2831 4615 2978 4684 dico,
3012 4633 3145 4672 cum
3177 4619 3560 4691 cognoveritis

1910 4717 2038 4757 esse
2082 4717 2218 4756 vera
2261 4705 2316 4756 et
2367 4701 2634 4757 absentia
2684 4720 2810 4775 quis
2861 4705 3085 4774 nuntio,
3119 4711 3173 4762 et
3204 4708 3402 4764 futura
3432 4725 3560 4781 quae

1914 4789 2283 4862 prmdico,ut,
2304 4805 2438 4844 cum
2471 4807 2564 4847 me
2595 4808 2853 4848 veracem
2877 4794 2936 4849 in
2959 4795 3051 4850 bis
3083 4797 3560 4869 cognoveritis,in

1917 4877 2142 4935 caeteris
2173 4895 2405 4950 quoque
2436 4897 2529 4936 me
2560 4897 2822 4938 veracem
2853 4900 2980 4940 esse
3011 4901 3124 4940 non
3157 4884 3455 4942 dubitetis.
3482 4885 3566 4943 Si-

1917 4983 2101 5041 gnum
2158 4983 2292 5021 vero
2352 4967 2594 5041 angelus
2641 4968 2700 5024 in
2753 4971 3084 5028 humilitate
3129 4977 3188 5030 et
3225 4979 3566 5047 paupertate

1919 5055 2129 5112 Christi
2150 5056 2366 5127 posuit,
2387 5061 2450 5110 ut
2469 5057 2900 5115 demonstraret
2921 5061 3086 5118 nobis
3107 5079 3212 5135 per
3229 5080 3355 5135 quae
3389 5065 3569 5122 salva-

1921 5162 2138 5212 remur,
2161 5149 2219 5200 et
2249 5162 2376 5216 qum
2408 5145 2624 5200 imitari
2655 5148 2956 5204 debemus.
2981 5150 3289 5222 Caeterum,
3320 5171 3392 5210 ne
3423 5159 3569 5212 atte-

1925 5235 2100 5292 statio
2133 5234 2311 5290 unius
2337 5234 2528 5308 angeli
2555 5233 2920 5295 insufﬁciens
2949 5239 3394 5309 videretur,non
3426 5244 3572 5300 duo-

1924 5341 2055 5379 rum
2076 5328 2306 5380 tantum
2329 5323 2710 5397 subjungitur
2726 5327 2814 5385 vel
2834 5327 3016 5384 trium
3033 5331 3461 5400 testimonium,
3475 5333 3578 5389 sed

1925 5401 2106 5472 etiam
2137 5411 2480 5487 multorum,
2514 5429 2650 5471 cum
2682 5416 2929 5476 dicitur:
2963 5419 3033 5478 Et
3057 5425 3208 5496 facta
3234 5427 3314 5478 est
3339 5435 3464 5475 cum
3493 5437 3588 5478 an-

3215 5719 3312 5801 si
