3988 6074
410 298 567 363 1707

1405 302 1801 365 ADDENDA.
1831 332 1913 349 —
1945 298 2347 367 RMULPHI
2385 299 2802 365 ARDENTIS.

3649 296 3817 361 I708

407 437 547 505 gelo,
563 450 804 491 concors
824 434 1047 492 scilicet
1066 434 1125 491 in
1149 435 1878 506 testimonium,multitudo
1898 436 2050 492 miti-
2081 437 2136 507 Α
2165 434 2322 491 davit
2351 435 2532 509 (Joan.
2551 433 2982 507 xix),quoniam
3013 432 3364 491 familiarius
3380 436 3440 489 et
3457 432 3819 507 profundius

408 526 503 582 tim
526 524 755 580 cwlestis
801 525 1151 581 laudantium
1197 530 1394 598 Deum,
1424 534 1475 582 et
1496 525 1793 583 dicentium
1821 545 1840 582 :
1873 525 2057 583 Gloria

406 615 468 668 in
496 615 782 670 altissimis
810 620 940 680 Deo,
969 624 1018 671 et
1066 617 1128 671 in
1185 623 1332 672 terra
1375 632 1491 688 pax
1539 616 1850 672 hminibus
1907 617 2058 671 bona

405 703 722 760 voluntatis.
770 706 851 760 Ac
910 705 960 760 si
1017 704 1277 762 diceret:
1330 706 1414 761 Ex
1465 703 1763 761 nativitate
1820 704 2053 775 Christi,

403 791 559 849 Deus
583 793 655 848 ab
681 792 988 849 altissimis
1018 793 1333 851 virtutibus
1366 793 1726 867 gloriﬁcatur
1748 798 1805 850 et
1824 793 2058 851 benedi-

404 881 576 950 citur,
604 899 669 939 eo
692 884 846 955 quod
880 882 1053 939 ruina
1083 882 1346 957 angelica
1374 901 1446 941 ex
1474 884 1838 957 reparatione
1866 882 2057 939 homi-

404 970 498 1026 nis
523 972 849 1044 suppletur,
872 976 928 1029 et
948 990 1061 1045 pax
1082 977 1140 1029 et
1160 973 1551 1030 reconciliatio
1574 990 1707 1029 cum
1730 973 1845 1029 Deo
1867 972 2056 1029 homi-

404 1060 581 1116 nibus
604 1061 767 1117 bonae
796 1062 1116 1119 voluntatis
1138 1063 1446 1136 praebetur.
1462 1063 1587 1119 Non
1618 1066 1816 1119 autem
1848 1062 1931 1117 ait
1952 1062 2055 1117 ho-

404 1149 669 1207 minibus
698 1151 865 1208 bona:
897 1153 1277 1225 operationis,
1301 1152 1441 1225 quia
1471 1153 1623 1209 bona
1653 1151 1910 1225 operatio
1933 1149 2059 1207 sine

404 1238 559 1296 bona
581 1240 873 1298 voluntate
897 1260 1013 1299 non
1037 1241 1275 1299 sufficit.
1300 1246 1461 1299 Bona
1477 1258 1611 1298 vero
1641 1241 1913 1298 voluntas
1933 1239 2060 1297 sine

404 1328 560 1385 bona
589 1331 944 1402 operatione,
980 1332 1028 1387 si
1061 1330 1310 1388 facultas
1342 1332 1523 1400 deest,
1554 1330 1822 1387 sufﬁcere
1847 1333 2056 1403 potest.

405 1417 631 1491 Itaque,
654 1420 860 1476 fratres
889 1421 1025 1488 mei,
1055 1421 1103 1477 si
1133 1420 1389 1476 multum
1422 1419 1773 1489 laborare,si
1804 1418 2059 1474 multum

406 1505 629 1581 largiri,
646 1509 695 1565 si
719 1510 972 1565 multum
995 1511 1265 1582 jejunare
1287 1527 1401 1566 non
1424 1510 1694 1583 potestis,
1717 1510 1925 1566 saltem
1949 1509 2058 1563 ha-

407 1594 594 1654 beatis
642 1598 855 1655 bonam
898 1598 1283 1666 voluntatem,
1318 1617 1447 1672 quze
1480 1598 1529 1655 si
1560 1602 1833 1672 prompta
1862 1598 2057 1667 fuerit,

405 1686 810 1758 proculdubio
832 1705 936 1761 pro
959 1689 1108 1744 facto
1131 1687 1515 1760 reputabitur.
1533 1688 1658 1745 Non
1673 1687 1829 1744 enim
1852 1692 2061 1760 pensat

406 1775 562 1833 Deus
594 1783 884 1877 quantum
912 1778 1047 1850 quis
1078 1779 1299 1877 offerat,
1318 1778 1417 1877 sed
1449 1795 1518 1834 ex
1547 1774 2061 1877 quanto.Relique-
2087 1811 2136 1877 B

405 1869 545 1921 runt
600 1866 815 1939 quippe
880 1871 1086 1923 Petrus
1141 1870 1198 1923 et
1236 1867 1498 1923 Andreas
1553 1883 1755 1923 navem
1806 1870 1863 1922 et
1911 1867 2057 1922 retia

406 1954 623 2028 (Matth.
668 1956 765 2027 1v),
800 1959 857 2011 et
881 1956 1080 2012 omnia
1126 1955 1434 2028 reliquisse
1472 1956 1820 2027 judicantur
1848 1954 2052 2027 (Matth.

404 2047 543 2110 xxx).
560 2043 785 2100 Obtulit
810 2044 983 2101 vidua
1013 2045 1245 2101 minuta
1273 2046 1482 2111 duo,et
1498 2044 1777 2100 divitibus
1800 2043 2054 2100 multum

405 2133 788 2190 offerentibus
820 2135 1123 2205 praefertur
1152 2134 1452 2205 (Luc.xx1).
1482 2134 1805 2189 Otl‘eramus
1836 2137 1895 2188 et
1924 2149 2051 2200 nos,

407 2222 638 2289 fratres,
662 2223 818 2293 quod
851 2223 1171 2294 possimus,
1188 2228 1244 2279 et
1270 2223 1321 2279 si
1352 2239 1466 2278 non
1500 2222 1785 2279 habemus
1817 2220 2057 2278 faculta-

405 2310 768 2379 tem,saltem
799 2312 1111 2368 oll‘eramus
1142 2313 1355 2368 bonam
1385 2310 2068 2383 voluntatem,quoniam‘

408 2399 682 2455 nativitas
711 2399 924 2455 Christi
941 2401 1040 2457 dat
1062 2418 1265 2474 pacem
1296 2400 1637 2457 hominibus
1663 2401 1827 2457 bonte
1846 2399 2054 2456 volun-

406 2488 564 2544 tatis.
599 2490 782 2553 Quam
808 2489 934 2562 ipse
965 2490 1134 2545 nobis
1183 2490 1485 2563 largiatur,
1521 2490 1619 2563 qui
1650 2489 1934 2546 hodierna
1962 2488 2054 2545 die

403 2594 510 2650 pro
542 2578 710 2634 nobis
727 2580 799 2634 de
819 2579 1057 2652 Virgine
1086 2578 1247 2636 nasci
1276 2579 1554 2652 dignatus
1584 2582 1693 2645 est,
1707 2578 1879 2635 Jesus
1898 2577 2055 2633 Chri-

405 2670 534 2723 stus
568 2667 848 2724 Dominus
893 2672 1109 2735 noster,
1143 2668 1245 2741 qui
1304 2685 1436 2724 cum
1498 2668 1664 2723 Patre
1718 2672 1776 2724 et
1831 2666 2052 2739 Spiritu

405 2760 605 2812 sancto
636 2756 775 2812 vivit
795 2761 852 2813 et
872 2763 1075 2831 regnat
1105 2758 1260 2815 Deus
1289 2776 1393 2831 per
1419 2756 1616 2814 omnia
1646 2755 1857 2813 saecula
1878 2773 2055 2814 saecu-

402 2843 612 2903 lorum.
646 2848 852 2903 Amen.

998 2937 1304 2994 HOMILIA
1341 2938 1465 2994 XII.

944 3045 1000 3083 IN
1041 3044 1241 3083 NATALI
1282 3043 1506 3083 DOMINI.

473 3117 532 3172 In
590 3117 865 3189 principio
922 3126 1041 3173 erat
1100 3117 1327 3175 Verbum
1369 3118 1549 3191 (Joan.
1593 3117 1651 3190 ι),
1699 3120 1757 3172 et
1803 3113 2050 3187 reliqua.

2164 524 2386 581 caeteris
2432 542 2542 581 sua
2589 528 2812 581 secreta
2835 523 2888 581 ei
2918 522 3208 582 revelavit.
3242 521 3428 596 Igitur
3463 521 3617 579 sicut
3645 520 3818 580 altis-

2165 614 2316 671 sime
2342 613 2557 671 volavit
2586 631 2779 688 penna
2805 613 3065 681 virtutis,
3079 612 3162 670 sic
3178 610 3463 669 altissime
3479 611 3629 669 vidit
3646 610 3823 669 oculo

2166 702 2694 776 contemplationis,
2711 704 2795 760 sic
2816 702 3112 760 altissime
3140 700 3397 759 intonuit
3421 702 3595 759 verbo
3616 701 3825 776 praedi-

2164 791 2431 848 cationis.
2467 792 2582 849 Nec
2612 793 2896 849 duntaxat
2926 796 3164 849 caeteros
3192 789 3601 865 evangelistas,
3615 808 3824 849 verum

2165 882 2343 938 etiam
2392 880 2653 955 seipsum
2703 881 3148 956 supergreditur
3186 884 3245 937 et
3275 880 3626 954 supervolat,
3652 882 3828 954 juxta

2167 970 2322 1042 quod
2347 970 2418 1026 ab
2440 969 2737 1027 Ezechiele
2757 971 2980 1027 dictum
3001 974 3092 1026 est
3113 986 3127 1025 :
3150 972 3360 1039 Facies,
3384 968 3599 1043 inquit,
3610 971 3828 1044 aquila

2167 1058 2397 1133 desuper
2424 1062 2667 1133 ipsorum
2702 1068 2938 1132 quatuor
2964 1060 3257 1134 (EzechJ).
3289 1058 3432 1116 Cum
3463 1060 3625 1115 enim
3655 1059 3826 1133 aqui-

2165 1147 2306 1219 lam,
2339 1166 2457 1205 non
2505 1149 2696 1206 solum
2743 1150 2954 1219 tribus,
2987 1149 3090 1206 sed
3137 1153 3195 1206 et
3238 1152 3493 1222 quatuor
3526 1148 3825 1207 describat

2168 1254 2497 1312 superesse,
2528 1255 2665 1295 eum
2717 1238 2919 1312 procul
2968 1239 3146 1296 dubio
3191 1255 3307 1295 non
3354 1237 3548 1295 solum
3577 1242 3822 1296 caeteros

2168 1326 2576 1401 evangelistae,
2610 1328 2712 1385 sed
2744 1332 2801 1386 et
2829 1329 3093 1401 seipsum
3123 1327 3393 1402 designat
3420 1327 3819 1401 supervolare.

2168 1416 2475 1474 Enimvero
2507 1434 2642 1474 cum
2675 1417 2924 1491 loquens
2954 1418 3027 1474 de
3056 1421 3271 1475 aeterna
3285 1416 3459 1474 Verbi
3488 1417 3818 1487 nativitate,

2168 1507 2426 1563 Joannes
2457 1506 2820 1564 intellectum
2870 1506 3203 1580 supervolet
3248 1507 3609 1575 universum,
3642 1523 3821 1564 suum

2169 1595 2344 1652 etiam
2393 1594 2754 1653 intellectum
2798 1596 3149 1670 supervolat,
3182 1596 3324 1670 quia
3349 1594 3537 1653 sancti
3565 1596 3824 1670 Spiritus

2168 1684 2357 1758 gratia
2384 1684 3064 1759 illustratus,plusquam
3099 1685 3274 1744 homo
3303 1690 3361 1742 et
3385 1685 3545 1742 videt
3572 1690 3632 1743 et
3671 1700 3825 1743 reso-

2169 1778 2291 1830 nat.
2324 1773 2469 1830 Huic
2501 1778 2811 1830 attestatur
2857 1779 2915 1831 et
2963 1774 3105 1830 illud
3167 1774 3414 1848 apostoli
3471 1775 3635 1831 Pauli
3672 1791 3688 1830 :
3720 1776 3825 1832 Nec

2163 1863 2374 1931 oculus,
2405 1862 2616 1935 inquit,
2646 1863 2807 1932 vidit,
2836 1880 2936 1919 nec
2991 1866 3148 1921 auris
3200 1865 3434 1931 audivit,
3463 1880 3565 1922 nec
3617 1867 3683 1921 in
3732 1882 3825 1922 cor

2162 1952 2403 2008 hominis
2431 1952 2675 2009 ascendit
2702 1967 2829 2025 quae
2850 1961 3139 2025 praeparat
3167 1953 3310 2010 Deus
3353 1953 3717 2025 diligentibus
3742 1970 3819 2011 se.

2160 2041 2326 2098 Nobis
2357 2049 2540 2098 autem
2566 2045 2705 2098 Deus
2735 2042 2996 2099 revetavit
3017 2058 3122 2114 per
3149 2041 3421 2114 Spiritum
3444 2058 3608 2098 suum
3627 2044 3683 2114 (Ι
3694 2043 3816 2100 Cor.

2163 2132 2340 2199 u).Ac
2370 2131 2417 2187 si
2452 2134 2650 2203 aperte
2682 2130 2837 2187 dicat
2865 2131 3023 2204 quod
3053 2130 3273 2203 Spiritu
3302 2135 3504 2188 sancto
3532 2130 3817 2189 illustrati

2161 2236 2340 2293 super
2380 2220 2708 2276 humanum
2758 2219 3118 2277 intellectum
3177 2220 3651 2293 contemplantur
3685 2222 3814 2293 jam

2161 2307 2478 2381 plusquam
2509 2308 2906 2383 speculantur.
2940 2309 3086 2365 Hinc
3114 2313 3172 2365 et
3196 2308 3322 2383 ipse
3349 2308 3663 2379 Dominus,
3676 2327 3811 2368 cum

2160 2397 2577 2472 interrogasset
2604 2398 2926 2472 discipulos
2955 2415 3115 2467 suos,
3146 2398 3347 2455 dicens
3372 2415 3387 2454 :
3421 2399 3591 2468 Quem
3619 2399 3813 2458 dicunt

2158 2503 2271 2544 esse
2325 2488 2572 2544 homines
2613 2487 2826 2544 Filium
2875 2489 3116 2545 hominis
3158 2489 3365 2559 (Matth.
3403 2491 3519 2558 xw)
3538 2487 3569 2544 ?
3616 2492 3681 2545 et
3728 2488 3809 2545 illi

2159 2575 2449 2633 humanas
2471 2576 2775 2650 Opiniones
2796 2576 3159 2647 retulissent,
3176 2576 3290 2634 ait:
3327 2582 3429 2635 Vos
3446 2585 3631 2634 autem
3650 2594 3811 2651 quas

2158 2682 2244 2721 me
2272 2682 2385 2722 esse
2410 2665 2641 2723 dicitis?
2670 2666 2860 2740 (Ibid.)
2887 2669 2966 2723 Ac
2995 2665 3045 2723 si
3068 2666 3227 2723 dicat
3259 2683 3272 2723 :
3303 2665 3408 2723 Illa
3453 2666 3665 2724 dicunt
3704 2667 3808 2724 ho-

2159 2754 2349 2812 mines
2394 2759 2625 2812 tantum
2676 2756 2939 2813 humana
2981 2757 3295 2830 sapientes,
3320 2773 3422 2814 vos
3451 2761 3679 2825 autem,
3710 2756 3809 2831 qui

2159 2860 2264 2918 per
2282 2844 2531 2919 gratiam
2550 2845 2738 2903 sancti
2753 2844 3004 2918 Spiritus
3021 2844 3338 2919 plusquam
3358 2844 3631 2903 homines
3656 2846 3811 2903 vide-

2157 2933 2255 3003 tis,
2279 2950 2456 3006 quem
2477 2951 2572 2992 me
2591 2951 2722 2992 esse
2746 2933 2940 2992 dicitis
2958 2934 2988 2991 ?
3007 2934 3100 2990 Sic
3112 2933 3297 3008 igitur
3315 2939 3514 2991 noster
3533 2934 3812 3009 spiritua-

2157 3022 2234 3079 lis
2264 3022 2482 3096 aquila,
2515 3027 2843 3080 creaturam
2883 3024 3263 3098 supervolans
3292 3023 3656 3094 universam,
3686 3027 3811 3099 pri-

2159 3128 2325 3168 mum
2347 3112 2577 3170 intonat
2597 3113 2894 3171 Christum
2925 3116 3060 3170 ante
3085 3117 3352 3186 tempora
3365 3113 3483 3170 Deo
3505 3114 3669 3171 Patri
3681 3131 3809 3172 eon—

406 3185 630 3274 Merito,
672 3185 880 3263 fratres
938 3206 1290 3277 charissimi,
1339 3185 1620 3264 Joannes
1650 3185 1949 3279 apostolus
1992 3205 2051 3264 et
2077 3185 2120 3255 C
2158 3202 2608 3260 substantialem
2640 3220 2796 3272 esse;
2820 3204 3099 3273 secundo,
3123 3185 3229 3277 per
3256 3220 3390 3261 eum
3422 3204 3626 3262 omnia
3656 3204 3811 3262 facta

406 3293 777 3367 evangelista,
804 3296 1150 3368 Boanerges,
1178 3296 1234 3351 id
1258 3300 1346 3353 est
1371 3297 1522 3367 ﬁlius
1553 3295 1802 3362 tonitrui,
1831 3308 2055 3349 nuncu-

407 3387 583 3456 patur
612 3385 797 3451 (Marc.
830 3386 951 3457 III);
986 3389 1113 3441 tum
1164 3385 1303 3457 quia
1329 3384 1391 3440 in
1422 3370 1620 3441 monte
1668 3400 1803 3439 cum
1835 3381 2051 3438 Jacoho

409 3473 585 3528 fratre
598 3489 704 3528 suo
716 3477 774 3528 et
787 3473 971 3542 Petro,
988 3472 1211 3529 audivit
1229 3490 1425 3529 vocem
1438 3472 1626 3529 Patris
1648 3488 1824 3545 super
1836 3468 2050 3527 Filium

406 3562 925 3618 intonantemzllie
952 3568 1028 3618 est
1051 3563 1231 3619 Filius
1257 3578 1410 3618 meus
1438 3562 1666 3618 dilectus
1695 3562 1757 3616 in
1785 3576 1888 3632 quo
1910 3560 2053 3616 mihi

404 3651 710 3721 complacui
738 3652 941 3720 (Matth.
974 3650 1131 3723 xvn),
1167 3655 1292 3706 tum
1352 3650 1491 3722 quia
1539 3651 1609 3705 de
1657 3648 2048 3705 comtornitate

403 3737 667 3808 ejusdem
698 3737 871 3793 Verbi
897 3754 1031 3793 cum
1064 3738 1230 3793 Patre
1261 3736 1345 3793 sic
1373 3737 1486 3793 alte
1516 3735 1732 3792 meruit
1760 3736 2042 3793 intonare.

401 3826 582 3883 Filius
614 3826 795 3899 igitur
824 3825 1063 3882 tonitrui
1095 3830 1184 3882 est
1212 3826 1311 3897 qui
1342 3825 1438 3881 hic
1477 3825 1758 3897 loquitur,
1792 3829 1849 3881 ct
1892 3826 2045 3881 toni-

395 3918 596 3970 truum
628 3918 719 3971 est
750 3915 903 3987 quod
928 3914 1210 3986 loquitur.
1243 3919 1390 3970 Nam
1421 3913 1726 3980 altissime,
1755 3914 2045 3970 obscuris-

395 4004 563 4074 sime,
580 4003 830 4075 ccelitus,
847 4003 964 4060 imo
979 4002 1384 4076 superccelitus
1400 4002 1679 4076 loquitur.
1695 4002 2041 4060 Universum

393 4095 610 4167 quippe
640 4093 1020 4161 intellectum,
1054 4111 1170 4148 non
1220 4092 1412 4150 solum
1469 4092 1818 4160 humanum,
1853 4093 1954 4148 sed
1985 4096 2043 4149 et

392 4183 719 4256 angelicum
767 4183 1173 4256 superexcellit
1211 4184 1366 4256 quod
1418 4183 1697 4256 loquitur.
1730 4182 1892 4239 Unde
1922 4198 2038 4238 non
2083 4214 2093 4223 -

390 4273 684 4330 immerito
716 4274 776 4328 in
808 4273 997 4347 ﬁgura
1025 4277 1277 4346 quatuor
1307 4272 1677 4340 animalium,
1707 4270 1914 4344 aquila-'2
1935 4288 2038 4329 vo-

387 4362 553 4429 lenti,
571 4361 802 4418 altivolo
832 4361 1098 4419 videlicet
1127 4367 1185 4418 et
1215 4362 1468 4419 alturido
1497 4379 1612 4434 prae
1644 4360 1867 4417 caeteris
1887 4360 2038 4417 vola-

385 4452 499 4519 tili,
532 4455 922 4524 comparatur.
956 4451 1157 4508 Czeteri
1218 4452 1435 4525 quippe
1489 4450 1874 4523 evangelista,
1935 4449 2035 4522 qui

2160 3306 2287 3347 esse
2305 3309 2319 3361 ;
2338 3292 2529 3359 tertio,
2544 3310 2648 3365 per
2666 3293 2940 3350 eumdem
2966 3293 3225 3350 hominis
3246 3292 3478 3350 ruinam
3509 3299 3809 3352 restaura-

2160 3383 2280 3436 tam
2301 3397 2448 3437 esse.
2479 3381 2739 3438 Primum
2762 3382 2942 3456 igitur
2960 3382 3257 3440 Christum
3278 3387 3413 3440 ante
3438 3382 3644 3439 omnia
3657 3387 3808 3441 tem-

2158 3485 2301 3542 pora
2311 3470 2427 3526 Deo
2441 3470 2592 3527 Patri
2606 3470 3166 3529 consubstantialem
3177 3487 3307 3528 esse
3318 3471 3805 3539 intonat,dicens:

2229 3559 2292 3614 In
2314 3561 2591 3632 principio
2619 3569 2739 3617 erat
2773 3562 3019 3619 Verbum.
3055 3561 3117 3616 In
3149 3561 3365 3635 quibus
3401 3561 3598 3618 verbis
3627 3566 3687 3618 et
3713 3579 3808 3620 ve-

2158 3646 2300 3704 ritas
2331 3648 2685 3716 insinuatur,
2718 3653 2776 3707 et
2804 3649 3075 3708 haeretica
3120 3649 3348 3708 falsitas
3380 3650 3720 3724 jugulatur,
3752 3657 3808 3708 et

2154 3733 2328 3794 istius
2348 3738 2713 3812 evangelista
2735 3739 3252 3813 superexcellentia
3272 3740 3807 3799 demonstratur.Et

2152 3823 2213 3880 in
2245 3825 2338 3882 his
2369 3826 2605 3899 quidem
2645 3828 2838 3885 verbis
2894 3828 3107 3885 veritas
3153 3828 3489 3885 insinuatur
3525 3829 3723 3899 nobis,
3756 3830 3804 3887 si

2152 3918 2351 3971 tamen
2408 3915 2671 3988 ipsorum
2720 3917 3147 3991 transsumptio
3204 3919 3535 3985 verborum,
3588 3918 3803 3991 spiritu

2151 4004 2460 4074 revelante,
2511 4004 2682 4062 nobis
2734 4005 3043 4080 vigilanter
3097 4007 3447 4063 advertatur.
3497 4011 3567 4062 In
3623 4007 3803 4067 rebus

2150 4092 2366 4166 quippe
2394 4094 2834 4168 temporalibus,
2849 4112 2954 4168 per
2972 4094 3384 4169 cogitationem
3416 4112 3613 4152 rerum
3642 4098 3802 4154 veni-

2149 4197 2283 4237 mus
2313 4183 2384 4238 ad
2416 4183 2808 4256 cognitionem
2830 4183 3096 4257 ipsorum
3124 4183 3561 4242 vocabulorum.
3578 4184 3642 4242 In
3657 4186 3805 4243 divi-

2147 4269 2239 4326 nis
2259 4287 2393 4328 vero
2415 4288 2652 4329 necesse
2673 4276 2910 4345 estnos,
2929 4289 3033 4346 per
3059 4272 3451 4347 cognitionem
3478 4274 3802 4332 vocabulo-

2146 4375 2298 4431 rum,
2322 4360 2620 4434 pervenire
2641 4362 2712 4418 ad
2736 4361 3319 4435 quantulumcunque
3344 4362 3802 4437 intelligentiam

2144 4465 2361 4505 rerum.
2395 4449 2444 4507 si
2473 4449 2630 4507 enim
2662 4451 2734 4507 de
2764 4450 3080 4525 incognitis
3130 4452 3306 4509 rebus
3350 4469 3455 4526 per
3493 4453 3802 4526 incognita

383 4541 766 4613 temporalem
799 4540 1014 4596 Christi
1054 4540 1417 4597 nativitatem
1448 4545 1505 4596 et
1532 4538 1878 4611 temporalia
1905 4539 2034 4610 ejus
2063 4557 2110 4624 Ι)
2144 4538 2383 4595 nomina
2412 4538 2582 4596 nobis
2612 4556 2804 4597 sermo
2823 4539 3007 4608 ﬁeret,
3024 4540 3189 4597 nulla
3203 4540 3373 4598 nobis
3392 4541 3646 4598 eruditio
3661 4559 3800 4614 pro-

383 4635 548 4704 gesta
577 4648 704 4703 quae
735 4629 916 4703 gessit
944 4629 1004 4684 in
1035 4629 1293 4701 homine,
1328 4629 1684 4686 sufficienter
1714 4632 2031 4701 exponunt,

381 4724 437 4777 et
458 4721 527 4776 de
549 4720 850 4775 divinitate
880 4721 1008 4791 ejus
1039 4737 1227 4792 pauca
1257 4719 1548 4785 dixerunt,
1564 4717 1734 4791 quasi
1754 4716 2034 4774 animalia

380 4809 710 4881 gressibilia
740 4826 875 4864 cum
906 4810 1152 4866 Domino
1184 4808 1243 4863 in
1274 4813 1431 4864 terra
1459 4805 1904 4863 ambulant.Hic
1934 4824 2032 4863 au-

377 4902 494 4953 tem
513 4915 696 4970 pauca
708 4898 778 4954 de
790 4897 1210 4972 temporalibus
1227 4898 1353 4970 ejus
1369 4897 1550 4970 gestis
1562 4896 1910 4963 edisserens,
1927 4896 2026 4951 sed

375 4986 697 5042 divinitatis
730 4988 857 5057 ejus
888 4988 1208 5059 potentiam
1255 4986 1573 5043 sublimius
1605 4985 2028 5058 contemplans,

373 5090 504 5129 cum
527 5075 773 5131 Domino
806 5078 877 5131 ad
903 5076 1113 5132 coelum
1143 5076 1316 5134 volat.
1341 5078 1411 5132 Et
1443 5075 1581 5132 talia
1612 5074 1713 5130 tali
1747 5091 2028 5148 congrue-

368 5163 530 5229 bant,
566 5163 704 5234 quia
732 5181 988 5236 namque
1020 5167 1175 5223 altus
1204 5171 1331 5223 erat
1365 5166 1507 5233 vita,
1543 5166 1697 5222 altus
1729 5165 1917 5221 factus
1948 5166 2037 5220 est

365 5250 776 5325 intelligentia,
808 5252 963 5308 altus
992 5259 1049 5309 et
1075 5255 1359 5311 doctrina.
1383 5255 1550 5311 Altus
1580 5254 1875 5328 siquidem
1913 5256 2038 5309 erat

361 5340 799 5413 vita,quoniam
830 5342 990 5415 virgo
1022 5350 1111 5401 est
1144 5344 1365 5401 electus
1396 5363 1430 5401 a
1462 5342 2029 5423 Domino,quoniam

361 5446 478 5502 prae
549 5429 771 5485 caeteris
820 5430 1068 5489 dilectus
1118 5439 1207 5489 est
1237 5451 1269 5489 a
1306 5435 1568 5503 Domino,
1602 5432 1881 5506 quoniam
1930 5448 2031 5487 su-

358 5536 470 5597 pra
492 5524 694 5595 pectus
724 5520 952 5577 Domini
995 5540 1055 5579 re
1074 5524 1363 5579 cumbens
1385 5526 1688 5592 (Joan.xx1)
1701 5522 1878 5579 altius
1894 5520 2037 5577 hau-

392 5613 463 5693 it,
478 5610 757 5689 quoniam
785 5609 1088 5686 Virginem
1121 5616 1372 5671 matrem
1406 5612 1458 5670 ei
1487 5611 1700 5686 virgini
1732 5626 2035 5670 commen-

2142 4626 2381 4682 veniret.
2416 4627 2555 4684 Indc
2584 4645 2820 4697 necesse
2851 4629 2963 4686 fuit
2988 4629 3297 4704 theologis,
3330 4629 3565 4704 cognita
3595 4646 3799 4688 rerum

2143 4715 2531 4788 cogniturum,
2563 4733 2633 4774 ex
2676 4716 2873 4790 aliqua
2930 4717 3340 4777 similitudinis
3396 4718 3795 4793 proportione,

2137 4805 2420 4862 vocabula
2459 4810 2751 4876 mutuare,
2782 4812 2842 4864 et
2869 4807 2954 4865 sic
2984 4824 3088 4881 per
3110 4808 3345 4882 cognita
3371 4808 3659 4865 vocabula
3685 4809 3797 4866 ali-

2140 4894 2483 4966 quantulam
2494 4895 2801 4970 incognitae
2815 4897 2896 4953 rei
2909 4897 3302 4970 cognitionem
3316 4897 3485 4954 nobis
3495 4896 3794 4957 intimare.

2138 4986 2278 5040 Cum
2309 4984 2486 5057 igitur
2514 4985 2636 5042 haec
2665 4986 2923 5054 nomina,
2940 4986 3145 5057 Filius,
3171 4987 3449 5057 Verbum,
3479 4986 3793 5061 Splendor,

2139 5072 2548 5145 Speculum,et
2574 5074 2940 5148 hujusmodi,
2957 5076 3031 5132 ad
3051 5075 3406 5151 theologiam
3435 5077 3797 5135 transferan-

2138 5165 2257 5231 tur,
2273 5179 2443 5220 nemo
2466 5168 2638 5237 putet
2666 5181 2734 5221 ea
2763 5164 3116 5222 inventionis
3137 5182 3258 5222 sue
3278 5164 3362 5221 ibi
3377 5169 3577 5223 tenere
3607 5165 3796 5240 signi-

2142 5250 2495 5321 ficationem,
2526 5254 2629 5310 sed
2661 5270 2901 5310 causam
2940 5252 3466 5327 transsumptionis
3492 5254 3796 5328 sapienter

2141 5339 2451 5415 investiget
2467 5359 2480 5412 ;
2496 5358 2600 5399 nec
2611 5341 2741 5416 ipsa
2751 5342 3254 5418 transsumptione
3274 5342 3609 5400 absolutam
3631 5344 3795 5401 simi-

2141 5427 2451 5487 litudinem
2467 5430 2554 5488 vel
2572 5422 3001 5505 proportionem
3032 5450 3160 5490 esse
3188 5432 3794 5505 existimet,quoniam

2143 5520 2499 5593 comparatio
2560 5526 2961 5579 creaturarum
3011 5523 3084 5580 ad
3132 5525 3459 5581 Creatorem
3488 5521 3659 5579 nulla
3680 5528 3792 5580 est.

2142 5607 2255 5666 Sed
2286 5609 2614 5685 theologus,
2629 5609 2904 5686 qualibus
2931 5611 3124 5687 potuit
3150 5610 3408 5683 indiciis,
3420 5611 3794 5674 dereineﬁ‘a-
