3984 6082
162 333 318 396 1709

833 333 1188 396 HOMILIIE
1228 335 1305 394 IN
1351 334 1604 396 EPIST.
1651 333 1754 394 ET
1796 332 1808 394 l

1921 333 2081 394 \NG.
2127 333 2478 395 DOMINIG.
2511 368 2586 377 —
2618 334 2816 396 PARS
2862 336 2908 395 Ι.

3413 337 3569 396 171Ο

119 478 122 480 ⁷
160 465 263 522 bili
313 465 482 522 nobis
535 465 744 523 effatus
796 471 898 523 est.
949 467 1136 541 Logos
1192 478 1334 544 λόγος
1392 469 1591 541 igitur,
1663 467 1817 522 Grae-
1845 467 1900 536 Α
1930 465 2257 538 specialiter
2283 475 2378 532 est,
2411 470 2469 521 et
2507 483 2808 538 nunquam
2837 469 2947 539 fuit
2971 465 3058 521 vel
3087 469 3192 523 erit
3217 465 3567 536 invenimus,

147 553 315 624 cum,
349 571 453 628 pro
484 572 600 627 quo
623 571 731 612 nos
751 556 1037 612 habemus
1058 558 1320 627 verbum,
1352 555 1640 630 triplicem
1661 554 1811 628 gerit

159 642 668 717 signiﬁcationem.
689 644 992 718 Signiﬁcat
1007 647 1164 702 enim
1189 647 1494 715 rationem,
1521 643 1811 718 signiﬁcat

158 735 218 788 et
244 732 485 788 verbum
531 733 702 789 corde
745 738 1112 806 conceptum,
1159 735 1451 810 signiﬁcat
1481 739 1537 790 et
1565 733 1807 788 verbum

158 820 470 893 prolatum.
524 821 699 878 Porro
744 821 929 896 logos,
981 823 1100 880 sive
1148 825 1412 893 verbum,
1463 842 1497 880 a
1548 821 1810 895 qualibet

157 909 406 967 istarum
436 912 842 984 acceptionum
874 913 1019 968 satis
1056 914 1462 971 convenienter
1488 910 1808 968 transumi-

157 1001 255 1054 tur
302 999 373 1055 ad
424 999 633 1055 Filium
664 1000 766 1058 Dei
817 999 1290 1074 signiﬁcandum.
1342 1002 1564 1059 Dicitur
1593 1001 1806 1073 quippe

161 1087 362 1157 Filius,
397 1089 496 1144 Dei
528 1088 714 1163 logos,
747 1089 866 1146 sive
896 1091 1044 1147 ratio
1078 1092 1282 1159 Patris,
1314 1109 1381 1148 ea
1412 1089 1803 1164 proportione,

158 1177 458 1250 quoniam,
504 1177 656 1234 sicut
703 1179 849 1235 ratio
881 1183 970 1235 est
1000 1180 1111 1252 ipsi
1144 1181 1367 1237 homini
1399 1197 1604 1247 coaeva,
1638 1180 1722 1234 sic
1751 1182 1809 1234 et

158 1283 265 1323 suo
314 1267 486 1323 modo
537 1266 719 1323 Filius
750 1267 851 1324 Dei
883 1272 972 1325 est
999 1269 1116 1326 Deo
1166 1270 1321 1326 Patri
1367 1274 1706 1326 coaeternus.
1740 1268 1810 1324 Et

157 1355 311 1412 sicut
339 1355 513 1412 homo
545 1372 648 1429 per
679 1357 965 1414 rationem
997 1363 1054 1414 et
1083 1359 1431 1432 sapientiam
1476 1375 1642 1415 suam
1672 1375 1807 1431 pru-

158 1444 362 1502 denter
408 1449 700 1519 operatur,
747 1445 829 1502 ita
858 1447 1012 1504 Deus
1065 1448 1230 1504 Pater
1258 1465 1362 1521 per
1393 1448 1602 1504 Filium
1634 1465 1809 1504 suum

159 1533 450 1607 sapienter
480 1539 754 1608 operatur
774 1535 1062 1592 universa.
1095 1536 1257 1593 Unde
1278 1542 1335 1594 et
1362 1537 1412 1594 ei
1447 1555 1549 1610 per
1564 1537 1811 1610 Sapien-

157 1626 275 1679 tem
308 1622 560 1679 dicitur:
616 1624 813 1680 Omnia
852 1627 911 1680 in
951 1627 1226 1698 sapientia
1253 1629 1430 1699 fecisti
1459 1628 1634 1697 (Psal.
1667 1626 1808 1700 cur.)

159 1712 386 1768 Rursus
417 1717 474 1769 et
503 1730 538 1769 a
582 1713 757 1770 verbo
807 1718 1001 1771 mente
1033 1721 1308 1788 concepto
1348 1733 1463 1772 non
1494 1717 1812 1789 incongrue

156 1801 552 1858 transumitur
575 1803 648 1858 ad
675 1802 886 1859 Filium
909 1803 1009 1860 Dei
1033 1805 1483 1878 designandum,
1509 1805 1808 1878 quoniam,

160 1890 310 1948 sicut
337 1892 579 1948 verbum
611 1897 808 1948 mente
839 1899 1184 1966 conceptum
1217 1912 1286 1950 ex
1307 1901 1500 1951 mente
1521 1894 1726 1961 oritur,
1754 1901 1812 1951 et

161 1997 294 2037 cum
341 1985 537 2038 mente
585 1986 802 2048 manet,
853 1983 938 2038 sic
968 1987 1026 2038 et
1055 2001 1160 2039 suo
1193 1985 1364 2040 modo
1399 1984 1580 2040 Filius
1613 1983 1712 2040 Dei
1744 2001 1812 2041 ex

135 2070 273 2126 ‘Deo
304 2071 468 2127 Patre
498 2071 704 2140 oritur,
736 2075 795 2127 et
823 2088 956 2128 cum
989 2089 1055 2128 eo
1086 2077 1282 2129 manet
1302 2091 1549 2146 semper.
1575 2073 1736 2129 Unde
1758 2073 1808 2129 ei

157 2175 262 2233 per
275 2159 648 2218 Psalmistam
675 2161 915 2218 dicitur:
936 2163 999 2217 In
1014 2171 1301 2232 aeternum,
1323 2165 1571 2229 Domine,
1589 2164 1812 2219 verbum

156 2258 314 2306 tuum
352 2259 637 2324 permanet
667 2253 728 2306 in
774 2252 904 2308 ειειο
951 2253 1120 2322 (Psal.
1158 2255 1373 2322 cxvm.)
1417 2253 1644 2309 Rursus
1689 2256 1745 2308 et
1778 2269 1812 2308 a

155 2339 329 2395 verbo
376 2339 600 2412 prolato
649 2343 707 2396 et
753 2341 1127 2413 proportione
1181 2341 1574 2415 transumptio
1620 2343 1685 2397 ﬁt
1738 2342 1809 2397 ad

162 2427 372 2483 Filium
405 2427 526 2496 Dei,
560 2429 840 2501 quoniam
865 2428 1018 2484 sicut
1047 2429 1222 2486 homo
1253 2447 1321 2486 ex
1342 2448 1438 2487 ore
1467 2448 1571 2486 suo
1594 2432 1810 2502 profert

159 2517 420 2585 verbum,
454 2521 510 2574 et
539 2534 643 2591 per
670 2517 815 2573 illud
847 2535 1015 2574 suam
1040 2519 1168 2575 aliis
1189 2520 1526 2576 manifestat
1544 2521 1808 2576 volunta-

159 2610 300 2674 tem,
334 2611 390 2662 et
409 2623 512 2680 per
534 2607 876 2663 mandatum
897 2608 1056 2664 verbi
1083 2609 1174 2664 sui
1204 2615 1497 2682 operatur,
1522 2611 1606 2666 sic
1626 2617 1683 2666 et
1704 2628 1810 2666 suo

161 2695 332 2751 modo
363 2695 519 2752 Deus
577 2697 744 2752 Pater
769 2713 836 2752 ex
888 2697 1218 2756 substantia
1249 2717 1356 2754 sua
1385 2700 1588 2772 genuit
1624 2701 1806 2755 Deum

161 2782 372 2852 Filum,
407 2784 534 2857 ipso
567 2784 710 2841 Filio
741 2785 826 2841 sic
866 2786 1216 2842 testiﬁcante
1243 2804 1255 2841 :
1290 2790 1398 2856 Ego
1428 2788 1712 2860 Sapientia
1743 2805 1812 2844 ex

160 2889 250 2929 ore
296 2875 486 2930 Patris
511 2875 698 2947 prodii
714 2877 1081 2948 primogenita
1109 2885 1234 2933 ante
1263 2894 1476 2934 omnem
1501 2885 1810 2934 creaturam

161 2964 359 3032 (Eccli.
393 2966 571 3033 xxxv,)
601 2968 658 3020 et
703 2981 806 3038 per
853 2965 1048 3038 ipsum
1098 2967 1269 3022 Pater
1315 2971 1606 3039 operatur,
1659 2969 1812 3024 sicut

158 3055 407 3109 testatur
434 3052 745 3110 Psalmista
763 3053 992 3111 dicens:
1033 3057 1197 3112 Verbo
1224 3058 1448 3112 Domini
1463 3058 1585 3112 cadi
1601 3059 1812 3128 ﬁrmati

155 3149 282 3198 sunt
309 3143 480 3213 (Psal.
512 3144 708 3215 xxxu.)
739 3143 808 3199 Et
837 3160 940 3217 per
969 3146 1239 3201 eumdem
1271 3145 1481 3202 Filium
1514 3147 1683 3202 Pater
1711 3148 1811 3203 ho-

1919 557 2200 610 Cazterum
2231 557 2466 628 quando
2499 556 2683 612 Deum
2705 555 2850 610 nulli
2873 557 3120 629 tempori
3151 557 3343 612 defore
3365 561 3420 612 et
3446 574 3571 612 om-

1919 642 2018 699 nia
2048 644 2461 700 transcendere
2483 649 2747 717 tempora
2769 644 3097 716 signiﬁcare
3117 645 3410 712 volumus,
3435 663 3576 718 quo-

1918 731 2077 787 niam
2099 732 2452 805 temporales
2474 750 2702 802 sumus,
2724 738 2780 789 et
2799 734 2926 788 sine
2943 735 3362 806 temporalibus
3382 735 3574 790 verbis

1916 819 2079 893 loqui
2107 839 2222 878 non
2255 839 2593 895 possumus,
2628 828 2789 878 extra
2819 823 3250 896 proprietatem,
3284 825 3572 896 praeterito

1917 913 1974 964 et
2023 911 2218 967 futuro
2264 913 2440 968 verbo
2472 913 2544 968 ad
2593 912 2950 984 loquendum
2984 914 3054 968 de
3104 914 3219 970 Deo
3248 914 3572 994 abutimur,

1917 998 2079 1055 Unde
2109 1001 2392 1057 Joannes:
2417 1005 2528 1072 Qui
2546 1011 2680 1070 erat,
2706 1011 2757 1058 et
2784 1005 2882 1074 qui
2895 1010 2990 1073 est,
3023 1012 3074 1058 et
3091 1005 3185 1076 qui
3216 1013 3477 1060 venturus
3493 1011 3572 1058 est

1917 1088 2100 1161 (Apoc.
2132 1094 2234 1158 XI.)
2267 1091 2549 1147 Similiter
2577 1095 2633 1147 et
2661 1091 2756 1146 hic
2789 1092 2960 1147 dicit:

1986 1179 2051 1233 In
2081 1181 2351 1251 principio
2397 1189 2513 1236 erat
2562 1183 2806 1236 verbum.
2863 1181 3176 1255 Vigilanter
3225 1187 3420 1240 autem
3452 1202 3566 1240 non

1917 1267 2018 1335 ait,
2048 1269 2160 1339 fuit
2186 1267 2271 1324 vel
2302 1271 2504 1341 fuerat,
2540 1271 2641 1326 sed
2673 1269 2754 1325 ait
2783 1279 2916 1326 erat.
2952 1273 3076 1326 Fuit
3106 1271 3320 1344 quippe
3340 1277 3570 1345 praster-

1916 1355 2157 1413 itionem
2205 1360 2560 1430 perfectam;
2618 1362 2819 1432 fuerat,
2881 1361 3194 1433 plusquam
3253 1363 3567 1434 perfectam

1919 1447 2192 1512 ostendit,
2213 1451 2268 1502 et
2290 1448 2418 1504 ideo
2441 1449 2640 1504 minus
2659 1449 2772 1505 Deo
2794 1449 3080 1523 congruit.
3103 1453 3233 1506 Erat
3253 1469 3404 1521 vero,
3430 1452 3570 1524 quia

1918 1535 2366 1606 praeteritionem
2401 1538 2659 1593 nondum
2693 1539 3005 1611 perfectam
3037 1539 3324 1612 designat,
3348 1545 3403 1597 et
3424 1558 3569 1613 prae-

1921 1621 2069 1678 senti
2103 1625 2349 1698 tempori
2383 1627 2570 1700 magis
2593 1628 2971 1699 conjunetum
3002 1631 3110 1694 est,
3139 1627 3570 1702 signiﬁcantius

1921 1711 2180 1783 positum
2215 1717 2320 1770 est.
2359 1716 2472 1770 Hoc
2503 1720 2698 1772 autem
2750 1715 3006 1772 Verbum
3039 1722 3163 1773 erat
3191 1719 3252 1773 in
3283 1718 3568 1791 principio

1922 1801 2039 1857 sive
2071 1804 2373 1875 temporis,
2407 1805 2525 1861 sive
2575 1810 3014 1875 creaturarum;
3048 1810 3282 1880 tempus
3313 1807 3469 1863 enim
3513 1812 3572 1864 et

1919 1895 2186 1948 creatura
2216 1899 2354 1948 sunt
2384 1910 2588 1949 coaeva.
2622 1895 2723 1951 Est
2753 1911 2888 1968 ergo
2921 1912 2987 1951 ac
3018 1896 3066 1951 si
3098 1895 3278 1952 dicat:
3314 1897 3378 1952 In
3409 1896 3568 1970 prin-

1919 1979 2068 2052 cipio
2100 1982 2378 2054 temporis
2409 2000 2522 2038 non
2554 1983 2793 2056 incocpit
2823 2000 2951 2041 esse
2979 1984 3255 2052 Verbum,
3289 1987 3569 2059 quoniam

1919 2073 2052 2124 ante
2074 2069 2428 2143 principium
2451 2073 2732 2144 temporis
2748 2078 2872 2128 erat
2891 2073 3166 2130 Verbum.
3187 2077 3347 2142 Quod
3373 2081 3567 2134 autem

1919 2157 2002 2213 sic
2032 2157 2379 2215 intellexerit
2425 2161 2801 2234 evangelista,
2853 2163 3132 2234 probatur
3160 2182 3228 2220 ex
3271 2164 3380 2222 hoc
3410 2167 3567 2238 quod

1918 2262 2022 2317 per
2049 2246 2203 2302 idem
2225 2247 2482 2305 Verbum
2505 2251 2656 2306 facta
2678 2251 2986 2307 conﬁrmat
3007 2253 3296 2310 universa.
3325 2254 3382 2309 Si
3408 2255 3565 2311 enim

1919 2339 1976 2390 et
1997 2339 2228 2409 tempus
2250 2341 2306 2393 et
2325 2343 2598 2394 creaturae
2616 2355 2820 2395 omnes
2841 2357 2943 2412 per
2957 2341 3198 2397 verbum
3221 2342 3383 2399 facta:
3405 2347 3564 2413 sunt,

1919 2428 2076 2496 patet
2108 2426 2306 2498 procul
2329 2428 2505 2483 dubio
2527 2428 2802 2500 quoniam
2833 2435 3034 2486 auctor
3052 2431 3349 2503 praecessit
3369 2433 3569 2489 omnia

1917 2513 2046 2586 ipsa
2077 2531 2204 2586 quze
2237 2516 2391 2572 fecit.
2435 2517 2596 2573 Unde
2639 2521 2695 2574 et
2724 2519 2783 2573 in
2816 2520 3196 2590 sequentibus
3227 2520 3310 2577 sic
3341 2526 3466 2578 orat
3496 2523 3566 2578 ad

1918 2603 2145 2659 Patrem
2172 2622 2185 2660 :
2221 2606 2473 2678 Clariﬁca
2500 2623 2603 2675 me,
2637 2609 2822 2675 Pater,
2858 2608 3002 2680 apud
3032 2612 3370 2682 temetipsum
3398 2612 3568 2667 clari-

1919 2700 2026 2748 tate
2055 2710 2221 2766 quam
2248 2695 2420 2750 habui
2432 2699 2760 2769 priusquam
2776 2697 3011 2752 mundus
3031 2699 3182 2768 ﬁeret
3203 2701 3382 2772 (Joan.
3407 2705 3568 2770 xm.)

1920 2783 2124 2855 Itaque
2155 2785 2309 2855 quod
2342 2785 2638 2856 praeessit
2669 2803 2839 2841 omne
2866 2791 3119 2858 tempus,
3144 2793 3424 2845 aeternum
3457 2796 3572 2845 est.-

1917 2871 1987 2926 Et
2019 2873 2171 2944 quod
2205 2873 2338 2928 fecit
2357 2889 2590 2929 omnem
2615 2878 2962 2942 creaturam,
2986 2875 3222 2932 Greater
3242 2883 3348 2934 est.
3373 2879 3569 2935 Potest

1917 2960 2093 3015 etiam
2116 2960 2228 3016 dici
2253 2961 2530 3033 quoniam
2551 2963 2793 3018 verbum
2819 2968 2942 3019 erat
2964 2964 3022 3018 in
3049 2964 3352 3038 principio,
3380 2966 3436 3022 id
3456 2971 3565 3034 est,

1915 3047 1976 3104 in
2010 3053 2196 3105 Patre.
2243 3051 2379 3105 Erat
2407 3049 2585 3124 igitur
2612 3051 2867 3108 Verbum
2900 3053 2958 3107 in
2991 3053 3176 3122 Patre,
3211 3055 3567 3128 principium

1916 3137 1976 3192 in
2009 3138 2310 3212 principio.
2347 3139 2524 3196 Filius
2545 3141 2760 3214 quippe
2781 3158 2842 3197 se
2863 3159 2989 3198 esse
3011 3143 3365 3216 principium
3386 3149 3567 3201 testa-

159 3232 422 3288 minibus
448 3249 616 3288 suam
643 3233 977 3290 manifestat
1003 3234 1386 3302 voluntatem,
1410 3235 1536 3307 ipso
1562 3236 1703 3293 Filio
1725 3237 1809 3293 sic
1839 3223 1881 3290 C
1920 3232 2036 3294 tur,
2083 3230 2318 3300 quando
2369 3231 2762 3301 quaerentibus
2819 3231 3038 3287 Judaeis
3073 3250 3085 3288 :
3148 3235 3222 3288 Tu
3280 3236 3402 3306 quis
3455 3251 3509 3290 es
3543 3239 3568 3290 .9

159 3324 446 3377 testante:
480 3320 822 3394 Manifestavi
866 3339 1064 3380 nomen
1092 3331 1246 3379 tuum
1278 3324 1590 3381 hominibus
1619 3329 1804 3395 (Joan.

159 3411 320 3483 xvn.)
351 3411 486 3466 Sum
516 3427 747 3484 quoque
775 3412 1016 3468 verbum
1039 3413 1493 3483 substantivum,
1517 3415 1810 3488 signiﬁcat

159 3499 554 3556 substantiam
576 3499 902 3573 simplicem
925 3505 980 3557 et
995 3502 1340 3558 solitariam.
1360 3503 1564 3560 Divina
1580 3521 1810 3578 quoque

157 3587 413 3645 essentia
439 3592 528 3645 est
557 3589 888 3646 substantia
915 3589 1161 3662 simplex
1191 3595 1248 3646 et
1268 3591 1546 3648 solitaria.
1570 3593 1640 3648 Et
1669 3593 1806 3648 sub-

155 3677 374 3734 stantia
403 3677 639 3751 quidem
662 3683 770 3746 est,
796 3679 1072 3751 quoniam
1096 3697 1188 3736 res
1218 3684 1306 3736 est
1326 3697 1428 3753 per
1448 3698 1508 3737 se
1529 3682 1806 3752 existens,

152 3771 355 3840 utpote
407 3784 532 3838 quae
566 3766 728 3823 nullo
778 3766 890 3823 alio
923 3767 1160 3842 indiget,
1193 3774 1402 3825 cuncta
1435 3786 1566 3826 vero
1599 3769 1714 3826 alia
1741 3787 1808 3826 ea

153 3855 420 3929 indigent
448 3856 520 3911 ad
553 3855 645 3912 sui
688 3855 1050 3913 existentiam
1077 3876 1090 3926 ;
1123 3857 1372 3930 simplex
1400 3875 1531 3915 vero
1563 3864 1652 3916 est
1682 3860 1807 3916 sine

153 3944 441 4017 partibus,
465 3950 522 4000 et
538 3945 664 4002 sine
681 3945 840 4002 omni
861 3946 1184 4002 formarum
1201 3948 1593 4017 concretione;
1615 3948 1808 4005 solita-

155 4033 264 4100 ria,
281 4038 338 4090 et
353 4039 442 4090 est
455 4027 758 4092 sine‘omni
779 4035 1100 4092 formarum
1119 4036 1186 4092 ad
1186 4035 1459 4107 jectione.
1480 4036 1635 4094 Licet
1649 4037 1807 4094 enim

154 4123 313 4179 Deus
342 4122 571 4180 dicatur
601 4142 777 4194 unus,
809 4141 1004 4194 verus,
1038 4124 1292 4198 sapiens,
1319 4127 1523 4198 justus
1553 4131 1611 4182 et
1653 4127 1806 4199 pius,

154 4215 356 4269 tamen
385 4212 584 4270 omnia
608 4213 729 4269 haec
764 4214 823 4270 in
848 4215 959 4271 Deo
991 4231 1105 4270 non
1128 4219 1266 4270 sunt
1285 4215 1474 4287 plura,
1499 4217 1599 4271 sed
1624 4234 1809 4272 unum

157 4300 289 4357 hoc.
324 4301 470 4358 Hinc
493 4307 580 4358 est
601 4303 756 4375 quod
787 4303 896 4360 hoc
914 4304 1158 4360 verbum
1182 4321 1334 4373 sum,
1360 4305 1549 4378 magis
1580 4306 1811 4378 proprie

157 4390 382 4448 caeteris
422 4391 618 4448 verbis
664 4393 735 4448 de
790 4392 904 4450 Deo
951 4393 1316 4466 praedicatur,
1366 4398 1423 4450 et
1468 4394 1719 4450 maxime
1750 4395 1810 4450 in

157 4479 432 4552 praesenti
459 4484 739 4554 tempore.
774 4481 936 4538 Unde
966 4482 1090 4555 ipse
1121 4482 1276 4540 Deus
1306 4483 1376 4539 ad
1413 4484 1678 4556 Moysen:
1704 4486 1813 4554 Ego

154 4585 282 4624 sum
312 4570 408 4641 qui
437 4584 578 4626 sum.
609 4571 702 4626 Sic
727 4571 872 4626 dices
907 4571 1044 4641 ﬁliis
1073 4573 1282 4628 Israel:
1317 4572 1423 4640 Qui
1450 4581 1527 4629 est
1555 4575 1708 4630 misit
1733 4591 1819 4630 me
1850 4596 1895 4661 Ι)

156 4657 231 4713 ad
259 4674 349 4714 vos
396 4659 590 4729 (Exod.
625 4663 736 4731 III.)
782 4661 861 4715 Ac
909 4659 957 4714 si
1000 4665 1198 4732 aperte
1246 4661 1436 4718 dicat:
1491 4663 1608 4735 Ego
1658 4662 1819 4719 solus

153 4763 289 4803 vere
339 4765 493 4804 sum.
545 4752 760 4805 Caetera
807 4748 1025 4822 quippe
1072 4750 1269 4805 omnia
1317 4751 1386 4806 ad
1431 4751 1816 4824 comparatio-

156 4851 294 4891 nem
327 4836 535 4893 divinaa
566 4836 906 4894 aeternitatis
938 4854 1052 4893 non
1084 4841 1242 4904 sunt,
1277 4840 1554 4911 quoniam
1581 4857 1819 4913 genera-

153 4923 306 4980 tioni
337 4929 393 4981 et
417 4926 800 5000 corruptioni,
831 4933 1147 4999 augmento
1170 4931 1227 4983 et
1257 4927 1656 4998 diminutioni,
1681 4931 1819 4986 alte-

162 5013 377 5070 rationi
407 5018 465 5070 et
511 5013 772 5072 locorum
804 5017 1112 5072 mutationi
1146 5018 1412 5088 subjecta
1453 5023 1610 5087 sunt,
1644 5023 1700 5074 et
1729 5037 1817 5075 se-

162 5103 426 5159 cundum
459 5107 789 5177 temporum
821 5105 1226 5174 mutationem,
1260 5109 1546 5164 accedunt
1576 5113 1632 5164 et
1661 5125 1819 5164 rece-

165 5192 336 5248 dunt.
370 5191 542 5249 Solus
571 5211 705 5250 vero
736 5194 889 5251 Deus
933 5212 1062 5252 vere
1093 5200 1202 5264 est,
1237 5197 1514 5268 quoniam
1547 5202 1817 5267 internus,

163 5280 449 5354 quoniam
501 5282 910 5352 immutabilis,
960 5285 1239 5358 quoniam
1293 5303 1525 5359 semper
1565 5303 1822 5359 praesens

163 5375 258 5427 est
287 5375 580 5442 Eternus,
636 5372 762 5429 sine
809 5372 1094 5448 principio
1125 5380 1179 5431 et
1211 5375 1363 5444 ﬁne;
1411 5375 1818 5446 immutabilis,

164 5459 295 5516 sine
325 5461 484 5517 omni
518 5466 789 5518 motuum
817 5463 1122 5533 varietate;
1147 5481 1378 5538 semper
1396 5481 1672 5536 praesens,
1698 5463 1824 5521 sine

160 5550 452 5624 temporis
469 5553 802 5610 accessione
823 5552 911 5610 vel
932 5554 1276 5612 recessione.
1297 5553 1497 5627 Igitur,
1524 5552 1573 5610 si
1589 5554 1660 5609 ad
1683 5572 1825 5629 prae-

155 5640 415 5702 sentiam
465 5641 830 5702 aeternitatis
863 5643 1071 5703 divinae
1121 5642 1531 5718 respiciamus,
1589 5659 1826 5722 semper

1915 3320 2092 3386 (Joan.
2125 3319 2268 3390 vm.)
2304 3319 2632 3390 respondit:
2658 3321 3004 3392 Principium
3022 3323 3118 3394 qui
3136 3330 3187 3378 et
3209 3323 3398 3395 loquor
3417 3326 3567 3380 vobis

1918 3408 2029 3463 Sed
2059 3409 2226 3464 Pater
2251 3412 2339 3464 est
2368 3407 2722 3481 principium
2756 3409 2880 3466 sine
2901 3410 3206 3483 principio.
3235 3411 3412 3468 Filius
3433 3430 3566 3469 vero

1917 3496 2069 3552 sicut
2100 3501 2188 3552 est
2219 3502 2368 3554 Deus
2397 3515 2466 3553 ex
2495 3497 2632 3565 Deo,
2663 3499 2745 3554 ita
2775 3503 2860 3554 est
2889 3499 3242 3573 principium
3265 3502 3335 3558 de
3355 3502 3568 3574 princi-

1917 3585 2042 3657 pio;
2063 3603 2167 3642 nec
2189 3591 2382 3642 tamen
2406 3588 2521 3643 duo
2539 3587 2846 3660 principia,
2866 3590 2964 3644 sed
2986 3607 3168 3645 unum
3188 3590 3562 3664 principium.

1917 3674 2080 3730 Unde
2111 3676 2235 3747 ipse
2255 3677 2424 3731 Pater
2455 3677 2526 3732 ad
2555 3677 2766 3732 Filium
2796 3677 3090 3749 loquitur:
3127 3681 3315 3735 Tecum
3346 3683 3566 3752 princi-

1911 3766 2087 3836 pium.
2119 3766 2289 3834 (Psal.
2323 3767 2454 3837 c1x,)
2480 3766 2760 3821 subaudis
2781 3771 2868 3822 est
2899 3767 3062 3822 mihi.
3095 3768 3377 3826 Caeterum
3399 3771 3568 3827 Pater

1915 3852 2130 3909 dicitur
2158 3854 2510 3926 principium
2541 3855 2753 3928 triplici
2781 3856 3022 3912 ratione.
3051 3858 3153 3913 Est
3173 3858 3326 3914 enim
3349 3859 3567 3931 princi-

1915 3941 2076 4014 pium
2097 3942 2223 3997 Filii
2237 3961 2338 4016 per
2351 3945 2806 4016 generationem.
2827 3947 2927 4001 Est
2943 3946 3294 4018 principium
3313 3948 3566 4020 Spiritus

1916 4033 2102 4088 sancti
2117 4049 2219 4104 per
2229 4032 2606 4104 spirationem
2618 4033 3562 4106 .Estetprincipiumcreaturarum

1917 4139 2020 4194 per
2049 4121 2422 4177 creationem.
2477 4123 2656 4177 Filius
2685 4139 2818 4178 vero
2851 4123 3067 4196 duplici
3101 4124 3322 4181 ratione
3351 4125 3568 4182 dicitur

1919 4209 2308 4283 principium:
2345 4211 2444 4267 Est
2465 4211 2620 4266 enim
2652 4212 3031 4284 principium,
3067 4230 3200 4270 cum
3231 4215 3419 4284 Patre,
3447 4215 3573 4288 Spi-

1921 4300 2068 4356 ritus
2129 4299 2314 4356 sancti
2365 4317 2467 4372 per
2514 4299 2913 4372 spirationem.
2956 4302 3058 4357 Est
3102 4307 3157 4358 et
3215 4303 3570 4376 principium

1922 4393 2322 4446 creaturarum
2357 4406 2460 4462 per
2484 4389 2856 4446 creationem.
2891 4391 3142 4463 Spiritus
3170 4409 3302 4449 vero
3335 4397 3574 4449 sanctus

1923 4497 2040 4535 uno
2070 4479 2477 4534 tantummodo
2509 4478 2723 4535 dicitur
2767 4480 3140 4553 principium,
3176 4482 3454 4553 quoniam
3487 4487 3578 4538 est

1927 4585 2114 4624 unum
2142 4567 2516 4641 principium,
2543 4584 2677 4623 cum
2708 4569 2874 4624 Patre
2905 4575 2960 4625 et
2986 4569 3149 4638 Filio,
3175 4574 3576 4627 creaturarum

1929 4673 2032 4730 per
2063 4657 2436 4713 creationem.
2472 4658 2580 4712 Sed
2605 4658 2897 4728 quomodo
2917 4657 3174 4713 Verbum
3199 4662 3320 4714 erat
3341 4659 3398 4712 in
3420 4657 3581 4730 prin-

1929 4747 2102 4819 cipio,
2151 4746 2210 4800 id
2261 4751 2350 4802 est
2394 4747 2454 4802 in
2487 4747 2674 4815 Patre,
2711 4750 2775 4801 ut
2807 4746 2998 4803 simile
3029 4747 3088 4802 in
3120 4746 3352 4802 simili?
3383 4747 3582 4814 Qualis

1929 4835 2084 4890 enim
2135 4835 2322 4903 Pater,
2357 4834 2492 4891 talis
2542 4835 2717 4891 ﬁlius.
2752 4835 2807 4890 Si
2857 4836 3014 4891 enim
3058 4837 3126 4890 de
3157 4835 3386 4892 duobus
3416 4835 3582 4894 valde

1929 4924 2221 4982 similibus
2241 4925 2456 4980 dicitur
2476 4941 2578 4997 per
2598 4940 2930 4997 expressam
2951 4925 3418 4995 similitudinem,
3444 4942 3582 4998 quo-

1929 5015 2087 5070 niam
2139 5013 2284 5069 alter
2333 5019 2420 5070 est
2451 5014 2509 5069 in
2541 5013 2740 5086 altero,
2789 5014 2889 5088 qui
2917 5015 3074 5071 videt
3105 5033 3308 5086 unum,
3340 5015 3498 5071 videt
3527 5019 3586 5096 et

1932 5104 2225 5176 reliquum
2249 5123 2261 5172 ;
2287 5107 2505 5176 quanto
2540 5103 2728 5176 magis
2751 5105 2821 5160 de
2842 5105 2958 5160 Deo
2981 5105 3148 5161 Patre
3178 5109 3235 5162 et
3265 5106 3391 5178 eius
3413 5104 3578 5161 Filio.

1932 5211 2181 5266 quorum
2231 5194 2486 5250 essentia
2534 5210 2647 5248 non
2697 5198 2928 5250 tantum
2961 5194 3192 5263 similis,
3219 5196 3327 5251 sed
3359 5199 3417 5251 et
3445 5212 3585 5262 una,

1931 5285 2134 5340 eadem
2156 5288 2263 5339 est.
2286 5283 2446 5339 Unde
2463 5299 2596 5338 cum
2616 5283 2920 5356 Philippus
2942 5284 3183 5340 dixisset
3202 5284 3448 5341 Domino
3463 5301 3476 5341 :
3492 5286 3591 5340 Do-

1930 5376 2100 5440 mine,
2125 5372 2341 5431 ostende
2357 5373 2514 5429 nobis
2531 5373 2768 5443 Patrem,
2788 5381 2839 5430 et
2851 5375 3061 5444 sufﬁcit
3074 5375 3232 5430 nobis
3261 5375 3594 5447 (Joan.x1v.)

1935 5459 2161 5520 audivit
2192 5463 2262 5519 ab
2294 5479 2388 5517 eo:
2416 5462 2689 5534 Philippe,
2712 5462 2969 5534 qui-videt
2985 5481 3092 5533 me,
3114 5463 3256 5519 videt
3285 5472 3334 5518 et
3353 5465 3592 5520 Patrem.

1938 5555 2055 5611 Non
2087 5554 2260 5612 credis
2291 5553 2419 5624 quia
2444 5567 2538 5620 ego
2572 5553 2632 5606 in
2662 5559 2842 5623 Patre,
2877 5559 2929 5608 et
2956 5555 3122 5610 Pater
3151 5554 3211 5608 in
3238 5567 3323 5608 me
3351 5555 3475 5606 est?

2011 5645 2078 5704 Ει
2107 5644 2351 5713 verbum,
2375 5641 2590 5716 inquit,
2622 5650 2738 5703 erat
2758 5641 2903 5723 apud
2930 5641 3126 5701 Deum.
3150 5642 3298 5698 Sane
3317 5639 3440 5696 haec
3462 5651 3607 5714 prae_
3673 5645 3678 5649 ’
