  <div class='ocr_page' id='page_1' title='image "/cluster/home/n/w/nwhite01/storage/ocr_20150623/155/hvd.32044054760137/859.png"; bbox 0 0 3984 6082; ppageno 0'>
   <div class='ocr_carea' id='block_1_1' title="bbox 371 341 588 399">
    <p class='ocr_par' dir='ltr' id='par_1_1' title="bbox 371 341 588 399">
     <span class='ocr_line' id='line_1_1' title="bbox 371 341 588 399; baseline 0.009 -2"><span class='ocrx_word' id='word_1_1' title='bbox 371 355 374 358; x_wconf 77' lang='grc'><strong>’</strong></span> <span class='ocrx_word' id='word_1_2' title='bbox 441 341 588 399; x_wconf 75' lang='grc'><strong>1711</strong></span> 
     </span>
    </p>
   </div>
   <div class='ocr_carea' id='block_1_2' title="bbox 1448 333 2844 399">
    <p class='ocr_par' dir='ltr' id='par_1_2' title="bbox 1448 333 2844 399">
     <span class='ocr_line' id='line_1_2' title="bbox 1448 333 2844 399; baseline -0.002 0"><span class='ocrx_word' id='word_1_3' title='bbox 1448 337 1848 399; x_wconf 87' lang='lat' dir='ltr'>ADDENDA.</span> <span class='ocrx_word' id='word_1_4' title='bbox 1885 368 1961 379; x_wconf 90' lang='lat'>—</span> <span class='ocrx_word' id='word_1_5' title='bbox 1990 333 2385 398; x_wconf 80' lang='lat' dir='ltr'>RADULPHI</span> <span class='ocrx_word' id='word_1_6' title='bbox 2429 334 2844 398; x_wconf 81' lang='lat' dir='ltr'>ARDENTIS.</span> 
     </span>
    </p>
   </div>
   <div class='ocr_carea' id='block_1_3' title="bbox 3703 328 3860 394">
    <p class='ocr_par' dir='ltr' id='par_1_3' title="bbox 3703 328 3860 394">
     <span class='ocr_line' id='line_1_3' title="bbox 3703 328 3860 394; baseline -0.013 -2"><span class='ocrx_word' id='word_1_7' title='bbox 3703 328 3860 394; x_wconf 72' lang='grc'><strong>1719</strong></span> 
     </span>
    </p>
   </div>
   <div class='ocr_carea' id='block_1_4' title="bbox 437 464 3866 547">
    <p class='ocr_par' dir='ltr' id='par_1_4' title="bbox 437 464 3866 547">
     <span class='ocr_line' id='line_1_4' title="bbox 437 464 3866 547; baseline -0.002 -19"><span class='ocrx_word' id='word_1_8' title='bbox 437 473 668 547; x_wconf 85' lang='lat' dir='ltr'>positio,</span> <span class='ocrx_word' id='word_1_9' title='bbox 704 470 868 544; x_wconf 85' lang='lat' dir='ltr'>apud,</span> <span class='ocrx_word' id='word_1_10' title='bbox 895 484 1010 526; x_wconf 92' lang='lat' dir='ltr'>non</span> <span class='ocrx_word' id='word_1_11' title='bbox 1033 469 1296 539; x_wconf 88' lang='lat' dir='ltr'>localem,</span> <span class='ocrx_word' id='word_1_12' title='bbox 1318 470 1418 526; x_wconf 91' lang='lat' dir='ltr'>sed</span> <span class='ocrx_word' id='word_1_13' title='bbox 1442 467 1804 542; x_wconf 82' lang='lat' dir='ltr'>personalem</span> <span class='ocrx_word' id='word_1_14' title='bbox 1825 467 2093 541; x_wconf 82' lang='lat' dir='ltr'>designat</span> <span class='ocrx_word' id='word_1_15' title='bbox 2121 468 2176 535; x_wconf 76' lang='grc' dir='ltr'>Α</span> <span class='ocrx_word' id='word_1_16' title='bbox 2203 468 2405 541; x_wconf 84' lang='lat' dir='ltr'>gessit,</span> <span class='ocrx_word' id='word_1_17' title='bbox 2437 467 2765 547; x_wconf 74' lang='lat' dir='ltr'>perhibent.</span> <span class='ocrx_word' id='word_1_18' title='bbox 2789 467 3045 525; x_wconf 79' lang='lat' dir='ltr'>Joannes</span> <span class='ocrx_word' id='word_1_19' title='bbox 3064 483 3218 535; x_wconf 68' lang='lat' dir='ltr'>vero,</span> <span class='ocrx_word' id='word_1_20' title='bbox 3237 465 3395 539; x_wconf 86' lang='lat' dir='ltr'>quod</span> <span class='ocrx_word' id='word_1_21' title='bbox 3413 464 3614 523; x_wconf 82' lang='lat' dir='ltr'>omnis</span> <span class='ocrx_word' id='word_1_22' title='bbox 3630 470 3866 522; x_wconf 67' lang='lat' dir='ltr'>areatxr</span> 
     </span>
    </p>
   </div>
   <div class='ocr_carea' id='block_1_5' title="bbox 433 556 2090 633">
    <p class='ocr_par' dir='ltr' id='par_1_5' title="bbox 433 556 2090 633">
     <span class='ocr_line' id='line_1_5' title="bbox 433 556 2090 633; baseline -0.004 -15"><span class='ocrx_word' id='word_1_23' title='bbox 433 560 892 618; x_wconf 81' lang='lat' dir='ltr'>distinctionem.</span> <span class='ocrx_word' id='word_1_24' title='bbox 924 559 1080 615; x_wconf 90' lang='lat' dir='ltr'>Nihil</span> <span class='ocrx_word' id='word_1_25' title='bbox 1109 560 1261 616; x_wconf 90' lang='lat' dir='ltr'>enim</span> <span class='ocrx_word' id='word_1_26' title='bbox 1295 559 1525 632; x_wconf 84' lang='lat' dir='ltr'>proprie</span> <span class='ocrx_word' id='word_1_27' title='bbox 1548 559 1704 633; x_wconf 90' lang='lat' dir='ltr'>apud</span> <span class='ocrx_word' id='word_1_28' title='bbox 1735 575 1797 614; x_wconf 90' lang='lat' dir='ltr'>se</span> <span class='ocrx_word' id='word_1_29' title='bbox 1830 573 1979 624; x_wconf 91' lang='lat' dir='ltr'>esse,</span> <span class='ocrx_word' id='word_1_30' title='bbox 2003 556 2090 613; x_wconf 92' lang='lat' dir='ltr'>vel</span> 
     </span>
    </p>
   </div>
   <div class='ocr_carea' id='block_1_6' title="bbox 433 646 2088 720">
    <p class='ocr_par' dir='ltr' id='par_1_6' title="bbox 433 646 2088 720">
     <span class='ocr_line' id='line_1_6' title="bbox 433 646 2088 720; baseline -0.004 -13"><span class='ocrx_word' id='word_1_31' title='bbox 433 667 634 707; x_wconf 88' lang='lat' dir='ltr'>secum</span> <span class='ocrx_word' id='word_1_32' title='bbox 664 665 791 706; x_wconf 90' lang='lat' dir='ltr'>esse</span> <span class='ocrx_word' id='word_1_33' title='bbox 823 648 1053 717; x_wconf 90' lang='lat' dir='ltr'>dicitur,</span> <span class='ocrx_word' id='word_1_34' title='bbox 1088 647 1201 704; x_wconf 83' lang='lat' dir='ltr'>nisi</span> <span class='ocrx_word' id='word_1_35' title='bbox 1234 648 1379 703; x_wconf 82' lang='lat' dir='ltr'>forte</span> <span class='ocrx_word' id='word_1_36' title='bbox 1412 663 1514 719; x_wconf 90' lang='lat' dir='ltr'>per</span> <span class='ocrx_word' id='word_1_37' title='bbox 1554 647 1805 720; x_wconf 82' lang='lat' dir='ltr'>ﬁguram</span> <span class='ocrx_word' id='word_1_38' title='bbox 1836 646 2088 714; x_wconf 83' lang='lat' dir='ltr'>dicatur,</span> 
     </span>
    </p>
   </div>
   <div class='ocr_carea' id='block_1_7' title="bbox 433 734 2092 810">
    <p class='ocr_par' dir='ltr' id='par_1_7' title="bbox 433 734 2092 810">
     <span class='ocr_line' id='line_1_7' title="bbox 433 734 2092 810; baseline -0.003 -16"><span class='ocrx_word' id='word_1_39' title='bbox 433 739 588 810; x_wconf 92' lang='lat' dir='ltr'>quod</span> <span class='ocrx_word' id='word_1_40' title='bbox 637 737 734 794; x_wconf 90' lang='lat' dir='ltr'>ille</span> <span class='ocrx_word' id='word_1_41' title='bbox 763 737 918 810; x_wconf 88' lang='lat' dir='ltr'>apud</span> <span class='ocrx_word' id='word_1_42' title='bbox 951 754 1011 793; x_wconf 90' lang='lat' dir='ltr'>se</span> <span class='ocrx_word' id='word_1_43' title='bbox 1043 739 1130 793; x_wconf 89' lang='lat' dir='ltr'>est</span> <span class='ocrx_word' id='word_1_44' title='bbox 1162 735 1260 809; x_wconf 91' lang='lat' dir='ltr'>qui</span> <span class='ocrx_word' id='word_1_45' title='bbox 1292 753 1395 808; x_wconf 90' lang='lat' dir='ltr'>per</span> <span class='ocrx_word' id='word_1_46' title='bbox 1424 735 1639 792; x_wconf 89' lang='lat' dir='ltr'>mentis</span> <span class='ocrx_word' id='word_1_47' title='bbox 1682 734 2092 791; x_wconf 81' lang='lat' dir='ltr'>alienationem</span> 
     </span>
    </p>
   </div>
   <div class='ocr_carea' id='block_1_8' title="bbox 431 824 2092 898">
    <p class='ocr_par' dir='ltr' id='par_1_8' title="bbox 431 824 2092 898">
     <span class='ocr_line' id='line_1_8' title="bbox 431 824 2092 898; baseline -0.003 -15"><span class='ocrx_word' id='word_1_48' title='bbox 431 831 591 884; x_wconf 82' lang='lat' dir='ltr'>extra</span> <span class='ocrx_word' id='word_1_49' title='bbox 620 843 682 883; x_wconf 90' lang='lat' dir='ltr'>se</span> <span class='ocrx_word' id='word_1_50' title='bbox 711 843 827 882; x_wconf 91' lang='lat' dir='ltr'>non</span> <span class='ocrx_word' id='word_1_51' title='bbox 859 830 965 882; x_wconf 91' lang='lat' dir='ltr'>est.</span> <span class='ocrx_word' id='word_1_52' title='bbox 1019 825 1220 898; x_wconf 86' lang='lat' dir='ltr'>Itaque</span> <span class='ocrx_word' id='word_1_53' title='bbox 1251 825 1311 880; x_wconf 93' lang='lat' dir='ltr'>in</span> <span class='ocrx_word' id='word_1_54' title='bbox 1361 825 1648 897; x_wconf 89' lang='lat' dir='ltr'>principio</span> <span class='ocrx_word' id='word_1_55' title='bbox 1681 828 1805 880; x_wconf 88' lang='lat' dir='ltr'>erat</span> <span class='ocrx_word' id='word_1_56' title='bbox 1834 824 2092 880; x_wconf 87' lang='lat' dir='ltr'>Verbum</span> 
     </span>
    </p>
   </div>
   <div class='ocr_carea' id='block_1_9' title="bbox 434 914 2094 988">
    <p class='ocr_par' dir='ltr' id='par_1_9' title="bbox 434 914 2094 988">
     <span class='ocr_line' id='line_1_9' title="bbox 434 914 2094 988; baseline -0.003 -15"><span class='ocrx_word' id='word_1_57' title='bbox 434 917 588 988; x_wconf 89' lang='lat' dir='ltr'>apud</span> <span class='ocrx_word' id='word_1_58' title='bbox 619 917 825 983; x_wconf 90' lang='lat' dir='ltr'>Deum,</span> <span class='ocrx_word' id='word_1_59' title='bbox 846 920 1128 988; x_wconf 90' lang='lat' dir='ltr'>tanquam</span> <span class='ocrx_word' id='word_1_60' title='bbox 1153 915 1304 971; x_wconf 90' lang='lat' dir='ltr'>alius</span> <span class='ocrx_word' id='word_1_61' title='bbox 1324 915 1478 987; x_wconf 90' lang='lat' dir='ltr'>apud</span> <span class='ocrx_word' id='word_1_62' title='bbox 1503 914 1705 970; x_wconf 90' lang='lat' dir='ltr'>alium.</span> <span class='ocrx_word' id='word_1_63' title='bbox 1731 916 1796 969; x_wconf 80' lang='lat' dir='ltr'>Et</span> <span class='ocrx_word' id='word_1_64' title='bbox 1817 916 1955 970; x_wconf 83' lang='lat' dir='ltr'>Deus</span> <span class='ocrx_word' id='word_1_65' title='bbox 1974 920 2094 968; x_wconf 75' lang='lat' dir='ltr'>erat</span> 
     </span>
    </p>
   </div>
   <div class='ocr_carea' id='block_1_10' title="bbox 437 1001 2095 1077">
    <p class='ocr_par' dir='ltr' id='par_1_10' title="bbox 437 1001 2095 1077">
     <span class='ocr_line' id='line_1_10' title="bbox 437 1001 2095 1077; baseline -0.002 -16"><span class='ocrx_word' id='word_1_66' title='bbox 437 1006 687 1074; x_wconf 83' lang='lat' dir='ltr'>Verbum,</span> <span class='ocrx_word' id='word_1_67' title='bbox 721 1005 876 1060; x_wconf 91' lang='lat' dir='ltr'>Deus</span> <span class='ocrx_word' id='word_1_68' title='bbox 907 1022 974 1060; x_wconf 86' lang='lat' dir='ltr'>ex</span> <span class='ocrx_word' id='word_1_69' title='bbox 1005 1010 1172 1077; x_wconf 88' lang='lat' dir='ltr'>parte</span> <span class='ocrx_word' id='word_1_70' title='bbox 1203 1003 1502 1077; x_wconf 77' lang='lat' dir='ltr'>praedicati</span> <span class='ocrx_word' id='word_1_71' title='bbox 1536 1004 1708 1059; x_wconf 89' lang='lat' dir='ltr'>debet</span> <span class='ocrx_word' id='word_1_72' title='bbox 1733 1001 2002 1076; x_wconf 82' lang='lat' dir='ltr'>intelligi.</span> <span class='ocrx_word' id='word_1_73' title='bbox 2025 1002 2095 1058; x_wconf 88' lang='lat' dir='ltr'>Et</span> 
     </span>
    </p>
   </div>
   <div class='ocr_carea' id='block_1_11' title="bbox 439 1092 2098 1166">
    <p class='ocr_par' dir='ltr' id='par_1_11' title="bbox 439 1092 2098 1166">
     <span class='ocr_line' id='line_1_11' title="bbox 439 1092 2098 1166; baseline -0.002 -17"><span class='ocrx_word' id='word_1_74' title='bbox 439 1095 508 1150; x_wconf 92' lang='lat' dir='ltr'>de</span> <span class='ocrx_word' id='word_1_75' title='bbox 539 1093 682 1150; x_wconf 88' lang='lat' dir='ltr'>Filio</span> <span class='ocrx_word' id='word_1_76' title='bbox 713 1094 812 1150; x_wconf 89' lang='lat' dir='ltr'>Dei</span> <span class='ocrx_word' id='word_1_77' title='bbox 841 1111 955 1150; x_wconf 92' lang='lat' dir='ltr'>non</span> <span class='ocrx_word' id='word_1_78' title='bbox 981 1094 1136 1166; x_wconf 87' lang='lat' dir='ltr'>quis,</span> <span class='ocrx_word' id='word_1_79' title='bbox 1159 1095 1259 1150; x_wconf 89' lang='lat' dir='ltr'>sed</span> <span class='ocrx_word' id='word_1_80' title='bbox 1281 1093 1420 1166; x_wconf 94' lang='lat' dir='ltr'>quid</span> <span class='ocrx_word' id='word_1_81' title='bbox 1445 1097 1601 1150; x_wconf 86' lang='lat' dir='ltr'>esset</span> <span class='ocrx_word' id='word_1_82' title='bbox 1621 1092 1715 1148; x_wconf 91' lang='lat' dir='ltr'>hic</span> <span class='ocrx_word' id='word_1_83' title='bbox 1737 1093 2098 1150; x_wconf 88' lang='lat' dir='ltr'>demonstra-</span> 
     </span>
    </p>
   </div>
   <div class='ocr_carea' id='block_1_12' title="bbox 438 1180 2096 1256">
    <p class='ocr_par' dir='ltr' id='par_1_12' title="bbox 438 1180 2096 1256">
     <span class='ocr_line' id='line_1_12' title="bbox 438 1180 2096 1256; baseline -0.003 -16"><span class='ocrx_word' id='word_1_84' title='bbox 438 1187 552 1240; x_wconf 87' lang='lat' dir='ltr'>tur.</span> <span class='ocrx_word' id='word_1_85' title='bbox 587 1184 692 1240; x_wconf 86' lang='lat' dir='ltr'>Hoe</span> <span class='ocrx_word' id='word_1_86' title='bbox 721 1193 839 1240; x_wconf 83' lang='lat' dir='ltr'>erat</span> <span class='ocrx_word' id='word_1_87' title='bbox 887 1183 1030 1256; x_wconf 85' lang='lat' dir='ltr'>apud</span> <span class='ocrx_word' id='word_1_88' title='bbox 1078 1186 1267 1240; x_wconf 88' lang='lat' dir='ltr'>Deum.</span> <span class='ocrx_word' id='word_1_89' title='bbox 1304 1183 1589 1249; x_wconf 82' lang='lat' dir='ltr'>Quoniam</span> <span class='ocrx_word' id='word_1_90' title='bbox 1644 1198 1781 1238; x_wconf 90' lang='lat' dir='ltr'>cum</span> <span class='ocrx_word' id='word_1_91' title='bbox 1812 1181 1871 1236; x_wconf 91' lang='lat' dir='ltr'>in</span> <span class='ocrx_word' id='word_1_92' title='bbox 1905 1180 2096 1236; x_wconf 89' lang='lat' dir='ltr'>tribus</span> 
     </span>
    </p>
   </div>
   <div class='ocr_carea' id='block_1_13' title="bbox 439 1271 2095 1346">
    <p class='ocr_par' dir='ltr' id='par_1_13' title="bbox 439 1271 2095 1346">
     <span class='ocr_line' id='line_1_13' title="bbox 439 1271 2095 1346; baseline -0.001 -18"><span class='ocrx_word' id='word_1_93' title='bbox 439 1272 720 1330; x_wconf 83' lang='lat' dir='ltr'>clausulis</span> <span class='ocrx_word' id='word_1_94' title='bbox 750 1277 1026 1346; x_wconf 88' lang='lat' dir='ltr'>posuerat</span> <span class='ocrx_word' id='word_1_95' title='bbox 1048 1273 1404 1346; x_wconf 83' lang='lat' dir='ltr'>evangelista</span> <span class='ocrx_word' id='word_1_96' title='bbox 1425 1273 1536 1328; x_wconf 91' lang='lat' dir='ltr'>hoc</span> <span class='ocrx_word' id='word_1_97' title='bbox 1558 1271 1976 1346; x_wconf 85' lang='lat' dir='ltr'>appellativum</span> <span class='ocrx_word' id='word_1_98' title='bbox 1998 1286 2095 1326; x_wconf 88' lang='lat' dir='ltr'>no-</span> 
     </span>
    </p>
   </div>
   <div class='ocr_carea' id='block_1_14' title="bbox 439 1359 2094 1434">
    <p class='ocr_par' dir='ltr' id='par_1_14' title="bbox 439 1359 2094 1434">
     <span class='ocr_line' id='line_1_14' title="bbox 439 1359 2094 1434; baseline -0.002 -15"><span class='ocrx_word' id='word_1_99' title='bbox 439 1379 594 1430; x_wconf 87' lang='lat' dir='ltr'>men,</span> <span class='ocrx_word' id='word_1_100' title='bbox 627 1363 868 1431; x_wconf 79' lang='lat' dir='ltr'>verbum,</span> <span class='ocrx_word' id='word_1_101' title='bbox 902 1367 967 1417; x_wconf 88' lang='lat' dir='ltr'>ut</span> <span class='ocrx_word' id='word_1_102' title='bbox 995 1361 1467 1434; x_wconf 82' lang='lat' dir='ltr'>aequivocationis</span> <span class='ocrx_word' id='word_1_103' title='bbox 1497 1365 1553 1416; x_wconf 90' lang='lat' dir='ltr'>et</span> <span class='ocrx_word' id='word_1_104' title='bbox 1585 1359 1969 1418; x_wconf 90' lang='lat' dir='ltr'>invocationis</span> <span class='ocrx_word' id='word_1_105' title='bbox 2000 1376 2094 1415; x_wconf 85' lang='lat' dir='ltr'>ex-</span> 
     </span>
    </p>
   </div>
   <div class='ocr_carea' id='block_1_15' title="bbox 436 1449 2098 1521">
    <p class='ocr_par' dir='ltr' id='par_1_15' title="bbox 436 1449 2098 1521">
     <span class='ocr_line' id='line_1_15' title="bbox 436 1449 2098 1521; baseline -0.002 -14"><span class='ocrx_word' id='word_1_106' title='bbox 436 1452 697 1508; x_wconf 85' lang='lat' dir='ltr'>cluderet</span> <span class='ocrx_word' id='word_1_107' title='bbox 744 1451 1125 1518; x_wconf 85' lang='lat' dir='ltr'>calumniam,</span> <span class='ocrx_word' id='word_1_108' title='bbox 1159 1451 1230 1507; x_wconf 92' lang='lat' dir='ltr'>de</span> <span class='ocrx_word' id='word_1_109' title='bbox 1272 1451 1476 1506; x_wconf 88' lang='lat' dir='ltr'>eadem</span> <span class='ocrx_word' id='word_1_110' title='bbox 1505 1449 1679 1505; x_wconf 89' lang='lat' dir='ltr'>Verbi</span> <span class='ocrx_word' id='word_1_111' title='bbox 1715 1465 1965 1521; x_wconf 87' lang='lat' dir='ltr'>persona</span> <span class='ocrx_word' id='word_1_112' title='bbox 1994 1465 2098 1521; x_wconf 88' lang='lat' dir='ltr'>per</span> 
     </span>
    </p>
   </div>
   <div class='ocr_carea' id='block_1_16' title="bbox 435 1539 2096 1612">
    <p class='ocr_par' dir='ltr' id='par_1_16' title="bbox 435 1539 2096 1612">
     <span class='ocr_line' id='line_1_16' title="bbox 435 1539 2096 1612; baseline -0.002 -16"><span class='ocrx_word' id='word_1_113' title='bbox 435 1541 960 1597; x_wconf 86' lang='lat' dir='ltr'>demonstrativum</span> <span class='ocrx_word' id='word_1_114' title='bbox 1013 1557 1354 1612; x_wconf 89' lang='lat' dir='ltr'>pronomen,</span> <span class='ocrx_word' id='word_1_115' title='bbox 1389 1556 1451 1594; x_wconf 93' lang='lat' dir='ltr'>se</span> <span class='ocrx_word' id='word_1_116' title='bbox 1501 1539 1864 1594; x_wconf 87' lang='lat' dir='ltr'>demonstrat</span> <span class='ocrx_word' id='word_1_117' title='bbox 1904 1541 2096 1594; x_wconf 81' lang='lat' dir='ltr'>texere</span> 
     </span>
    </p>
   </div>
   <div class='ocr_carea' id='block_1_17' title="bbox 445 1627 2100 1702">
    <p class='ocr_par' dir='ltr' id='par_1_17' title="bbox 445 1627 2100 1702">
     <span class='ocr_line' id='line_1_17' title="bbox 445 1627 2100 1702; baseline -0.002 -17"><span class='ocrx_word' id='word_1_118' title='bbox 445 1631 861 1686; x_wconf 84' lang='lat' dir='ltr'>narrationem.</span> <span class='ocrx_word' id='word_1_119' title='bbox 884 1631 1100 1686; x_wconf 89' lang='lat' dir='ltr'>Verum</span> <span class='ocrx_word' id='word_1_120' title='bbox 1134 1631 1288 1702; x_wconf 84' lang='lat' dir='ltr'>apud</span> <span class='ocrx_word' id='word_1_121' title='bbox 1320 1632 1548 1685; x_wconf 66' lang='lat' dir='ltr'>Graecos</span> <span class='ocrx_word' id='word_1_122' title='bbox 1579 1645 1692 1684; x_wconf 90' lang='lat' dir='ltr'>non</span> <span class='ocrx_word' id='word_1_123' title='bbox 1723 1628 1849 1696; x_wconf 88' lang='lat' dir='ltr'>hoc,</span> <span class='ocrx_word' id='word_1_124' title='bbox 1884 1629 1982 1684; x_wconf 88' lang='lat' dir='ltr'>sed</span> <span class='ocrx_word' id='word_1_125' title='bbox 2008 1627 2100 1683; x_wconf 79' lang='lat' dir='ltr'>hic</span> 
     </span>
    </p>
   </div>
   <div class='ocr_carea' id='block_1_18' title="bbox 441 1703 2099 1793">
    <p class='ocr_par' dir='ltr' id='par_1_18' title="bbox 441 1703 2099 1793">
     <span class='ocr_line' id='line_1_18' title="bbox 441 1703 2099 1793; baseline -0.001 -19"><span class='ocrx_word' id='word_1_126' title='bbox 441 1720 702 1793; x_wconf 89' lang='lat' dir='ltr'>ponitur,</span> <span class='ocrx_word' id='word_1_127' title='bbox 739 1718 1018 1791; x_wconf 89' lang='lat' dir='ltr'>quoniam</span> <span class='ocrx_word' id='word_1_128' title='bbox 1053 1703 1215 1791; x_wconf 82' lang='lat' dir='ltr'>logos</span> <span class='ocrx_word' id='word_1_129' title='bbox 1239 1722 1328 1775; x_wconf 89' lang='lat' dir='ltr'>est</span> <span class='ocrx_word' id='word_1_130' title='bbox 1349 1716 1659 1774; x_wconf 88' lang='lat' dir='ltr'>masculini</span> <span class='ocrx_word' id='word_1_131' title='bbox 1690 1716 1940 1789; x_wconf 85' lang='lat' dir='ltr'>generis.</span> <span class='ocrx_word' id='word_1_132' title='bbox 1963 1721 2099 1772; x_wconf 87' lang='lat' dir='ltr'>Pro-</span> 
     </span>
    </p>
   </div>
   <div class='ocr_carea' id='block_1_19' title="bbox 448 1805 2097 1882">
    <p class='ocr_par' dir='ltr' id='par_1_19' title="bbox 448 1805 2097 1882">
     <span class='ocr_line' id='line_1_19' title="bbox 448 1805 2097 1882; baseline -0.002 -18"><span class='ocrx_word' id='word_1_133' title='bbox 448 1814 647 1882; x_wconf 89' lang='lat' dir='ltr'>pterea</span> <span class='ocrx_word' id='word_1_134' title='bbox 673 1809 743 1866; x_wconf 89' lang='lat' dir='ltr'>ad</span> <span class='ocrx_word' id='word_1_135' title='bbox 769 1808 1130 1876; x_wconf 90' lang='lat' dir='ltr'>utrumlibet,</span> <span class='ocrx_word' id='word_1_136' title='bbox 1168 1807 1284 1864; x_wconf 90' lang='lat' dir='ltr'>sive</span> <span class='ocrx_word' id='word_1_137' title='bbox 1315 1809 1384 1863; x_wconf 91' lang='lat' dir='ltr'>ad</span> <span class='ocrx_word' id='word_1_138' title='bbox 1423 1808 1629 1880; x_wconf 90' lang='lat' dir='ltr'>Logos,</span> <span class='ocrx_word' id='word_1_139' title='bbox 1661 1806 1781 1862; x_wconf 83' lang='lat' dir='ltr'>sive</span> <span class='ocrx_word' id='word_1_140' title='bbox 1810 1806 1881 1862; x_wconf 89' lang='lat' dir='ltr'>ad</span> <span class='ocrx_word' id='word_1_141' title='bbox 1907 1805 2097 1861; x_wconf 89' lang='lat' dir='ltr'>Theos</span> 
     </span>
    </p>
   </div>
   <div class='ocr_carea' id='block_1_20' title="bbox 442 1894 2104 1970">
    <p class='ocr_par' dir='ltr' id='par_1_20' title="bbox 442 1894 2104 1970">
     <span class='ocr_line' id='line_1_20' title="bbox 442 1894 2104 1970; baseline -0.003 -16"><span class='ocrx_word' id='word_1_142' title='bbox 442 1908 547 1967; x_wconf 79' lang='grc' dir='ltr'>θεοξ</span> <span class='ocrx_word' id='word_1_143' title='bbox 579 1898 776 1954; x_wconf 87' lang='lat' dir='ltr'>referri</span> <span class='ocrx_word' id='word_1_144' title='bbox 797 1902 1005 1970; x_wconf 87' lang='lat' dir='ltr'>potest,</span> <span class='ocrx_word' id='word_1_145' title='bbox 1055 1899 1155 1953; x_wconf 90' lang='lat' dir='ltr'>sed</span> <span class='ocrx_word' id='word_1_146' title='bbox 1199 1902 1393 1952; x_wconf 90' lang='lat' dir='ltr'>tamen</span> <span class='ocrx_word' id='word_1_147' title='bbox 1417 1913 1627 1953; x_wconf 88' lang='lat' dir='ltr'>sensus</span> <span class='ocrx_word' id='word_1_148' title='bbox 1650 1896 1804 1951; x_wconf 89' lang='lat' dir='ltr'>idem</span> <span class='ocrx_word' id='word_1_149' title='bbox 1824 1900 1932 1952; x_wconf 90' lang='lat' dir='ltr'>est.</span> <span class='ocrx_word' id='word_1_150' title='bbox 1961 1894 2104 1950; x_wconf 91' lang='lat' dir='ltr'>Con-</span> 
     </span>
    </p>
   </div>
   <div class='ocr_carea' id='block_1_21' title="bbox 446 1981 2101 2059">
    <p class='ocr_par' dir='ltr' id='par_1_21' title="bbox 446 1981 2101 2059">
     <span class='ocr_line' id='line_1_21' title="bbox 446 1981 2101 2059; baseline -0.002 -17"><span class='ocrx_word' id='word_1_151' title='bbox 446 1987 772 2043; x_wconf 89' lang='lat' dir='ltr'>sideremus</span> <span class='ocrx_word' id='word_1_152' title='bbox 789 1986 990 2059; x_wconf 84' lang='lat' dir='ltr'>igitur,</span> <span class='ocrx_word' id='word_1_153' title='bbox 1014 1987 1243 2057; x_wconf 82' lang='lat' dir='ltr'>fratres,</span> <span class='ocrx_word' id='word_1_154' title='bbox 1267 1985 1544 2058; x_wconf 89' lang='lat' dir='ltr'>quoniam</span> <span class='ocrx_word' id='word_1_155' title='bbox 1566 1985 1825 2058; x_wconf 90' lang='lat' dir='ltr'>quinque</span> <span class='ocrx_word' id='word_1_156' title='bbox 1846 1983 1987 2039; x_wconf 84' lang='lat' dir='ltr'>dicit</span> <span class='ocrx_word' id='word_1_157' title='bbox 2007 1981 2101 2038; x_wconf 88' lang='lat' dir='ltr'>hic</span> 
     </span>
    </p>
   </div>
   <div class='ocr_carea' id='block_1_22' title="bbox 446 2072 2099 2148">
    <p class='ocr_par' dir='ltr' id='par_1_22' title="bbox 446 2072 2099 2148">
     <span class='ocr_line' id='line_1_22' title="bbox 446 2072 2099 2148; baseline -0.002 -17"><span class='ocrx_word' id='word_1_158' title='bbox 446 2075 800 2148; x_wconf 77' lang='lat' dir='ltr'>evangelista</span> <span class='ocrx_word' id='word_1_159' title='bbox 847 2077 916 2131; x_wconf 92' lang='lat' dir='ltr'>de</span> <span class='ocrx_word' id='word_1_160' title='bbox 958 2075 1169 2141; x_wconf 89' lang='lat' dir='ltr'>Verbo,</span> <span class='ocrx_word' id='word_1_161' title='bbox 1221 2074 1488 2129; x_wconf 85' lang='lat' dir='ltr'>videlicet</span> <span class='ocrx_word' id='word_1_162' title='bbox 1536 2073 1770 2145; x_wconf 86' lang='lat' dir='ltr'>quando</span> <span class='ocrx_word' id='word_1_163' title='bbox 1820 2075 1964 2141; x_wconf 90' lang='lat' dir='ltr'>erat,</span> <span class='ocrx_word' id='word_1_164' title='bbox 2001 2072 2099 2127; x_wconf 91' lang='lat' dir='ltr'>ubi</span> 
     </span>
    </p>
   </div>
   <div class='ocr_carea' id='block_1_23' title="bbox 446 2161 2098 2236">
    <p class='ocr_par' dir='ltr' id='par_1_23' title="bbox 446 2161 2098 2236">
     <span class='ocr_line' id='line_1_23' title="bbox 446 2161 2098 2236; baseline -0.003 -16"><span class='ocrx_word' id='word_1_165' title='bbox 446 2169 589 2231; x_wconf 85' lang='lat' dir='ltr'>erat,</span> <span class='ocrx_word' id='word_1_166' title='bbox 649 2165 792 2236; x_wconf 91' lang='lat' dir='ltr'>quid</span> <span class='ocrx_word' id='word_1_167' title='bbox 840 2169 984 2233; x_wconf 89' lang='lat' dir='ltr'>erat,</span> <span class='ocrx_word' id='word_1_168' title='bbox 1038 2164 1193 2236; x_wconf 88' lang='lat' dir='ltr'>apud</span> <span class='ocrx_word' id='word_1_169' title='bbox 1244 2180 1418 2234; x_wconf 89' lang='lat' dir='ltr'>quem</span> <span class='ocrx_word' id='word_1_170' title='bbox 1469 2167 1611 2230; x_wconf 88' lang='lat' dir='ltr'>erat,</span> <span class='ocrx_word' id='word_1_171' title='bbox 1659 2161 1796 2234; x_wconf 91' lang='lat' dir='ltr'>quid</span> <span class='ocrx_word' id='word_1_172' title='bbox 1831 2161 2098 2217; x_wconf 84' lang='lat' dir='ltr'>faciebat.</span> 
     </span>
    </p>
   </div>
   <div class='ocr_carea' id='block_1_24' title="bbox 445 2251 2106 2324">
    <p class='ocr_par' dir='ltr' id='par_1_24' title="bbox 445 2251 2106 2324">
     <span class='ocr_line' id='line_1_24' title="bbox 445 2251 2106 2324; baseline -0.003 -15"><span class='ocrx_word' id='word_1_173' title='bbox 445 2253 686 2318; x_wconf 90' lang='lat' dir='ltr'>Quando</span> <span class='ocrx_word' id='word_1_174' title='bbox 717 2258 840 2308; x_wconf 89' lang='lat' dir='ltr'>erat</span> <span class='ocrx_word' id='word_1_175' title='bbox 859 2254 886 2308; x_wconf 87' lang='lat'><strong>?</strong></span> <span class='ocrx_word' id='word_1_176' title='bbox 908 2256 970 2309; x_wconf 87' lang='lat' dir='ltr'>In</span> <span class='ocrx_word' id='word_1_177' title='bbox 986 2253 1263 2324; x_wconf 76' lang='lat' dir='ltr'>principio</span> <span class='ocrx_word' id='word_1_178' title='bbox 1292 2260 1409 2307; x_wconf 80' lang='lat' dir='ltr'>erat</span> <span class='ocrx_word' id='word_1_179' title='bbox 1437 2251 1680 2308; x_wconf 87' lang='lat' dir='ltr'>Verbum.</span> <span class='ocrx_word' id='word_1_180' title='bbox 1716 2251 1824 2306; x_wconf 92' lang='lat' dir='ltr'>Ubi</span> <span class='ocrx_word' id='word_1_181' title='bbox 1857 2254 1980 2306; x_wconf 85' lang='lat' dir='ltr'>erat</span> <span class='ocrx_word' id='word_1_182' title='bbox 1999 2251 2106 2305; x_wconf 81' lang='lat' dir='ltr'>‘?Et</span> 
     </span>
    </p>
   </div>
   <div class='ocr_carea' id='block_1_25' title="bbox 452 2341 2100 2414">
    <p class='ocr_par' dir='ltr' id='par_1_25' title="bbox 452 2341 2100 2414">
     <span class='ocr_line' id='line_1_25' title="bbox 452 2341 2100 2414; baseline -0.003 -15"><span class='ocrx_word' id='word_1_183' title='bbox 452 2343 677 2400; x_wconf 78' lang='lat' dir='ltr'>Verbum</span> <span class='ocrx_word' id='word_1_184' title='bbox 706 2350 825 2397; x_wconf 83' lang='lat' dir='ltr'>erat</span> <span class='ocrx_word' id='word_1_185' title='bbox 851 2341 998 2414; x_wconf 86' lang='lat' dir='ltr'>apud</span> <span class='ocrx_word' id='word_1_186' title='bbox 1038 2346 1230 2397; x_wconf 88' lang='lat' dir='ltr'>Deum.</span> <span class='ocrx_word' id='word_1_187' title='bbox 1265 2341 1411 2407; x_wconf 86' lang='lat' dir='ltr'>Quid</span> <span class='ocrx_word' id='word_1_188' title='bbox 1456 2344 1622 2396; x_wconf 86' lang='lat' dir='ltr'>erat?</span> <span class='ocrx_word' id='word_1_189' title='bbox 1653 2341 1792 2396; x_wconf 82' lang='lat' dir='ltr'>Deus</span> <span class='ocrx_word' id='word_1_190' title='bbox 1820 2348 1937 2395; x_wconf 80' lang='lat' dir='ltr'>erat</span> <span class='ocrx_word' id='word_1_191' title='bbox 1971 2345 2100 2395; x_wconf 85' lang='lat' dir='ltr'>Ver-</span> 
     </span>
    </p>
   </div>
   <div class='ocr_carea' id='block_1_26' title="bbox 447 2429 2100 2503">
    <p class='ocr_par' dir='ltr' id='par_1_26' title="bbox 447 2429 2100 2503">
     <span class='ocr_line' id='line_1_26' title="bbox 447 2429 2100 2503; baseline -0.001 -17"><span class='ocrx_word' id='word_1_192' title='bbox 447 2431 592 2486; x_wconf 88' lang='lat' dir='ltr'>bum.</span> <span class='ocrx_word' id='word_1_193' title='bbox 625 2431 794 2503; x_wconf 89' lang='lat' dir='ltr'>Apud</span> <span class='ocrx_word' id='word_1_194' title='bbox 827 2447 1000 2502; x_wconf 91' lang='lat' dir='ltr'>quem</span> <span class='ocrx_word' id='word_1_195' title='bbox 1031 2433 1198 2485; x_wconf 83' lang='lat' dir='ltr'>erat?</span> <span class='ocrx_word' id='word_1_196' title='bbox 1226 2431 1364 2486; x_wconf 83' lang='lat' dir='ltr'>Deus</span> <span class='ocrx_word' id='word_1_197' title='bbox 1394 2429 1551 2484; x_wconf 90' lang='lat' dir='ltr'>enim</span> <span class='ocrx_word' id='word_1_198' title='bbox 1581 2437 1700 2484; x_wconf 77' lang='lat' dir='ltr'>erat</span> <span class='ocrx_word' id='word_1_199' title='bbox 1731 2429 1881 2501; x_wconf 85' lang='lat' dir='ltr'>apud</span> <span class='ocrx_word' id='word_1_200' title='bbox 1908 2433 2100 2485; x_wconf 87' lang='lat' dir='ltr'>Deum.</span> 
     </span>
    </p>
   </div>
   <div class='ocr_carea' id='block_1_27' title="bbox 448 2518 2104 2591">
    <p class='ocr_par' dir='ltr' id='par_1_27' title="bbox 448 2518 2104 2591">
     <span class='ocr_line' id='line_1_27' title="bbox 448 2518 2104 2591; baseline 0 -17"><span class='ocrx_word' id='word_1_201' title='bbox 448 2518 596 2586; x_wconf 90' lang='lat' dir='ltr'>Quid</span> <span class='ocrx_word' id='word_1_202' title='bbox 625 2518 919 2575; x_wconf 81' lang='lat' dir='ltr'>faciebat?</span> <span class='ocrx_word' id='word_1_203' title='bbox 950 2520 1147 2575; x_wconf 79' lang='lat' dir='ltr'>Omnia</span> <span class='ocrx_word' id='word_1_204' title='bbox 1172 2536 1271 2590; x_wconf 83' lang='lat' dir='ltr'>per</span> <span class='ocrx_word' id='word_1_205' title='bbox 1292 2521 1472 2591; x_wconf 78' lang='lat' dir='ltr'>ipsum</span> <span class='ocrx_word' id='word_1_206' title='bbox 1490 2520 1636 2590; x_wconf 79' lang='lat' dir='ltr'>facta</span> <span class='ocrx_word' id='word_1_207' title='bbox 1655 2527 1802 2574; x_wconf 82' lang='lat' dir='ltr'>sunt.</span> <span class='ocrx_word' id='word_1_208' title='bbox 1830 2518 1890 2574; x_wconf 91' lang='lat' dir='ltr'>In</span> <span class='ocrx_word' id='word_1_209' title='bbox 1914 2519 2104 2590; x_wconf 89' lang='lat' dir='ltr'>primo</span> 
     </span>
    </p>
   </div>
   <div class='ocr_carea' id='block_1_28' title="bbox 449 2607 2105 2673">
    <p class='ocr_par' dir='ltr' id='par_1_28' title="bbox 449 2607 2105 2673">
     <span class='ocr_line' id='line_1_28' title="bbox 449 2607 2105 2673; baseline 0 -9"><span class='ocrx_word' id='word_1_210' title='bbox 449 2609 817 2665; x_wconf 88' lang='lat' dir='ltr'>demonstrat</span> <span class='ocrx_word' id='word_1_211' title='bbox 846 2609 1017 2664; x_wconf 85' lang='lat' dir='ltr'>Verbi</span> <span class='ocrx_word' id='word_1_212' title='bbox 1050 2626 1185 2665; x_wconf 89' lang='lat' dir='ltr'>cum</span> <span class='ocrx_word' id='word_1_213' title='bbox 1209 2609 1374 2664; x_wconf 87' lang='lat' dir='ltr'>Patre</span> <span class='ocrx_word' id='word_1_214' title='bbox 1406 2607 1889 2673; x_wconf 76' lang='lat' dir='ltr'>cozeternitatem;</span> <span class='ocrx_word' id='word_1_215' title='bbox 1924 2607 1982 2661; x_wconf 90' lang='lat' dir='ltr'>in</span> <span class='ocrx_word' id='word_1_216' title='bbox 2015 2623 2105 2664; x_wconf 87' lang='lat' dir='ltr'>se-</span> 
     </span>
    </p>
   </div>
   <div class='ocr_carea' id='block_1_29' title="bbox 451 2697 2106 2770">
    <p class='ocr_par' dir='ltr' id='par_1_29' title="bbox 451 2697 2106 2770">
     <span class='ocr_line' id='line_1_29' title="bbox 451 2697 2106 2770; baseline -0.001 -16"><span class='ocrx_word' id='word_1_217' title='bbox 451 2699 662 2765; x_wconf 91' lang='lat' dir='ltr'>cundo,</span> <span class='ocrx_word' id='word_1_218' title='bbox 713 2697 1081 2770; x_wconf 89' lang='lat' dir='ltr'>personalem</span> <span class='ocrx_word' id='word_1_219' title='bbox 1132 2697 1612 2767; x_wconf 85' lang='lat' dir='ltr'>distinctionem;</span> <span class='ocrx_word' id='word_1_220' title='bbox 1660 2697 1719 2752; x_wconf 88' lang='lat' dir='ltr'>in</span> <span class='ocrx_word' id='word_1_221' title='bbox 1752 2697 1942 2764; x_wconf 88' lang='lat' dir='ltr'>tertio,</span> <span class='ocrx_word' id='word_1_222' title='bbox 1977 2697 2106 2769; x_wconf 81' lang='lat' dir='ltr'>ejus</span> 
     </span>
    </p>
   </div>
   <div class='ocr_carea' id='block_1_30' title="bbox 451 2785 2108 2860">
    <p class='ocr_par' dir='ltr' id='par_1_30' title="bbox 451 2785 2108 2860">
     <span class='ocr_line' id='line_1_30' title="bbox 451 2785 2108 2860; baseline -0.001 -18"><span class='ocrx_word' id='word_1_223' title='bbox 451 2787 817 2843; x_wconf 88' lang='lat' dir='ltr'>divinitatem</span> <span class='ocrx_word' id='word_1_224' title='bbox 847 2806 860 2856; x_wconf 92' lang='lat'><strong>;</strong></span> <span class='ocrx_word' id='word_1_225' title='bbox 896 2787 954 2842; x_wconf 93' lang='lat' dir='ltr'>in</span> <span class='ocrx_word' id='word_1_226' title='bbox 989 2791 1216 2859; x_wconf 84' lang='lat' dir='ltr'>quarto,</span> <span class='ocrx_word' id='word_1_227' title='bbox 1253 2788 1518 2860; x_wconf 84' lang='lat' dir='ltr'>ejusdem</span> <span class='ocrx_word' id='word_1_228' title='bbox 1549 2804 1684 2842; x_wconf 91' lang='lat' dir='ltr'>cum</span> <span class='ocrx_word' id='word_1_229' title='bbox 1718 2787 1884 2842; x_wconf 90' lang='lat' dir='ltr'>Patre</span> <span class='ocrx_word' id='word_1_230' title='bbox 1905 2785 2108 2842; x_wconf 87' lang='lat' dir='ltr'>identi-</span> 
     </span>
    </p>
   </div>
   <div class='ocr_carea' id='block_1_31' title="bbox 451 2873 2106 2948">
    <p class='ocr_par' dir='ltr' id='par_1_31' title="bbox 451 2873 2106 2948">
     <span class='ocr_line' id='line_1_31' title="bbox 451 2873 2106 2948; baseline -0.002 -17"><span class='ocrx_word' id='word_1_231' title='bbox 451 2880 650 2945; x_wconf 88' lang='lat' dir='ltr'>tatem,</span> <span class='ocrx_word' id='word_1_232' title='bbox 684 2875 901 2948; x_wconf 88' lang='lat' dir='ltr'>pariter</span> <span class='ocrx_word' id='word_1_233' title='bbox 916 2881 973 2931; x_wconf 87' lang='lat' dir='ltr'>et</span> <span class='ocrx_word' id='word_1_234' title='bbox 993 2876 1433 2932; x_wconf 90' lang='lat' dir='ltr'>distinctionem</span> <span class='ocrx_word' id='word_1_235' title='bbox 1456 2894 1469 2944; x_wconf 92' lang='lat'><strong>;</strong></span> <span class='ocrx_word' id='word_1_236' title='bbox 1495 2877 1554 2930; x_wconf 92' lang='lat' dir='ltr'>in</span> <span class='ocrx_word' id='word_1_237' title='bbox 1578 2874 1802 2946; x_wconf 89' lang='lat' dir='ltr'>quinto,</span> <span class='ocrx_word' id='word_1_238' title='bbox 1829 2873 2106 2947; x_wconf 88' lang='lat' dir='ltr'>operandi</span> 
     </span>
    </p>
   </div>
   <div class='ocr_carea' id='block_1_32' title="bbox 455 2962 2109 3037">
    <p class='ocr_par' dir='ltr' id='par_1_32' title="bbox 455 2962 2109 3037">
     <span class='ocr_line' id='line_1_32' title="bbox 455 2962 2109 3037; baseline -0.002 -16"><span class='ocrx_word' id='word_1_239' title='bbox 455 2965 881 3022; x_wconf 89' lang='lat' dir='ltr'>auctoritatem.</span> <span class='ocrx_word' id='word_1_240' title='bbox 913 2965 984 3020; x_wconf 88' lang='lat' dir='ltr'>Et</span> <span class='ocrx_word' id='word_1_241' title='bbox 1014 2965 1166 3020; x_wconf 88' lang='lat' dir='ltr'>idem</span> <span class='ocrx_word' id='word_1_242' title='bbox 1201 2981 1433 3037; x_wconf 90' lang='lat' dir='ltr'>quoque</span> <span class='ocrx_word' id='word_1_243' title='bbox 1455 2965 1695 3021; x_wconf 90' lang='lat' dir='ltr'>verbum</span> <span class='ocrx_word' id='word_1_244' title='bbox 1723 2962 1978 3037; x_wconf 87' lang='lat' dir='ltr'>suggilat</span> <span class='ocrx_word' id='word_1_245' title='bbox 1997 2962 2109 3018; x_wconf 75' lang='lat' dir='ltr'>hae-</span> 
     </span>
    </p>
   </div>
   <div class='ocr_carea' id='block_1_33' title="bbox 455 3051 2108 3126">
    <p class='ocr_par' dir='ltr' id='par_1_33' title="bbox 455 3051 2108 3126">
     <span class='ocr_line' id='line_1_33' title="bbox 455 3051 2108 3126; baseline -0.002 -16"><span class='ocrx_word' id='word_1_246' title='bbox 455 3053 692 3110; x_wconf 90' lang='lat' dir='ltr'>reticam</span> <span class='ocrx_word' id='word_1_247' title='bbox 744 3052 1078 3111; x_wconf 86' lang='lat' dir='ltr'>falsitatem.</span> <span class='ocrx_word' id='word_1_248' title='bbox 1132 3055 1390 3111; x_wconf 90' lang='lat' dir='ltr'>Fuerunt</span> <span class='ocrx_word' id='word_1_249' title='bbox 1438 3071 1692 3126; x_wconf 86' lang='lat' dir='ltr'>namque</span> <span class='ocrx_word' id='word_1_250' title='bbox 1723 3053 1975 3109; x_wconf 75' lang='lat' dir='ltr'>haeretici</span> <span class='ocrx_word' id='word_1_251' title='bbox 2008 3051 2108 3124; x_wconf 90' lang='lat' dir='ltr'>qui</span> 
     </span>
    </p>
   </div>
   <div class='ocr_carea' id='block_1_34' title="bbox 2199 551 3866 628">
    <p class='ocr_par' dir='ltr' id='par_1_34' title="bbox 2199 551 3866 628">
     <span class='ocr_line' id='line_1_34' title="bbox 2199 551 3866 628; baseline -0.004 -16"><span class='ocrx_word' id='word_1_252' title='bbox 2199 574 2266 612; x_wconf 90' lang='lat' dir='ltr'>ra</span> <span class='ocrx_word' id='word_1_253' title='bbox 2293 555 2538 612; x_wconf 88' lang='lat' dir='ltr'>visibilis</span> <span class='ocrx_word' id='word_1_254' title='bbox 2575 560 2632 612; x_wconf 90' lang='lat' dir='ltr'>et</span> <span class='ocrx_word' id='word_1_255' title='bbox 2662 553 2972 614; x_wconf 84' lang='lat' dir='ltr'>invisibilis</span> <span class='ocrx_word' id='word_1_256' title='bbox 3001 571 3106 628; x_wconf 78' lang='lat' dir='ltr'>per</span> <span class='ocrx_word' id='word_1_257' title='bbox 3133 569 3269 612; x_wconf 81' lang='lat' dir='ltr'>eum</span> <span class='ocrx_word' id='word_1_258' title='bbox 3298 553 3451 612; x_wconf 79' lang='lat' dir='ltr'>facta</span> <span class='ocrx_word' id='word_1_259' title='bbox 3471 551 3572 621; x_wconf 74' lang='lat' dir='ltr'>sit,</span> <span class='ocrx_word' id='word_1_260' title='bbox 3602 551 3866 610; x_wconf 74' lang='lat' dir='ltr'>ostendit</span> 
     </span>
    </p>
   </div>
   <div class='ocr_carea' id='block_1_35' title="bbox 2203 645 2442 702">
    <p class='ocr_par' dir='ltr' id='par_1_35' title="bbox 2203 645 2442 702">
     <span class='ocr_line' id='line_1_35' title="bbox 2203 645 2442 702; baseline -0.008 0"><span class='ocrx_word' id='word_1_261' title='bbox 2203 645 2404 702; x_wconf 89' lang='lat' dir='ltr'>dicens</span> <span class='ocrx_word' id='word_1_262' title='bbox 2429 663 2442 700; x_wconf 93' lang='lat'>:</span> 
     </span>
    </p>
   </div>
   <div class='ocr_carea' id='block_1_36' title="bbox 2271 731 3863 810">
    <p class='ocr_par' dir='ltr' id='par_1_36' title="bbox 2271 731 3863 810">
     <span class='ocr_line' id='line_1_36' title="bbox 2271 731 3863 810; baseline -0.005 -15"><span class='ocrx_word' id='word_1_263' title='bbox 2271 735 2480 795; x_wconf 76' lang='lat' dir='ltr'>Omnia</span> <span class='ocrx_word' id='word_1_264' title='bbox 2505 752 2611 808; x_wconf 77' lang='lat' dir='ltr'>per</span> <span class='ocrx_word' id='word_1_265' title='bbox 2635 736 2823 806; x_wconf 77' lang='lat' dir='ltr'>ipsum</span> <span class='ocrx_word' id='word_1_266' title='bbox 2848 734 3014 810; x_wconf 78' lang='lat' dir='ltr'>facta</span> <span class='ocrx_word' id='word_1_267' title='bbox 3031 743 3184 792; x_wconf 74' lang='lat' dir='ltr'>sunt.</span> <span class='ocrx_word' id='word_1_268' title='bbox 3212 734 3315 790; x_wconf 85' lang='lat' dir='ltr'>Est</span> <span class='ocrx_word' id='word_1_269' title='bbox 3342 736 3539 790; x_wconf 83' lang='lat' dir='ltr'>autem</span> <span class='ocrx_word' id='word_1_270' title='bbox 3573 731 3706 788; x_wconf 68' lang='lat' dir='ltr'>haec</span> <span class='ocrx_word' id='word_1_271' title='bbox 3733 749 3863 805; x_wconf 81' lang='lat' dir='ltr'>pars</span> 
     </span>
    </p>
   </div>
   <div class='ocr_carea' id='block_1_37' title="bbox 2203 821 3863 898">
    <p class='ocr_par' dir='ltr' id='par_1_37' title="bbox 2203 821 3863 898">
     <span class='ocr_line' id='line_1_37' title="bbox 2203 821 3863 898; baseline -0.002 -18"><span class='ocrx_word' id='word_1_272' title='bbox 2203 825 2482 896; x_wconf 88' lang='lat' dir='ltr'>secunda,</span> <span class='ocrx_word' id='word_1_273' title='bbox 2506 825 2564 880; x_wconf 90' lang='lat' dir='ltr'>in</span> <span class='ocrx_word' id='word_1_274' title='bbox 2587 842 2705 898; x_wconf 85' lang='lat' dir='ltr'>qua</span> <span class='ocrx_word' id='word_1_275' title='bbox 2733 825 2808 881; x_wconf 90' lang='lat' dir='ltr'>de</span> <span class='ocrx_word' id='word_1_276' title='bbox 2828 824 2928 881; x_wconf 89' lang='lat' dir='ltr'>Dei</span> <span class='ocrx_word' id='word_1_277' title='bbox 2948 823 3159 890; x_wconf 90' lang='lat' dir='ltr'>Verbo,</span> <span class='ocrx_word' id='word_1_278' title='bbox 3185 822 3300 880; x_wconf 77' lang='lat' dir='ltr'>tria</span> <span class='ocrx_word' id='word_1_279' title='bbox 3315 821 3460 878; x_wconf 80' lang='lat' dir='ltr'>dicit</span> <span class='ocrx_word' id='word_1_280' title='bbox 3479 821 3863 894; x_wconf 75' lang='lat' dir='ltr'>evangelista,</span> 
     </span>
    </p>
   </div>
   <div class='ocr_carea' id='block_1_38' title="bbox 2202 911 3863 986">
    <p class='ocr_par' dir='ltr' id='par_1_38' title="bbox 2202 911 3863 986">
     <span class='ocr_line' id='line_1_38' title="bbox 2202 911 3863 986; baseline -0.002 -16"><span class='ocrx_word' id='word_1_281' title='bbox 2202 913 2426 971; x_wconf 89' lang='lat' dir='ltr'>scilicet</span> <span class='ocrx_word' id='word_1_282' title='bbox 2455 930 2559 986; x_wconf 88' lang='lat' dir='ltr'>per</span> <span class='ocrx_word' id='word_1_283' title='bbox 2586 913 2733 970; x_wconf 90' lang='lat' dir='ltr'>illud</span> <span class='ocrx_word' id='word_1_284' title='bbox 2754 915 2974 971; x_wconf 82' lang='lat' dir='ltr'>factum</span> <span class='ocrx_word' id='word_1_285' title='bbox 3004 929 3132 970; x_wconf 87' lang='lat' dir='ltr'>esse</span> <span class='ocrx_word' id='word_1_286' title='bbox 3163 927 3335 969; x_wconf 84' lang='lat' dir='ltr'>omne</span> <span class='ocrx_word' id='word_1_287' title='bbox 3365 912 3614 979; x_wconf 81' lang='lat' dir='ltr'>bonum,</span> <span class='ocrx_word' id='word_1_288' title='bbox 3643 915 3712 968; x_wconf 70' lang='lat' dir='ltr'>ct</span> <span class='ocrx_word' id='word_1_289' title='bbox 3739 911 3863 968; x_wconf 76' lang='lat' dir='ltr'>nul-</span> 
     </span>
    </p>
   </div>
   <div class='ocr_carea' id='block_1_39' title="bbox 2202 1000 3858 1075">
    <p class='ocr_par' dir='ltr' id='par_1_39' title="bbox 2202 1000 3858 1075">
     <span class='ocr_line' id='line_1_39' title="bbox 2202 1000 3858 1075; baseline -0.002 -16"><span class='ocrx_word' id='word_1_290' title='bbox 2202 1002 2327 1059; x_wconf 89' lang='lat' dir='ltr'>lum</span> <span class='ocrx_word' id='word_1_291' title='bbox 2377 1003 2624 1071; x_wconf 89' lang='lat' dir='ltr'>malum,</span> <span class='ocrx_word' id='word_1_292' title='bbox 2675 1007 2733 1062; x_wconf 90' lang='lat' dir='ltr'>et</span> <span class='ocrx_word' id='word_1_293' title='bbox 2773 1003 2932 1075; x_wconf 91' lang='lat' dir='ltr'>quod</span> <span class='ocrx_word' id='word_1_294' title='bbox 2981 1003 3201 1058; x_wconf 84' lang='lat' dir='ltr'>factum</span> <span class='ocrx_word' id='word_1_295' title='bbox 3233 1005 3322 1058; x_wconf 78' lang='lat' dir='ltr'>est</span> <span class='ocrx_word' id='word_1_296' title='bbox 3369 1001 3431 1057; x_wconf 85' lang='lat' dir='ltr'>in</span> <span class='ocrx_word' id='word_1_297' title='bbox 3477 1004 3778 1074; x_wconf 79' lang='lat' dir='ltr'>tempore,</span> <span class='ocrx_word' id='word_1_298' title='bbox 3808 1000 3858 1056; x_wconf 87' lang='lat' dir='ltr'>in</span> 
     </span>
    </p>
   </div>
   <div class='ocr_carea' id='block_1_40' title="bbox 2200 1089 3856 1166">
    <p class='ocr_par' dir='ltr' id='par_1_40' title="bbox 2200 1089 3856 1166">
     <span class='ocr_line' id='line_1_40' title="bbox 2200 1089 3856 1166; baseline -0.001 -19"><span class='ocrx_word' id='word_1_299' title='bbox 2200 1091 2389 1148; x_wconf 86' lang='lat' dir='ltr'>Verbo</span> <span class='ocrx_word' id='word_1_300' title='bbox 2407 1109 2640 1166; x_wconf 88' lang='lat' dir='ltr'>semper</span> <span class='ocrx_word' id='word_1_301' title='bbox 2665 1091 2868 1150; x_wconf 87' lang='lat' dir='ltr'>fuisse.</span> <span class='ocrx_word' id='word_1_302' title='bbox 2903 1091 3078 1148; x_wconf 86' lang='lat' dir='ltr'>Porro</span> <span class='ocrx_word' id='word_1_303' title='bbox 3101 1107 3204 1163; x_wconf 89' lang='lat' dir='ltr'>per</span> <span class='ocrx_word' id='word_1_304' title='bbox 3221 1089 3416 1162; x_wconf 86' lang='lat' dir='ltr'>ipsum</span> <span class='ocrx_word' id='word_1_305' title='bbox 3439 1105 3621 1145; x_wconf 89' lang='lat' dir='ltr'>omne</span> <span class='ocrx_word' id='word_1_306' title='bbox 3640 1089 3856 1145; x_wconf 79' lang='lat' dir='ltr'>bonum</span> 
     </span>
    </p>
   </div>
   <div class='ocr_carea' id='block_1_41' title="bbox 2204 1178 3859 1250">
    <p class='ocr_par' dir='ltr' id='par_1_41' title="bbox 2204 1178 3859 1250">
     <span class='ocr_line' id='line_1_41' title="bbox 2204 1178 3859 1250; baseline -0.002 -14"><span class='ocrx_word' id='word_1_307' title='bbox 2204 1181 2426 1237; x_wconf 81' lang='lat' dir='ltr'>factum</span> <span class='ocrx_word' id='word_1_308' title='bbox 2456 1197 2584 1238; x_wconf 86' lang='lat' dir='ltr'>esse</span> <span class='ocrx_word' id='word_1_309' title='bbox 2607 1181 2766 1250; x_wconf 87' lang='lat' dir='ltr'>dicit,</span> <span class='ocrx_word' id='word_1_310' title='bbox 2794 1197 2930 1237; x_wconf 89' lang='lat' dir='ltr'>cum</span> <span class='ocrx_word' id='word_1_311' title='bbox 2950 1179 3127 1236; x_wconf 82' lang='lat' dir='ltr'>dicit:</span> <span class='ocrx_word' id='word_1_312' title='bbox 3163 1178 3360 1235; x_wconf 60' lang='lat' dir='ltr'>Gnatia</span> <span class='ocrx_word' id='word_1_313' title='bbox 3385 1185 3484 1250; x_wconf 78' lang='lat' dir='ltr'>per</span> <span class='ocrx_word' id='word_1_314' title='bbox 3513 1181 3706 1250; x_wconf 75' lang='lat' dir='ltr'>ipsum</span> <span class='ocrx_word' id='word_1_315' title='bbox 3723 1181 3859 1250; x_wconf 72' lang='lat' dir='ltr'>feda</span> 
     </span>
    </p>
   </div>
   <div class='ocr_carea' id='block_1_42' title="bbox 2200 1267 3857 1340">
    <p class='ocr_par' dir='ltr' id='par_1_42' title="bbox 2200 1267 3857 1340">
     <span class='ocr_line' id='line_1_42' title="bbox 2200 1267 3857 1340; baseline -0.002 -13"><span class='ocrx_word' id='word_1_316' title='bbox 2200 1279 2346 1327; x_wconf 77' lang='lat' dir='ltr'>sunt.</span> <span class='ocrx_word' id='word_1_317' title='bbox 2371 1271 2523 1327; x_wconf 82' lang='lat' dir='ltr'>Sane</span> <span class='ocrx_word' id='word_1_318' title='bbox 2538 1283 2673 1328; x_wconf 88' lang='lat' dir='ltr'>cum</span> <span class='ocrx_word' id='word_1_319' title='bbox 2697 1273 2889 1327; x_wconf 83' lang='lat' dir='ltr'>omnia</span> <span class='ocrx_word' id='word_1_320' title='bbox 2909 1269 3072 1338; x_wconf 88' lang='lat' dir='ltr'>dicit,</span> <span class='ocrx_word' id='word_1_321' title='bbox 3098 1267 3222 1325; x_wconf 91' lang='lat' dir='ltr'>nihi</span> <span class='ocrx_word' id='word_1_322' title='bbox 3243 1267 3473 1340; x_wconf 73' lang='lat' dir='ltr'>exeipit,</span> <span class='ocrx_word' id='word_1_323' title='bbox 3495 1268 3602 1324; x_wconf 86' lang='lat' dir='ltr'>sed</span> <span class='ocrx_word' id='word_1_324' title='bbox 3626 1283 3857 1324; x_wconf 71' lang='lat' dir='ltr'>omnem</span> 
     </span>
    </p>
   </div>
   <div class='ocr_carea' id='block_1_43' title="bbox 2205 1355 3858 1432">
    <p class='ocr_par' dir='ltr' id='par_1_43' title="bbox 2205 1355 3858 1432">
     <span class='ocr_line' id='line_1_43' title="bbox 2205 1355 3858 1432; baseline -0.004 -14"><span class='ocrx_word' id='word_1_325' title='bbox 2205 1364 2530 1418; x_wconf 90' lang='lat' dir='ltr'>creaturam</span> <span class='ocrx_word' id='word_1_326' title='bbox 2561 1359 3022 1432; x_wconf 85' lang='lat' dir='ltr'>comprehendit,</span> <span class='ocrx_word' id='word_1_327' title='bbox 3046 1363 3166 1415; x_wconf 83' lang='lat' dir='ltr'>tam</span> <span class='ocrx_word' id='word_1_328' title='bbox 3187 1355 3476 1414; x_wconf 79' lang='lat' dir='ltr'>visibilem</span> <span class='ocrx_word' id='word_1_329' title='bbox 3501 1373 3692 1429; x_wconf 83' lang='lat' dir='ltr'>quam</span> <span class='ocrx_word' id='word_1_330' title='bbox 3725 1355 3858 1412; x_wconf 50' lang='lat' dir='ltr'>invi.</span> 
     </span>
    </p>
   </div>
   <div class='ocr_carea' id='block_1_44' title="bbox 2207 1445 3860 1520">
    <p class='ocr_par' dir='ltr' id='par_1_44' title="bbox 2207 1445 3860 1520">
     <span class='ocr_line' id='line_1_44' title="bbox 2207 1445 3860 1520; baseline -0.003 -14"><span class='ocrx_word' id='word_1_331' title='bbox 2207 1448 2477 1506; x_wconf 89' lang='lat' dir='ltr'>sibilem:</span> <span class='ocrx_word' id='word_1_332' title='bbox 2529 1454 2648 1506; x_wconf 88' lang='lat' dir='ltr'>tam</span> <span class='ocrx_word' id='word_1_333' title='bbox 2699 1449 2968 1520; x_wconf 86' lang='lat' dir='ltr'>subjecta</span> <span class='ocrx_word' id='word_1_334' title='bbox 3017 1447 3360 1516; x_wconf 81' lang='lat' dir='ltr'>formarum,</span> <span class='ocrx_word' id='word_1_335' title='bbox 3412 1462 3596 1518; x_wconf 87' lang='lat' dir='ltr'>quam</span> <span class='ocrx_word' id='word_1_336' title='bbox 3645 1445 3860 1502; x_wconf 65' lang='lat' dir='ltr'>forms</span> 
     </span>
    </p>
   </div>
   <div class='ocr_carea' id='block_1_45' title="bbox 2206 1535 3862 1612">
    <p class='ocr_par' dir='ltr' id='par_1_45' title="bbox 2206 1535 3862 1612">
     <span class='ocr_line' id='line_1_45' title="bbox 2206 1535 3862 1612; baseline -0.004 -16"><span class='ocrx_word' id='word_1_337' title='bbox 2206 1539 2606 1612; x_wconf 82' lang='lat' dir='ltr'>subjectorum</span> <span class='ocrx_word' id='word_1_338' title='bbox 2633 1563 2648 1605; x_wconf 87' lang='lat'><strong>;</strong></span> <span class='ocrx_word' id='word_1_339' title='bbox 2689 1541 2808 1594; x_wconf 88' lang='lat' dir='ltr'>tam</span> <span class='ocrx_word' id='word_1_340' title='bbox 2842 1535 3079 1610; x_wconf 87' lang='lat' dir='ltr'>singula</span> <span class='ocrx_word' id='word_1_341' title='bbox 3105 1551 3409 1610; x_wconf 85' lang='lat' dir='ltr'>generum,</span> <span class='ocrx_word' id='word_1_342' title='bbox 3440 1551 3624 1608; x_wconf 82' lang='lat' dir='ltr'>quam</span> <span class='ocrx_word' id='word_1_343' title='bbox 3653 1550 3862 1609; x_wconf 65' lang='lat' dir='ltr'>genus</span> 
     </span>
    </p>
   </div>
   <div class='ocr_carea' id='block_1_46' title="bbox 2207 1626 3864 1700">
    <p class='ocr_par' dir='ltr' id='par_1_46' title="bbox 2207 1626 3864 1700">
     <span class='ocr_line' id='line_1_46' title="bbox 2207 1626 3864 1700; baseline -0.002 -14"><span class='ocrx_word' id='word_1_344' title='bbox 2207 1628 2575 1700; x_wconf 88' lang='lat' dir='ltr'>singulorum</span> <span class='ocrx_word' id='word_1_345' title='bbox 2592 1645 2606 1696; x_wconf 90' lang='lat'><strong>;</strong></span> <span class='ocrx_word' id='word_1_346' title='bbox 2622 1631 2741 1696; x_wconf 86' lang='lat' dir='ltr'>tam</span> <span class='ocrx_word' id='word_1_347' title='bbox 2757 1626 3122 1700; x_wconf 87' lang='lat' dir='ltr'>operationes</span> <span class='ocrx_word' id='word_1_348' title='bbox 3134 1642 3434 1699; x_wconf 84' lang='lat' dir='ltr'>generum,</span> <span class='ocrx_word' id='word_1_349' title='bbox 3450 1640 3630 1698; x_wconf 83' lang='lat' dir='ltr'>quam</span> <span class='ocrx_word' id='word_1_350' title='bbox 3655 1640 3864 1698; x_wconf 75' lang='lat' dir='ltr'>genere</span> 
     </span>
    </p>
   </div>
   <div class='ocr_carea' id='block_1_47' title="bbox 2206 1714 3865 1790">
    <p class='ocr_par' dir='ltr' id='par_1_47' title="bbox 2206 1714 3865 1790">
     <span class='ocr_line' id='line_1_47' title="bbox 2206 1714 3865 1790; baseline -0.002 -16"><span class='ocrx_word' id='word_1_351' title='bbox 2206 1717 2634 1790; x_wconf 89' lang='lat' dir='ltr'>operationum.</span> <span class='ocrx_word' id='word_1_352' title='bbox 2669 1716 2952 1788; x_wconf 86' lang='lat' dir='ltr'>Operatus</span> <span class='ocrx_word' id='word_1_353' title='bbox 2979 1720 3070 1773; x_wconf 84' lang='lat' dir='ltr'>est</span> <span class='ocrx_word' id='word_1_354' title='bbox 3097 1714 3256 1772; x_wconf 88' lang='lat' dir='ltr'>enim</span> <span class='ocrx_word' id='word_1_355' title='bbox 3306 1714 3507 1772; x_wconf 79' lang='lat' dir='ltr'>omnia</span> <span class='ocrx_word' id='word_1_356' title='bbox 3543 1715 3624 1771; x_wconf 83' lang='lat' dir='ltr'>ab</span> <span class='ocrx_word' id='word_1_357' title='bbox 3653 1721 3865 1772; x_wconf 69' lang='lat' dir='ltr'>eteae</span> 
     </span>
    </p>
   </div>
   <div class='ocr_carea' id='block_1_48' title="bbox 2131 1803 3866 1910">
    <p class='ocr_par' dir='ltr' id='par_1_48' title="bbox 2131 1803 3866 1910">
     <span class='ocr_line' id='line_1_48' title="bbox 2131 1803 3866 1910; baseline -0.002 -46"><span class='ocrx_word' id='word_1_358' title='bbox 2131 1844 2178 1910; x_wconf 84' lang='lat' dir='ltr'><strong>B</strong></span> <span class='ocrx_word' id='word_1_359' title='bbox 2207 1807 2266 1910; x_wconf 65' lang='lat' dir='ltr'>in</span> <span class='ocrx_word' id='word_1_360' title='bbox 2299 1806 2627 1879; x_wconf 71' lang='lat' dir='ltr'>praesentia.</span> <span class='ocrx_word' id='word_1_361' title='bbox 2655 1806 2812 1906; x_wconf 78' lang='lat' dir='ltr'>Unde</span> <span class='ocrx_word' id='word_1_362' title='bbox 2832 1809 2890 1862; x_wconf 88' lang='lat' dir='ltr'>et</span> <span class='ocrx_word' id='word_1_363' title='bbox 2919 1805 3077 1907; x_wconf 69' lang='lat' dir='ltr'>deeo</span> <span class='ocrx_word' id='word_1_364' title='bbox 3106 1803 3350 1910; x_wconf 38' lang='lat' dir='ltr'>legitur:</span> <span class='ocrx_word' id='word_1_365' title='bbox 3389 1804 3548 1910; x_wconf 52' lang='lat' dir='ltr'>«Qui</span> <span class='ocrx_word' id='word_1_366' title='bbox 3579 1805 3726 1862; x_wconf 80' lang='lat' dir='ltr'>facit</span> <span class='ocrx_word' id='word_1_367' title='bbox 3748 1822 3866 1878; x_wconf 67' lang='lat' dir='ltr'>qua</span> 
     </span>
    </p>
   </div>
   <div class='ocr_carea' id='block_1_49' title="bbox 2211 1894 3866 1964">
    <p class='ocr_par' dir='ltr' id='par_1_49' title="bbox 2211 1894 3866 1964">
     <span class='ocr_line' id='line_1_49' title="bbox 2211 1894 3866 1964; baseline 0 -13"><span class='ocrx_word' id='word_1_368' title='bbox 2211 1897 2411 1954; x_wconf 78' lang='lat' dir='ltr'>futura</span> <span class='ocrx_word' id='word_1_369' title='bbox 2458 1899 2618 1961; x_wconf 89' lang='lat' dir='ltr'>sunt,</span> <span class='ocrx_word' id='word_1_370' title='bbox 2668 1899 2726 1952; x_wconf 87' lang='lat' dir='ltr'>et</span> <span class='ocrx_word' id='word_1_371' title='bbox 2751 1895 2810 1950; x_wconf 88' lang='lat' dir='ltr'>in</span> <span class='ocrx_word' id='word_1_372' title='bbox 2855 1894 3199 1951; x_wconf 86' lang='lat' dir='ltr'>continenti.</span> <span class='ocrx_word' id='word_1_373' title='bbox 3223 1915 3252 1945; x_wconf 82' lang='lat'><strong>»</strong></span> <span class='ocrx_word' id='word_1_374' title='bbox 3287 1894 3437 1962; x_wconf 80' lang='lat' dir='ltr'>Quod</span> <span class='ocrx_word' id='word_1_375' title='bbox 3461 1895 3678 1964; x_wconf 72' lang='lat' dir='ltr'>factum</span> <span class='ocrx_word' id='word_1_376' title='bbox 3707 1903 3792 1952; x_wconf 70' lang='lat' dir='ltr'>est</span> <span class='ocrx_word' id='word_1_377' title='bbox 3815 1897 3866 1951; x_wconf 71' lang='lat' dir='ltr'>is</span> 
     </span>
    </p>
   </div>
   <div class='ocr_carea' id='block_1_50' title="bbox 2210 1982 3867 2058">
    <p class='ocr_par' dir='ltr' id='par_1_50' title="bbox 2210 1982 3867 2058">
     <span class='ocr_line' id='line_1_50' title="bbox 2210 1982 3867 2058; baseline -0.002 -16"><span class='ocrx_word' id='word_1_378' title='bbox 2210 1987 2326 2058; x_wconf 79' lang='lat' dir='ltr'>ipso</span> <span class='ocrx_word' id='word_1_379' title='bbox 2355 1987 2469 2040; x_wconf 81' lang='lat' dir='ltr'>vita</span> <span class='ocrx_word' id='word_1_380' title='bbox 2516 1993 2654 2042; x_wconf 78' lang='lat' dir='ltr'>erat.</span> <span class='ocrx_word' id='word_1_381' title='bbox 2703 1983 2989 2056; x_wconf 88' lang='lat' dir='ltr'>Operatus</span> <span class='ocrx_word' id='word_1_382' title='bbox 3038 1987 3128 2039; x_wconf 89' lang='lat' dir='ltr'>est</span> <span class='ocrx_word' id='word_1_383' title='bbox 3157 1982 3217 2038; x_wconf 91' lang='lat' dir='ltr'>in</span> <span class='ocrx_word' id='word_1_384' title='bbox 3265 1982 3577 2056; x_wconf 82' lang='lat' dir='ltr'>principio,</span> <span class='ocrx_word' id='word_1_385' title='bbox 3617 1984 3867 2040; x_wconf 76' lang='lat' dir='ltr'>creando</span> 
     </span>
    </p>
   </div>
   <div class='ocr_carea' id='block_1_51' title="bbox 2210 2071 3868 2146">
    <p class='ocr_par' dir='ltr' id='par_1_51' title="bbox 2210 2071 3868 2146">
     <span class='ocr_line' id='line_1_51' title="bbox 2210 2071 3868 2146; baseline -0.001 -16"><span class='ocrx_word' id='word_1_386' title='bbox 2210 2073 2410 2130; x_wconf 85' lang='lat' dir='ltr'>omnia</span> <span class='ocrx_word' id='word_1_387' title='bbox 2455 2090 2698 2146; x_wconf 89' lang='lat' dir='ltr'>corpora</span> <span class='ocrx_word' id='word_1_388' title='bbox 2727 2073 2786 2129; x_wconf 92' lang='lat' dir='ltr'>in</span> <span class='ocrx_word' id='word_1_389' title='bbox 2819 2071 3083 2130; x_wconf 86' lang='lat' dir='ltr'>materia.</span> <span class='ocrx_word' id='word_1_390' title='bbox 3124 2071 3286 2128; x_wconf 89' lang='lat' dir='ltr'>Unde</span> <span class='ocrx_word' id='word_1_391' title='bbox 3309 2071 3559 2145; x_wconf 83' lang='lat' dir='ltr'>legitur:</span> <span class='ocrx_word' id='word_1_392' title='bbox 3598 2074 3718 2142; x_wconf 79' lang='lat' dir='ltr'>Qui</span> <span class='ocrx_word' id='word_1_393' title='bbox 3743 2075 3868 2129; x_wconf 68' lang='lat' dir='ltr'>viui!</span> 
     </span>
    </p>
   </div>
   <div class='ocr_carea' id='block_1_52' title="bbox 2211 2162 3868 2236">
    <p class='ocr_par' dir='ltr' id='par_1_52' title="bbox 2211 2162 3868 2236">
     <span class='ocr_line' id='line_1_52' title="bbox 2211 2162 3868 2236; baseline -0.002 -16"><span class='ocrx_word' id='word_1_394' title='bbox 2211 2167 2272 2220; x_wconf 80' lang='lat' dir='ltr'>in</span> <span class='ocrx_word' id='word_1_395' title='bbox 2298 2173 2590 2230; x_wconf 64' lang='lat' dir='ltr'>wtemum,</span> <span class='ocrx_word' id='word_1_396' title='bbox 2621 2164 2828 2220; x_wconf 80' lang='lat' dir='ltr'>ereavit</span> <span class='ocrx_word' id='word_1_397' title='bbox 2856 2165 3046 2220; x_wconf 78' lang='lat' dir='ltr'>omnia</span> <span class='ocrx_word' id='word_1_398' title='bbox 3071 2162 3238 2219; x_wconf 75' lang='lat' dir='ltr'>simul</span> <span class='ocrx_word' id='word_1_399' title='bbox 3281 2162 3469 2233; x_wconf 66' lang='lat' dir='ltr'>(Eceli.</span> <span class='ocrx_word' id='word_1_400' title='bbox 3499 2165 3700 2232; x_wconf 68' lang='lat' dir='ltr'>nun.)</span> <span class='ocrx_word' id='word_1_401' title='bbox 3731 2162 3868 2236; x_wconf 77' lang='lat' dir='ltr'>Ope-</span> 
     </span>
    </p>
   </div>
   <div class='ocr_carea' id='block_1_53' title="bbox 2213 2251 3866 2324">
    <p class='ocr_par' dir='ltr' id='par_1_53' title="bbox 2213 2251 3866 2324">
     <span class='ocr_line' id='line_1_53' title="bbox 2213 2251 3866 2324; baseline -0.001 -15"><span class='ocrx_word' id='word_1_402' title='bbox 2213 2258 2375 2310; x_wconf 87' lang='lat' dir='ltr'>ratus</span> <span class='ocrx_word' id='word_1_403' title='bbox 2405 2256 2494 2309; x_wconf 90' lang='lat' dir='ltr'>est</span> <span class='ocrx_word' id='word_1_404' title='bbox 2521 2268 2625 2324; x_wconf 86' lang='lat' dir='ltr'>per</span> <span class='ocrx_word' id='word_1_405' title='bbox 2643 2269 2745 2310; x_wconf 86' lang='lat' dir='ltr'>sex</span> <span class='ocrx_word' id='word_1_406' title='bbox 2774 2252 2920 2321; x_wconf 90' lang='lat' dir='ltr'>dies,</span> <span class='ocrx_word' id='word_1_407' title='bbox 2943 2251 3360 2324; x_wconf 87' lang='lat' dir='ltr'>distinguendo</span> <span class='ocrx_word' id='word_1_408' title='bbox 3383 2255 3444 2307; x_wconf 89' lang='lat' dir='ltr'>et</span> <span class='ocrx_word' id='word_1_409' title='bbox 3467 2251 3788 2308; x_wconf 73' lang='lat' dir='ltr'>formando</span> <span class='ocrx_word' id='word_1_410' title='bbox 3803 2253 3866 2308; x_wconf 80' lang='lat' dir='ltr'>de</span> 
     </span>
    </p>
   </div>
   <div class='ocr_carea' id='block_1_54' title="bbox 2213 2341 3866 2414">
    <p class='ocr_par' dir='ltr' id='par_1_54' title="bbox 2213 2341 3866 2414">
     <span class='ocr_line' id='line_1_54' title="bbox 2213 2341 3866 2414; baseline -0.001 -15"><span class='ocrx_word' id='word_1_411' title='bbox 2213 2341 2516 2400; x_wconf 88' lang='lat' dir='ltr'>elementis</span> <span class='ocrx_word' id='word_1_412' title='bbox 2545 2358 2724 2398; x_wconf 86' lang='lat' dir='ltr'>novas</span> <span class='ocrx_word' id='word_1_413' title='bbox 2751 2357 2948 2398; x_wconf 86' lang='lat' dir='ltr'>rerum</span> <span class='ocrx_word' id='word_1_414' title='bbox 2980 2341 3224 2414; x_wconf 87' lang='lat' dir='ltr'>species.</span> <span class='ocrx_word' id='word_1_415' title='bbox 3256 2341 3303 2396; x_wconf 85' lang='lat' dir='ltr'><strong>A</strong></span> <span class='ocrx_word' id='word_1_416' title='bbox 3330 2353 3591 2412; x_wconf 80' lang='lat' dir='ltr'>quarum</span> <span class='ocrx_word' id='word_1_417' title='bbox 3621 2342 3866 2398; x_wconf 72' lang='lat' dir='ltr'>novitate</span> 
     </span>
    </p>
   </div>
   <div class='ocr_carea' id='block_1_55' title="bbox 2213 2429 3865 2507">
    <p class='ocr_par' dir='ltr' id='par_1_55' title="bbox 2213 2429 3865 2507">
     <span class='ocr_line' id='line_1_55' title="bbox 2213 2429 3865 2507; baseline -0.001 -18"><span class='ocrx_word' id='word_1_418' title='bbox 2213 2431 2426 2507; x_wconf 85' lang='lat' dir='ltr'>legitur</span> <span class='ocrx_word' id='word_1_419' title='bbox 2456 2433 2516 2488; x_wconf 89' lang='lat' dir='ltr'>in</span> <span class='ocrx_word' id='word_1_420' title='bbox 2563 2431 2656 2488; x_wconf 90' lang='lat' dir='ltr'>die</span> <span class='ocrx_word' id='word_1_421' title='bbox 2687 2431 2927 2490; x_wconf 88' lang='lat' dir='ltr'>Sabhati</span> <span class='ocrx_word' id='word_1_422' title='bbox 2957 2429 3247 2503; x_wconf 82' lang='lat' dir='ltr'>quievisse</span> <span class='ocrx_word' id='word_1_423' title='bbox 3277 2429 3425 2501; x_wconf 73' lang='lat' dir='ltr'>(Gen.</span> <span class='ocrx_word' id='word_1_424' title='bbox 3459 2431 3553 2497; x_wconf 77' lang='grc' dir='ltr'>ιι.)</span> <span class='ocrx_word' id='word_1_425' title='bbox 3585 2430 3865 2503; x_wconf 71' lang='lat' dir='ltr'>Oper-atm-</span> 
     </span>
    </p>
   </div>
   <div class='ocr_carea' id='block_1_56' title="bbox 2214 2516 3864 2594">
    <p class='ocr_par' dir='ltr' id='par_1_56' title="bbox 2214 2516 3864 2594">
     <span class='ocr_line' id='line_1_56' title="bbox 2214 2516 3864 2594; baseline -0.002 -16"><span class='ocrx_word' id='word_1_426' title='bbox 2214 2527 2271 2578; x_wconf 91' lang='lat' dir='ltr'>et</span> <span class='ocrx_word' id='word_1_427' title='bbox 2301 2523 2494 2580; x_wconf 88' lang='lat' dir='ltr'>adhuc</span> <span class='ocrx_word' id='word_1_428' title='bbox 2515 2523 2712 2580; x_wconf 90' lang='lat' dir='ltr'>omnia</span> <span class='ocrx_word' id='word_1_429' title='bbox 2732 2517 3132 2594; x_wconf 88' lang='lat' dir='ltr'>gubernando,</span> <span class='ocrx_word' id='word_1_430' title='bbox 3161 2522 3218 2575; x_wconf 90' lang='lat' dir='ltr'>et</span> <span class='ocrx_word' id='word_1_431' title='bbox 3241 2516 3460 2574; x_wconf 85' lang='lat' dir='ltr'>similia</span> <span class='ocrx_word' id='word_1_432' title='bbox 3477 2517 3551 2574; x_wconf 86' lang='lat' dir='ltr'>de</span> <span class='ocrx_word' id='word_1_433' title='bbox 3571 2517 3864 2575; x_wconf 79' lang='lat' dir='ltr'>similibus</span> 
     </span>
    </p>
   </div>
   <div class='ocr_carea' id='block_1_57' title="bbox 2215 2607 3864 2686">
    <p class='ocr_par' dir='ltr' id='par_1_57' title="bbox 2215 2607 3864 2686">
     <span class='ocr_line' id='line_1_57' title="bbox 2215 2607 3864 2686; baseline -0.004 -18"><span class='ocrx_word' id='word_1_434' title='bbox 2215 2615 2615 2686; x_wconf 87' lang='lat' dir='ltr'>propagando,</span> <span class='ocrx_word' id='word_1_435' title='bbox 2663 2616 2721 2668; x_wconf 91' lang='lat' dir='ltr'>et</span> <span class='ocrx_word' id='word_1_436' title='bbox 2773 2625 2951 2665; x_wconf 89' lang='lat' dir='ltr'>novas</span> <span class='ocrx_word' id='word_1_437' title='bbox 3008 2607 3237 2665; x_wconf 87' lang='lat' dir='ltr'>animas</span> <span class='ocrx_word' id='word_1_438' title='bbox 3285 2607 3672 2679; x_wconf 80' lang='lat' dir='ltr'>procreanda.</span> <span class='ocrx_word' id='word_1_439' title='bbox 3715 2607 3864 2664; x_wconf 75' lang='lat' dir='ltr'>Uade</span> 
     </span>
    </p>
   </div>
   <div class='ocr_carea' id='block_1_58' title="bbox 2213 2696 3864 2774">
    <p class='ocr_par' dir='ltr' id='par_1_58' title="bbox 2213 2696 3864 2774">
     <span class='ocr_line' id='line_1_58' title="bbox 2213 2696 3864 2774; baseline -0.002 -18"><span class='ocrx_word' id='word_1_440' title='bbox 2213 2701 2340 2774; x_wconf 89' lang='lat' dir='ltr'>ipse</span> <span class='ocrx_word' id='word_1_441' title='bbox 2371 2703 2513 2760; x_wconf 85' lang='lat' dir='ltr'>dicit</span> <span class='ocrx_word' id='word_1_442' title='bbox 2539 2720 2552 2758; x_wconf 89' lang='lat'>:</span> <span class='ocrx_word' id='word_1_443' title='bbox 2602 2705 2766 2758; x_wconf 76' lang='lat' dir='ltr'>Pater</span> <span class='ocrx_word' id='word_1_444' title='bbox 2791 2714 2944 2756; x_wconf 75' lang='lat' dir='ltr'>meus</span> <span class='ocrx_word' id='word_1_445' title='bbox 2973 2713 3142 2769; x_wconf 70' lang='lat' dir='ltr'>usque</span> <span class='ocrx_word' id='word_1_446' title='bbox 3168 2696 3326 2753; x_wconf 79' lang='lat' dir='ltr'>modo</span> <span class='ocrx_word' id='word_1_447' title='bbox 3369 2705 3656 2768; x_wconf 67' lang='lat' dir='ltr'>operatur,</span> <span class='ocrx_word' id='word_1_448' title='bbox 3685 2705 3742 2754; x_wconf 73' lang='lat' dir='ltr'>et</span> <span class='ocrx_word' id='word_1_449' title='bbox 3779 2713 3864 2766; x_wconf 69' lang='grc' dir='ltr'>ηρ</span> 
     </span>
    </p>
   </div>
   <div class='ocr_carea' id='block_1_59' title="bbox 2170 2784 3864 2864">
    <p class='ocr_par' dir='ltr' id='par_1_59' title="bbox 2170 2784 3864 2864">
     <span class='ocr_line' id='line_1_59' title="bbox 2170 2784 3864 2864; baseline -0.005 -14"><span class='ocrx_word' id='word_1_450' title='bbox 2170 2832 2184 2851; x_wconf 74' lang='grc' dir='ltr'><em>ι</em></span> <span class='ocrx_word' id='word_1_451' title='bbox 2215 2807 2406 2864; x_wconf 87' lang='lat' dir='ltr'>operor</span> <span class='ocrx_word' id='word_1_452' title='bbox 2437 2793 2614 2862; x_wconf 80' lang='lat' dir='ltr'>(Joan.</span> <span class='ocrx_word' id='word_1_453' title='bbox 2647 2789 2726 2863; x_wconf 88' lang='lat' dir='ltr'>v.)</span> <span class='ocrx_word' id='word_1_454' title='bbox 2759 2789 3046 2861; x_wconf 87' lang='lat' dir='ltr'>Operatur</span> <span class='ocrx_word' id='word_1_455' title='bbox 3075 2800 3308 2858; x_wconf 83' lang='lat' dir='ltr'>quoque</span> <span class='ocrx_word' id='word_1_456' title='bbox 3339 2799 3443 2856; x_wconf 82' lang='lat' dir='ltr'>per</span> <span class='ocrx_word' id='word_1_457' title='bbox 3473 2784 3864 2844; x_wconf 77' lang='lat' dir='ltr'>ministerium</span> 
     </span>
    </p>
   </div>
   <div class='ocr_carea' id='block_1_60' title="bbox 2217 2874 3869 2951">
    <p class='ocr_par' dir='ltr' id='par_1_60' title="bbox 2217 2874 3869 2951">
     <span class='ocr_line' id='line_1_60' title="bbox 2217 2874 3869 2951; baseline -0.002 -15"><span class='ocrx_word' id='word_1_458' title='bbox 2217 2879 2530 2937; x_wconf 78' lang='lat' dir='ltr'>artificum.</span> <span class='ocrx_word' id='word_1_459' title='bbox 2566 2880 2729 2937; x_wconf 87' lang='lat' dir='ltr'>Unde</span> <span class='ocrx_word' id='word_1_460' title='bbox 2757 2877 3005 2951; x_wconf 86' lang='lat' dir='ltr'>legitur:</span> <span class='ocrx_word' id='word_1_461' title='bbox 3039 2875 3166 2931; x_wconf 71' lang='lat' dir='ltr'>Nisi</span> <span class='ocrx_word' id='word_1_462' title='bbox 3189 2874 3464 2932; x_wconf 71' lang='lat' dir='ltr'>Dominus</span> <span class='ocrx_word' id='word_1_463' title='bbox 3494 2874 3869 2948; x_wconf 57' lang='lat' dir='ltr'>tdiﬁaauen‘t</span> 
     </span>
    </p>
   </div>
   <div class='ocr_carea' id='block_1_61' title="bbox 2215 2963 3868 3037">
    <p class='ocr_par' dir='ltr' id='par_1_61' title="bbox 2215 2963 3868 3037">
     <span class='ocr_line' id='line_1_61' title="bbox 2215 2963 3868 3037; baseline -0.004 -11"><span class='ocrx_word' id='word_1_464' title='bbox 2215 2972 2465 3037; x_wconf 87' lang='lat' dir='ltr'>domum,</span> <span class='ocrx_word' id='word_1_465' title='bbox 2495 2971 2554 3026; x_wconf 79' lang='lat' dir='ltr'>in</span> <span class='ocrx_word' id='word_1_466' title='bbox 2583 2983 2796 3026; x_wconf 72' lang='lat' dir='ltr'>vanum</span> <span class='ocrx_word' id='word_1_467' title='bbox 2846 2965 3261 3024; x_wconf 62' lang='lat' dir='ltr'>laboraverim!</span> <span class='ocrx_word' id='word_1_468' title='bbox 3287 2964 3384 3036; x_wconf 79' lang='lat' dir='ltr'>qui</span> <span class='ocrx_word' id='word_1_469' title='bbox 3409 2963 3734 3037; x_wconf 58' lang='lat' dir='ltr'>wdiﬁcaau</span> <span class='ocrx_word' id='word_1_470' title='bbox 3753 2979 3868 3028; x_wconf 69' lang='lat' dir='ltr'>em</span> 
     </span>
    </p>
   </div>
   <div class='ocr_carea' id='block_1_62' title="bbox 2217 3051 3869 3130">
    <p class='ocr_par' dir='ltr' id='par_1_62' title="bbox 2217 3051 3869 3130">
     <span class='ocr_line' id='line_1_62' title="bbox 2217 3051 3869 3130; baseline -0.003 -15"><span class='ocrx_word' id='word_1_471' title='bbox 2217 3060 2400 3129; x_wconf 69' lang='lat' dir='ltr'>(Paul.</span> <span class='ocrx_word' id='word_1_472' title='bbox 2423 3058 2668 3130; x_wconf 70' lang='lat' dir='ltr'>cxxxvx.)</span> <span class='ocrx_word' id='word_1_473' title='bbox 2689 3056 2974 3130; x_wconf 90' lang='lat' dir='ltr'>Opcratus</span> <span class='ocrx_word' id='word_1_474' title='bbox 2995 3058 3090 3110; x_wconf 84' lang='lat' dir='ltr'>est</span> <span class='ocrx_word' id='word_1_475' title='bbox 3107 3057 3167 3110; x_wconf 91' lang='lat' dir='ltr'>et</span> <span class='ocrx_word' id='word_1_476' title='bbox 3187 3052 3247 3110; x_wconf 88' lang='lat' dir='ltr'>in</span> <span class='ocrx_word' id='word_1_477' title='bbox 3269 3051 3643 3127; x_wconf 81' lang='lat' dir='ltr'>plenitudine</span> <span class='ocrx_word' id='word_1_478' title='bbox 3660 3059 3869 3126; x_wconf 69' lang='lat' dir='ltr'>temp-</span> 
     </span>
    </p>
   </div>
   <div class='ocr_carea' id='block_1_63' title="bbox 454 3141 3870 3216">
    <p class='ocr_par' dir='ltr' id='par_1_63' title="bbox 454 3141 3870 3216">
     <span class='ocr_line' id='line_1_63' title="bbox 454 3141 3870 3216; baseline -0.001 -18"><span class='ocrx_word' id='word_1_479' title='bbox 454 3143 748 3199; x_wconf 89' lang='lat' dir='ltr'>dicerent:</span> <span class='ocrx_word' id='word_1_480' title='bbox 777 3165 804 3193; x_wconf 78' lang='grc' dir='ltr'>κ</span> <span class='ocrx_word' id='word_1_481' title='bbox 821 3142 880 3199; x_wconf 91' lang='lat' dir='ltr'>Si</span> <span class='ocrx_word' id='word_1_482' title='bbox 907 3142 1089 3199; x_wconf 84' lang='lat' dir='ltr'>Filius</span> <span class='ocrx_word' id='word_1_483' title='bbox 1111 3143 1212 3200; x_wconf 89' lang='lat' dir='ltr'>Dei</span> <span class='ocrx_word' id='word_1_484' title='bbox 1241 3147 1412 3199; x_wconf 89' lang='lat' dir='ltr'>natus</span> <span class='ocrx_word' id='word_1_485' title='bbox 1443 3146 1550 3210; x_wconf 91' lang='lat' dir='ltr'>est,</span> <span class='ocrx_word' id='word_1_486' title='bbox 1575 3160 1711 3215; x_wconf 91' lang='lat' dir='ltr'>ergo</span> <span class='ocrx_word' id='word_1_487' title='bbox 1742 3159 1857 3198; x_wconf 92' lang='lat' dir='ltr'>non</span> <span class='ocrx_word' id='word_1_488' title='bbox 1881 3151 2111 3213; x_wconf 89' lang='lat' dir='ltr'>semper</span> <span class='ocrx_word' id='word_1_489' title='bbox 2219 3166 2350 3205; x_wconf 75' lang='lat' dir='ltr'>rum</span> <span class='ocrx_word' id='word_1_490' title='bbox 2384 3147 2635 3204; x_wconf 74' lang='lat' dir='ltr'>salutem</span> <span class='ocrx_word' id='word_1_491' title='bbox 2667 3143 3257 3216; x_wconf 75' lang='lat' dir='ltr'>nostram.0peratus</span> <span class='ocrx_word' id='word_1_492' title='bbox 3289 3147 3398 3209; x_wconf 86' lang='lat' dir='ltr'>est,</span> <span class='ocrx_word' id='word_1_493' title='bbox 3429 3145 3487 3199; x_wconf 85' lang='lat' dir='ltr'>et</span> <span class='ocrx_word' id='word_1_494' title='bbox 3515 3141 3723 3200; x_wconf 78' lang='lat' dir='ltr'>adhuc</span> <span class='ocrx_word' id='word_1_495' title='bbox 3747 3158 3870 3216; x_wconf 77' lang='lat' dir='ltr'>ape-</span> 
     </span>
    </p>
   </div>
   <div class='ocr_carea' id='block_1_64' title="bbox 453 3217 3869 3310">
    <p class='ocr_par' dir='ltr' id='par_1_64' title="bbox 453 3217 3869 3310">
     <span class='ocr_line' id='line_1_64' title="bbox 453 3217 3869 3310; baseline 0 -23"><span class='ocrx_word' id='word_1_496' title='bbox 453 3231 613 3288; x_wconf 82' lang='lat' dir='ltr'>fuit»</span> <span class='ocrx_word' id='word_1_497' title='bbox 653 3233 767 3288; x_wconf 81' lang='lat' dir='ltr'>Hos</span> <span class='ocrx_word' id='word_1_498' title='bbox 799 3232 860 3286; x_wconf 91' lang='lat' dir='ltr'>in</span> <span class='ocrx_word' id='word_1_499' title='bbox 891 3231 1176 3304; x_wconf 87' lang='lat' dir='ltr'>principio</span> <span class='ocrx_word' id='word_1_500' title='bbox 1207 3231 1504 3304; x_wconf 88' lang='lat' dir='ltr'>redarguit</span> <span class='ocrx_word' id='word_1_501' title='bbox 1535 3230 1774 3288; x_wconf 91' lang='lat' dir='ltr'>dicens:</span> <span class='ocrx_word' id='word_1_502' title='bbox 1804 3233 1863 3287; x_wconf 79' lang='lat' dir='ltr'>In</span> <span class='ocrx_word' id='word_1_503' title='bbox 1892 3231 2106 3302; x_wconf 77' lang='lat' dir='ltr'>princi-</span> <span class='ocrx_word' id='word_1_504' title='bbox 2133 3217 2181 3284; x_wconf 82' lang='lat' dir='ltr'>C</span> <span class='ocrx_word' id='word_1_505' title='bbox 2218 3243 2382 3294; x_wconf 66' lang='lat' dir='ltr'>ratur</span> <span class='ocrx_word' id='word_1_506' title='bbox 2410 3236 2670 3310; x_wconf 73' lang='lat' dir='ltr'>quotidie</span> <span class='ocrx_word' id='word_1_507' title='bbox 2698 3251 2876 3308; x_wconf 82' lang='lat' dir='ltr'>opera</span> <span class='ocrx_word' id='word_1_508' title='bbox 2893 3232 3334 3301; x_wconf 85' lang='lat' dir='ltr'>miraculorum,</span> <span class='ocrx_word' id='word_1_509' title='bbox 3366 3249 3544 3305; x_wconf 82' lang='lat' dir='ltr'>opera</span> <span class='ocrx_word' id='word_1_510' title='bbox 3559 3232 3869 3296; x_wconf 70' lang='lat' dir='ltr'>virtutum.</span> 
     </span>
    </p>
   </div>
   <div class='ocr_carea' id='block_1_65' title="bbox 449 3319 2106 3395">
    <p class='ocr_par' dir='ltr' id='par_1_65' title="bbox 449 3319 2106 3395">
     <span class='ocr_line' id='line_1_65' title="bbox 449 3319 2106 3395; baseline -0.002 -17"><span class='ocrx_word' id='word_1_511' title='bbox 449 3324 542 3395; x_wconf 78' lang='lat' dir='ltr'>pio</span> <span class='ocrx_word' id='word_1_512' title='bbox 573 3329 688 3378; x_wconf 80' lang='lat' dir='ltr'>erat</span> <span class='ocrx_word' id='word_1_513' title='bbox 723 3323 970 3380; x_wconf 85' lang='lat' dir='ltr'>Verbum.</span> <span class='ocrx_word' id='word_1_514' title='bbox 1008 3321 1267 3377; x_wconf 84' lang='lat' dir='ltr'>Fuerunt</span> <span class='ocrx_word' id='word_1_515' title='bbox 1296 3337 1502 3377; x_wconf 88' lang='lat' dir='ltr'>rursus</span> <span class='ocrx_word' id='word_1_516' title='bbox 1533 3319 1787 3376; x_wconf 66' lang='lat' dir='ltr'>haeretici</span> <span class='ocrx_word' id='word_1_517' title='bbox 1818 3319 1917 3392; x_wconf 89' lang='lat' dir='ltr'>qui</span> <span class='ocrx_word' id='word_1_518' title='bbox 1952 3319 2106 3375; x_wconf 90' lang='lat' dir='ltr'>dice-</span> 
     </span>
    </p>
   </div>
   <div class='ocr_carea' id='block_1_66' title="bbox 454 3407 2107 3482">
    <p class='ocr_par' dir='ltr' id='par_1_66' title="bbox 454 3407 2107 3482">
     <span class='ocr_line' id='line_1_66' title="bbox 454 3407 2107 3482; baseline -0.002 -15"><span class='ocrx_word' id='word_1_519' title='bbox 454 3416 624 3468; x_wconf 90' lang='lat' dir='ltr'>rent:</span> <span class='ocrx_word' id='word_1_520' title='bbox 660 3433 687 3461; x_wconf 91' lang='grc'>‹‹</span> <span class='ocrx_word' id='word_1_521' title='bbox 722 3410 881 3466; x_wconf 91' lang='lat' dir='ltr'>Idem</span> <span class='ocrx_word' id='word_1_522' title='bbox 916 3411 1067 3466; x_wconf 89' lang='lat' dir='ltr'>Deus</span> <span class='ocrx_word' id='word_1_523' title='bbox 1109 3409 1423 3482; x_wconf 90' lang='lat' dir='ltr'>aliquando</span> <span class='ocrx_word' id='word_1_524' title='bbox 1454 3413 1542 3466; x_wconf 88' lang='lat' dir='ltr'>est</span> <span class='ocrx_word' id='word_1_525' title='bbox 1575 3409 1759 3476; x_wconf 90' lang='lat' dir='ltr'>Pater,</span> <span class='ocrx_word' id='word_1_526' title='bbox 1792 3407 2107 3480; x_wconf 82' lang='lat' dir='ltr'>aliquando</span> 
     </span>
    </p>
   </div>
   <div class='ocr_carea' id='block_1_67' title="bbox 453 3497 2109 3571">
    <p class='ocr_par' dir='ltr' id='par_1_67' title="bbox 453 3497 2109 3571">
     <span class='ocr_line' id='line_1_67' title="bbox 453 3497 2109 3571; baseline -0.001 -15"><span class='ocrx_word' id='word_1_527' title='bbox 453 3501 656 3567; x_wconf 87' lang='lat' dir='ltr'>Filius,</span> <span class='ocrx_word' id='word_1_528' title='bbox 709 3499 1023 3570; x_wconf 88' lang='lat' dir='ltr'>aliquando</span> <span class='ocrx_word' id='word_1_529' title='bbox 1075 3497 1330 3571; x_wconf 90' lang='lat' dir='ltr'>Spiritus</span> <span class='ocrx_word' id='word_1_530' title='bbox 1377 3503 1689 3555; x_wconf 82' lang='lat' dir='ltr'>sanctus.»</span> <span class='ocrx_word' id='word_1_531' title='bbox 1729 3499 1847 3555; x_wconf 88' lang='lat' dir='ltr'>Hoc</span> <span class='ocrx_word' id='word_1_532' title='bbox 1877 3514 2109 3571; x_wconf 89' lang='lat' dir='ltr'>quoque</span> 
     </span>
    </p>
   </div>
   <div class='ocr_carea' id='block_1_68' title="bbox 455 3587 2105 3660">
    <p class='ocr_par' dir='ltr' id='par_1_68' title="bbox 455 3587 2105 3660">
     <span class='ocr_line' id='line_1_68' title="bbox 455 3587 2105 3660; baseline -0.002 -15"><span class='ocrx_word' id='word_1_533' title='bbox 455 3589 720 3645; x_wconf 75' lang='lat' dir='ltr'>confutet</span> <span class='ocrx_word' id='word_1_534' title='bbox 751 3605 884 3644; x_wconf 92' lang='lat' dir='ltr'>cum</span> <span class='ocrx_word' id='word_1_535' title='bbox 909 3588 1242 3660; x_wconf 88' lang='lat' dir='ltr'>subjungit:</span> <span class='ocrx_word' id='word_1_536' title='bbox 1266 3589 1332 3644; x_wconf 87' lang='lat' dir='ltr'>Et</span> <span class='ocrx_word' id='word_1_537' title='bbox 1355 3589 1582 3645; x_wconf 82' lang='lat' dir='ltr'>Verbum</span> <span class='ocrx_word' id='word_1_538' title='bbox 1606 3596 1725 3644; x_wconf 80' lang='lat' dir='ltr'>erat</span> <span class='ocrx_word' id='word_1_539' title='bbox 1749 3587 1895 3659; x_wconf 83' lang='lat' dir='ltr'>apud</span> <span class='ocrx_word' id='word_1_540' title='bbox 1914 3589 2105 3644; x_wconf 88' lang='lat' dir='ltr'>Deum.</span> 
     </span>
    </p>
   </div>
   <div class='ocr_carea' id='block_1_69' title="bbox 455 3676 2107 3748">
    <p class='ocr_par' dir='ltr' id='par_1_69' title="bbox 455 3676 2107 3748">
     <span class='ocr_line' id='line_1_69' title="bbox 455 3676 2107 3748; baseline -0.002 -15"><span class='ocrx_word' id='word_1_541' title='bbox 455 3678 712 3733; x_wconf 88' lang='lat' dir='ltr'>Fuerunt</span> <span class='ocrx_word' id='word_1_542' title='bbox 742 3693 946 3732; x_wconf 89' lang='lat' dir='ltr'>rursus</span> <span class='ocrx_word' id='word_1_543' title='bbox 976 3676 1251 3748; x_wconf 62' lang='lat' dir='ltr'>hieretici,</span> <span class='ocrx_word' id='word_1_544' title='bbox 1304 3677 1404 3748; x_wconf 92' lang='lat' dir='ltr'>qui</span> <span class='ocrx_word' id='word_1_545' title='bbox 1435 3681 1492 3732; x_wconf 92' lang='lat' dir='ltr'>et</span> <span class='ocrx_word' id='word_1_546' title='bbox 1522 3676 1570 3733; x_wconf 89' lang='lat' dir='ltr'>si</span> <span class='ocrx_word' id='word_1_547' title='bbox 1601 3677 1859 3733; x_wconf 87' lang='lat' dir='ltr'>dicerent</span> <span class='ocrx_word' id='word_1_548' title='bbox 1893 3676 2107 3732; x_wconf 86' lang='lat' dir='ltr'>Filium</span> 
     </span>
    </p>
   </div>
   <div class='ocr_carea' id='block_1_70' title="bbox 455 3765 2103 3836">
    <p class='ocr_par' dir='ltr' id='par_1_70' title="bbox 455 3765 2103 3836">
     <span class='ocr_line' id='line_1_70' title="bbox 455 3765 2103 3836; baseline -0.001 -14"><span class='ocrx_word' id='word_1_549' title='bbox 455 3766 556 3822; x_wconf 89' lang='lat' dir='ltr'>Dei</span> <span class='ocrx_word' id='word_1_550' title='bbox 590 3769 646 3821; x_wconf 93' lang='lat' dir='ltr'>et</span> <span class='ocrx_word' id='word_1_551' title='bbox 693 3781 923 3836; x_wconf 89' lang='lat' dir='ltr'>semper</span> <span class='ocrx_word' id='word_1_552' title='bbox 969 3765 1151 3820; x_wconf 90' lang='lat' dir='ltr'>alium</span> <span class='ocrx_word' id='word_1_553' title='bbox 1183 3783 1216 3820; x_wconf 89' lang='lat' dir='ltr'>a</span> <span class='ocrx_word' id='word_1_554' title='bbox 1251 3765 1416 3820; x_wconf 89' lang='lat' dir='ltr'>Patre</span> <span class='ocrx_word' id='word_1_555' title='bbox 1457 3765 1658 3832; x_wconf 79' lang='lat' dir='ltr'>fuisse,</span> <span class='ocrx_word' id='word_1_556' title='bbox 1692 3769 1888 3821; x_wconf 87' lang='lat' dir='ltr'>tamen</span> <span class='ocrx_word' id='word_1_557' title='bbox 1921 3765 2103 3821; x_wconf 90' lang='lat' dir='ltr'>Deum</span> 
     </span>
    </p>
   </div>
   <div class='ocr_carea' id='block_1_71' title="bbox 457 3852 2109 3928">
    <p class='ocr_par' dir='ltr' id='par_1_71' title="bbox 457 3852 2109 3928">
     <span class='ocr_line' id='line_1_71' title="bbox 457 3852 2109 3928; baseline -0.001 -16"><span class='ocrx_word' id='word_1_558' title='bbox 457 3872 584 3912; x_wconf 90' lang='lat' dir='ltr'>esse</span> <span class='ocrx_word' id='word_1_559' title='bbox 616 3855 923 3928; x_wconf 89' lang='lat' dir='ltr'>negabant.</span> <span class='ocrx_word' id='word_1_560' title='bbox 959 3854 1074 3910; x_wconf 84' lang='lat' dir='ltr'>Hos</span> <span class='ocrx_word' id='word_1_561' title='bbox 1116 3859 1167 3910; x_wconf 90' lang='lat' dir='ltr'>et</span> <span class='ocrx_word' id='word_1_562' title='bbox 1204 3852 1504 3927; x_wconf 89' lang='lat' dir='ltr'>suggillat,</span> <span class='ocrx_word' id='word_1_563' title='bbox 1540 3869 1672 3908; x_wconf 89' lang='lat' dir='ltr'>cum</span> <span class='ocrx_word' id='word_1_564' title='bbox 1705 3853 2012 3910; x_wconf 89' lang='lat' dir='ltr'>subditur:</span> <span class='ocrx_word' id='word_1_565' title='bbox 2043 3857 2109 3910; x_wconf 76' lang='lat' dir='ltr'>Et</span> 
     </span>
    </p>
   </div>
   <div class='ocr_carea' id='block_1_72' title="bbox 454 3942 2104 4016">
    <p class='ocr_par' dir='ltr' id='par_1_72' title="bbox 454 3942 2104 4016">
     <span class='ocr_line' id='line_1_72' title="bbox 454 3942 2104 4016; baseline -0.002 -14"><span class='ocrx_word' id='word_1_566' title='bbox 454 3947 594 4003; x_wconf 86' lang='lat' dir='ltr'>Deus</span> <span class='ocrx_word' id='word_1_567' title='bbox 621 3952 740 4001; x_wconf 81' lang='lat' dir='ltr'>erat</span> <span class='ocrx_word' id='word_1_568' title='bbox 787 3945 1034 4001; x_wconf 87' lang='lat' dir='ltr'>Verbum.</span> <span class='ocrx_word' id='word_1_569' title='bbox 1086 3943 1343 3999; x_wconf 89' lang='lat' dir='ltr'>Fuerunt</span> <span class='ocrx_word' id='word_1_570' title='bbox 1388 3959 1643 4014; x_wconf 87' lang='lat' dir='ltr'>namque</span> <span class='ocrx_word' id='word_1_571' title='bbox 1674 3942 1950 4009; x_wconf 70' lang='lat' dir='ltr'>haeretici,</span> <span class='ocrx_word' id='word_1_572' title='bbox 1983 3943 2104 4016; x_wconf 90' lang='lat' dir='ltr'>qui,</span> 
     </span>
    </p>
   </div>
   <div class='ocr_carea' id='block_1_73' title="bbox 456 4031 2112 4100">
    <p class='ocr_par' dir='ltr' id='par_1_73' title="bbox 456 4031 2112 4100">
     <span class='ocr_line' id='line_1_73' title="bbox 456 4031 2112 4100; baseline -0.001 -8"><span class='ocrx_word' id='word_1_573' title='bbox 456 4039 513 4092; x_wconf 94' lang='lat' dir='ltr'>et</span> <span class='ocrx_word' id='word_1_574' title='bbox 543 4035 592 4092; x_wconf 93' lang='lat' dir='ltr'>si</span> <span class='ocrx_word' id='word_1_575' title='bbox 615 4033 912 4090; x_wconf 88' lang='lat' dir='ltr'>Christum</span> <span class='ocrx_word' id='word_1_576' title='bbox 933 4033 1262 4089; x_wconf 90' lang='lat' dir='ltr'>concedunt</span> <span class='ocrx_word' id='word_1_577' title='bbox 1280 4048 1408 4088; x_wconf 89' lang='lat' dir='ltr'>esse</span> <span class='ocrx_word' id='word_1_578' title='bbox 1428 4031 1632 4100; x_wconf 91' lang='lat' dir='ltr'>Deum,</span> <span class='ocrx_word' id='word_1_579' title='bbox 1657 4035 1851 4088; x_wconf 88' lang='lat' dir='ltr'>tamen</span> <span class='ocrx_word' id='word_1_580' title='bbox 1875 4049 1990 4088; x_wconf 90' lang='lat' dir='ltr'>non</span> <span class='ocrx_word' id='word_1_581' title='bbox 2015 4050 2112 4090; x_wconf 88' lang='lat' dir='ltr'>na-</span> 
     </span>
    </p>
   </div>
   <div class='ocr_carea' id='block_1_74' title="bbox 458 4119 2107 4194">
    <p class='ocr_par' dir='ltr' id='par_1_74' title="bbox 458 4119 2107 4194">
     <span class='ocr_line' id='line_1_74' title="bbox 458 4119 2107 4194; baseline 0 -16"><span class='ocrx_word' id='word_1_582' title='bbox 458 4123 730 4189; x_wconf 84' lang='lat' dir='ltr'>turalem,</span> <span class='ocrx_word' id='word_1_583' title='bbox 765 4123 862 4178; x_wconf 91' lang='lat' dir='ltr'>sed</span> <span class='ocrx_word' id='word_1_584' title='bbox 897 4122 1236 4194; x_wconf 84' lang='lat' dir='ltr'>adeptivum</span> <span class='ocrx_word' id='word_1_585' title='bbox 1269 4125 1326 4176; x_wconf 90' lang='lat' dir='ltr'>et</span> <span class='ocrx_word' id='word_1_586' title='bbox 1353 4119 1733 4192; x_wconf 87' lang='lat' dir='ltr'>temporalem</span> <span class='ocrx_word' id='word_1_587' title='bbox 1766 4137 1894 4177; x_wconf 91' lang='lat' dir='ltr'>esse</span> <span class='ocrx_word' id='word_1_588' title='bbox 1924 4120 2107 4178; x_wconf 88' lang='lat' dir='ltr'>Deum</span> 
     </span>
    </p>
   </div>
   <div class='ocr_carea' id='block_1_75' title="bbox 458 4210 2104 4276">
    <p class='ocr_par' dir='ltr' id='par_1_75' title="bbox 458 4210 2104 4276">
     <span class='ocr_line' id='line_1_75' title="bbox 458 4210 2104 4276; baseline -0.002 -8"><span class='ocrx_word' id='word_1_589' title='bbox 458 4212 906 4268; x_wconf 88' lang='lat' dir='ltr'>contendebant.</span> <span class='ocrx_word' id='word_1_590' title='bbox 935 4212 1047 4266; x_wconf 90' lang='lat' dir='ltr'>[los</span> <span class='ocrx_word' id='word_1_591' title='bbox 1068 4210 1452 4266; x_wconf 89' lang='lat' dir='ltr'>nihilominus</span> <span class='ocrx_word' id='word_1_592' title='bbox 1471 4211 1734 4276; x_wconf 91' lang='lat' dir='ltr'>damnat,</span> <span class='ocrx_word' id='word_1_593' title='bbox 1756 4227 1889 4265; x_wconf 90' lang='lat' dir='ltr'>cum</span> <span class='ocrx_word' id='word_1_594' title='bbox 1913 4210 2104 4266; x_wconf 91' lang='lat' dir='ltr'>addit:</span> 
     </span>
    </p>
   </div>
   <div class='ocr_carea' id='block_1_76' title="bbox 455 4299 2109 4372">
    <p class='ocr_par' dir='ltr' id='par_1_76' title="bbox 455 4299 2109 4372">
     <span class='ocr_line' id='line_1_76' title="bbox 455 4299 2109 4372; baseline -0.001 -15"><span class='ocrx_word' id='word_1_595' title='bbox 455 4303 562 4358; x_wconf 80' lang='lat' dir='ltr'>Hoc</span> <span class='ocrx_word' id='word_1_596' title='bbox 607 4309 724 4356; x_wconf 80' lang='lat' dir='ltr'>erat</span> <span class='ocrx_word' id='word_1_597' title='bbox 768 4303 826 4356; x_wconf 78' lang='lat' dir='ltr'>in</span> <span class='ocrx_word' id='word_1_598' title='bbox 869 4302 1148 4372; x_wconf 79' lang='lat' dir='ltr'>principio</span> <span class='ocrx_word' id='word_1_599' title='bbox 1196 4300 1343 4372; x_wconf 85' lang='lat' dir='ltr'>apud</span> <span class='ocrx_word' id='word_1_600' title='bbox 1397 4304 1592 4356; x_wconf 85' lang='lat' dir='ltr'>Deum.</span> <span class='ocrx_word' id='word_1_601' title='bbox 1646 4299 1902 4355; x_wconf 85' lang='lat' dir='ltr'>Fuerunt</span> <span class='ocrx_word' id='word_1_602' title='bbox 1931 4299 2109 4356; x_wconf 90' lang='lat' dir='ltr'>etiam</span> 
     </span>
    </p>
   </div>
   <div class='ocr_carea' id='block_1_77' title="bbox 457 4387 2112 4460">
    <p class='ocr_par' dir='ltr' id='par_1_77' title="bbox 457 4387 2112 4460">
     <span class='ocr_line' id='line_1_77' title="bbox 457 4387 2112 4460; baseline 0 -15"><span class='ocrx_word' id='word_1_603' title='bbox 457 4387 713 4445; x_wconf 66' lang='lat' dir='ltr'>haeretici</span> <span class='ocrx_word' id='word_1_604' title='bbox 763 4388 862 4460; x_wconf 91' lang='lat' dir='ltr'>qui</span> <span class='ocrx_word' id='word_1_605' title='bbox 914 4388 1167 4444; x_wconf 71' lang='lat' dir='ltr'>visibilis</span> <span class='ocrx_word' id='word_1_606' title='bbox 1215 4389 1413 4444; x_wconf 87' lang='lat' dir='ltr'>omnia</span> <span class='ocrx_word' id='word_1_607' title='bbox 1442 4407 1476 4443; x_wconf 89' lang='lat' dir='ltr'>a</span> <span class='ocrx_word' id='word_1_608' title='bbox 1506 4387 1735 4444; x_wconf 84' lang='lat' dir='ltr'>diabolo</span> <span class='ocrx_word' id='word_1_609' title='bbox 1781 4388 1950 4456; x_wconf 86' lang='lat' dir='ltr'>facta,</span> <span class='ocrx_word' id='word_1_610' title='bbox 1985 4388 2112 4446; x_wconf 88' lang='lat' dir='ltr'>sola</span> 
     </span>
    </p>
   </div>
   <div class='ocr_carea' id='block_1_78' title="bbox 455 4474 2106 4533">
    <p class='ocr_par' dir='ltr' id='par_1_78' title="bbox 455 4474 2106 4533">
     <span class='ocr_line' id='line_1_78' title="bbox 455 4474 2106 4533; baseline 0.001 -1"><span class='ocrx_word' id='word_1_611' title='bbox 455 4493 587 4532; x_wconf 91' lang='lat' dir='ltr'>vero</span> <span class='ocrx_word' id='word_1_612' title='bbox 647 4475 796 4530; x_wconf 88' lang='lat' dir='ltr'>facta</span> <span class='ocrx_word' id='word_1_613' title='bbox 850 4474 1169 4530; x_wconf 89' lang='lat' dir='ltr'>invisibilia</span> <span class='ocrx_word' id='word_1_614' title='bbox 1198 4493 1231 4530; x_wconf 90' lang='lat' dir='ltr'>a</span> <span class='ocrx_word' id='word_1_615' title='bbox 1289 4475 1392 4531; x_wconf 91' lang='lat' dir='ltr'>Dei</span> <span class='ocrx_word' id='word_1_616' title='bbox 1440 4474 1627 4532; x_wconf 89' lang='lat' dir='ltr'>Verbo</span> <span class='ocrx_word' id='word_1_617' title='bbox 1671 4477 2106 4533; x_wconf 88' lang='lat' dir='ltr'>contenderent.</span> 
     </span>
    </p>
   </div>
   <div class='ocr_carea' id='block_1_79' title="bbox 2218 3321 3871 3401">
    <p class='ocr_par' dir='ltr' id='par_1_79' title="bbox 2218 3321 3871 3401">
     <span class='ocr_line' id='line_1_79' title="bbox 2218 3321 3871 3401; baseline -0.004 -17"><span class='ocrx_word' id='word_1_618' title='bbox 2218 3345 2394 3401; x_wconf 86' lang='lat' dir='ltr'>opera</span> <span class='ocrx_word' id='word_1_619' title='bbox 2411 3323 2843 3391; x_wconf 74' lang='lat' dir='ltr'>misericordiae,</span> <span class='ocrx_word' id='word_1_620' title='bbox 2866 3327 2923 3381; x_wconf 89' lang='lat' dir='ltr'>et</span> <span class='ocrx_word' id='word_1_621' title='bbox 2940 3321 3393 3396; x_wconf 68' lang='lat' dir='ltr'>operajustitie.</span> <span class='ocrx_word' id='word_1_622' title='bbox 3409 3321 3709 3379; x_wconf 68' lang='lat' dir='ltr'>Ceterum</span> <span class='ocrx_word' id='word_1_623' title='bbox 3733 3339 3871 3396; x_wconf 68' lang='lat' dir='ltr'>que-</span> 
     </span>
    </p>
   </div>
   <div class='ocr_carea' id='block_1_80' title="bbox 2219 3413 3872 3487">
    <p class='ocr_par' dir='ltr' id='par_1_80' title="bbox 2219 3413 3872 3487">
     <span class='ocr_line' id='line_1_80' title="bbox 2219 3413 3872 3487; baseline -0.004 -14"><span class='ocrx_word' id='word_1_624' title='bbox 2219 3418 2354 3473; x_wconf 87' lang='lat' dir='ltr'>dam</span> <span class='ocrx_word' id='word_1_625' title='bbox 2386 3417 2635 3473; x_wconf 88' lang='lat' dir='ltr'>istorum</span> <span class='ocrx_word' id='word_1_626' title='bbox 2669 3417 2942 3487; x_wconf 87' lang='lat' dir='ltr'>operatur</span> <span class='ocrx_word' id='word_1_627' title='bbox 2967 3416 3198 3470; x_wconf 85' lang='lat' dir='ltr'>tantum</span> <span class='ocrx_word' id='word_1_628' title='bbox 3229 3427 3332 3483; x_wconf 88' lang='lat' dir='ltr'>per</span> <span class='ocrx_word' id='word_1_629' title='bbox 3359 3427 3444 3483; x_wconf 87' lang='lat' dir='ltr'>se,</span> <span class='ocrx_word' id='word_1_630' title='bbox 3469 3413 3753 3484; x_wconf 70' lang='lat' dir='ltr'>quedam</span> <span class='ocrx_word' id='word_1_631' title='bbox 3783 3429 3872 3486; x_wconf 80' lang='lat' dir='ltr'>per</span> 
     </span>
    </p>
   </div>
   <div class='ocr_carea' id='block_1_81' title="bbox 2219 3501 3872 3575">
    <p class='ocr_par' dir='ltr' id='par_1_81' title="bbox 2219 3501 3872 3575">
     <span class='ocr_line' id='line_1_81' title="bbox 2219 3501 3872 3575; baseline -0.002 -13"><span class='ocrx_word' id='word_1_632' title='bbox 2219 3504 2613 3562; x_wconf 89' lang='lat' dir='ltr'>ministerium</span> <span class='ocrx_word' id='word_1_633' title='bbox 2635 3501 3058 3561; x_wconf 88' lang='lat' dir='ltr'>subservientis</span> <span class='ocrx_word' id='word_1_634' title='bbox 3080 3505 3322 3568; x_wconf 68' lang='lat' dir='ltr'>nature,</span> <span class='ocrx_word' id='word_1_635' title='bbox 3349 3501 3626 3572; x_wconf 68' lang='lat' dir='ltr'>quasdam</span> <span class='ocrx_word' id='word_1_636' title='bbox 3647 3519 3760 3575; x_wconf 85' lang='lat' dir='ltr'>per</span> <span class='ocrx_word' id='word_1_637' title='bbox 3775 3502 3872 3558; x_wconf 77' lang='lat' dir='ltr'>mi-</span> 
     </span>
    </p>
   </div>
   <div class='ocr_carea' id='block_1_82' title="bbox 2219 3590 3869 3664">
    <p class='ocr_par' dir='ltr' id='par_1_82' title="bbox 2219 3590 3869 3664">
     <span class='ocr_line' id='line_1_82' title="bbox 2219 3590 3869 3664; baseline -0.002 -14"><span class='ocrx_word' id='word_1_638' title='bbox 2219 3593 2527 3652; x_wconf 88' lang='lat' dir='ltr'>nisterium</span> <span class='ocrx_word' id='word_1_639' title='bbox 2551 3592 2852 3650; x_wconf 89' lang='lat' dir='ltr'>rationalis</span> <span class='ocrx_word' id='word_1_640' title='bbox 2881 3594 3160 3648; x_wconf 68' lang='lat' dir='ltr'>creatura:</span> <span class='ocrx_word' id='word_1_641' title='bbox 3183 3606 3318 3646; x_wconf 89' lang='lat' dir='ltr'>cum</span> <span class='ocrx_word' id='word_1_642' title='bbox 3336 3593 3534 3646; x_wconf 83' lang='lat' dir='ltr'>tamen</span> <span class='ocrx_word' id='word_1_643' title='bbox 3566 3590 3702 3664; x_wconf 78' lang='lat' dir='ltr'>ipse</span> <span class='ocrx_word' id='word_1_644' title='bbox 3721 3590 3869 3648; x_wconf 78' lang='lat' dir='ltr'>solas</span> 
     </span>
    </p>
   </div>
   <div class='ocr_carea' id='block_1_83' title="bbox 2219 3679 3871 3752">
    <p class='ocr_par' dir='ltr' id='par_1_83' title="bbox 2219 3679 3871 3752">
     <span class='ocr_line' id='line_1_83' title="bbox 2219 3679 3871 3752; baseline -0.003 -11"><span class='ocrx_word' id='word_1_645' title='bbox 2219 3684 2296 3741; x_wconf 92' lang='lat' dir='ltr'>sit</span> <span class='ocrx_word' id='word_1_646' title='bbox 2325 3688 2526 3740; x_wconf 86' lang='lat' dir='ltr'>auctor</span> <span class='ocrx_word' id='word_1_647' title='bbox 2556 3682 2984 3739; x_wconf 89' lang='lat' dir='ltr'>universorum.</span> <span class='ocrx_word' id='word_1_648' title='bbox 3009 3679 3171 3745; x_wconf 87' lang='lat' dir='ltr'>Quod</span> <span class='ocrx_word' id='word_1_649' title='bbox 3204 3683 3398 3752; x_wconf 76' lang='lat' dir='ltr'>aperte</span> <span class='ocrx_word' id='word_1_650' title='bbox 3423 3680 3701 3737; x_wconf 64' lang='lat' dir='ltr'>confutet</span> <span class='ocrx_word' id='word_1_651' title='bbox 3731 3680 3871 3746; x_wconf 79' lang='lat' dir='ltr'>illas,</span> 
     </span>
    </p>
   </div>
   <div class='ocr_carea' id='block_1_84' title="bbox 2219 3767 3872 3846">
    <p class='ocr_par' dir='ltr' id='par_1_84' title="bbox 2219 3767 3872 3846">
     <span class='ocr_line' id='line_1_84' title="bbox 2219 3767 3872 3846; baseline -0.003 -18"><span class='ocrx_word' id='word_1_652' title='bbox 2219 3773 2318 3846; x_wconf 91' lang='lat' dir='ltr'>qui</span> <span class='ocrx_word' id='word_1_653' title='bbox 2347 3771 2436 3828; x_wconf 88' lang='lat' dir='ltr'>vel</span> <span class='ocrx_word' id='word_1_654' title='bbox 2466 3789 2534 3828; x_wconf 85' lang='lat' dir='ltr'>ex</span> <span class='ocrx_word' id='word_1_655' title='bbox 2563 3771 2805 3838; x_wconf 84' lang='lat' dir='ltr'>viribus,</span> <span class='ocrx_word' id='word_1_656' title='bbox 2839 3767 2926 3824; x_wconf 88' lang='lat' dir='ltr'>vel</span> <span class='ocrx_word' id='word_1_657' title='bbox 2973 3785 3042 3824; x_wconf 84' lang='lat' dir='ltr'>ex</span> <span class='ocrx_word' id='word_1_658' title='bbox 3078 3767 3335 3841; x_wconf 84' lang='lat' dir='ltr'>ingenio,</span> <span class='ocrx_word' id='word_1_659' title='bbox 3365 3767 3452 3824; x_wconf 82' lang='lat' dir='ltr'>vel</span> <span class='ocrx_word' id='word_1_660' title='bbox 3484 3784 3554 3824; x_wconf 74' lang='lat'>9:.</span> <span class='ocrx_word' id='word_1_661' title='bbox 3585 3769 3872 3826; x_wconf 77' lang='lat' dir='ltr'>industria</span> 
     </span>
    </p>
   </div>
   <div class='ocr_carea' id='block_1_85' title="bbox 2219 3857 3872 3933">
    <p class='ocr_par' dir='ltr' id='par_1_85' title="bbox 2219 3857 3872 3933">
     <span class='ocr_line' id='line_1_85' title="bbox 2219 3857 3872 3933; baseline -0.005 -14"><span class='ocrx_word' id='word_1_662' title='bbox 2219 3879 2349 3927; x_wconf 91' lang='lat' dir='ltr'>sua,</span> <span class='ocrx_word' id='word_1_663' title='bbox 2383 3859 2602 3933; x_wconf 88' lang='lat' dir='ltr'>aliquid</span> <span class='ocrx_word' id='word_1_664' title='bbox 2635 3859 2771 3916; x_wconf 88' lang='lat' dir='ltr'>boni</span> <span class='ocrx_word' id='word_1_665' title='bbox 2810 3857 3126 3931; x_wconf 90' lang='lat' dir='ltr'>opinantur</span> <span class='ocrx_word' id='word_1_666' title='bbox 3155 3873 3217 3914; x_wconf 90' lang='lat' dir='ltr'>se</span> <span class='ocrx_word' id='word_1_667' title='bbox 3247 3873 3437 3930; x_wconf 86' lang='lat' dir='ltr'>posse,</span> <span class='ocrx_word' id='word_1_668' title='bbox 3468 3857 3558 3913; x_wconf 80' lang='lat' dir='ltr'>vel</span> <span class='ocrx_word' id='word_1_669' title='bbox 3591 3857 3768 3924; x_wconf 74' lang='lat' dir='ltr'>velle,</span> <span class='ocrx_word' id='word_1_670' title='bbox 3797 3857 3872 3914; x_wconf 76' lang='lat' dir='ltr'>vel</span> 
     </span>
    </p>
   </div>
   <div class='ocr_carea' id='block_1_86' title="bbox 2220 3945 3876 4023">
    <p class='ocr_par' dir='ltr' id='par_1_86' title="bbox 2220 3945 3876 4023">
     <span class='ocr_line' id='line_1_86' title="bbox 2220 3945 3876 4023; baseline -0.001 -17"><span class='ocrx_word' id='word_1_671' title='bbox 2220 3949 2469 4023; x_wconf 90' lang='lat' dir='ltr'>operari.</span> <span class='ocrx_word' id='word_1_672' title='bbox 2520 3949 2684 4006; x_wconf 90' lang='lat' dir='ltr'>Unde</span> <span class='ocrx_word' id='word_1_673' title='bbox 2734 3952 2790 4004; x_wconf 90' lang='lat' dir='ltr'>et</span> <span class='ocrx_word' id='word_1_674' title='bbox 2832 3945 3184 4020; x_wconf 84' lang='lat' dir='ltr'>Apostolus:</span> <span class='ocrx_word' id='word_1_675' title='bbox 3215 3950 3392 4013; x_wconf 69' lang='lat' dir='ltr'>Deus,</span> <span class='ocrx_word' id='word_1_676' title='bbox 3420 3945 3642 4018; x_wconf 84' lang='lat' dir='ltr'>inquit,</span> <span class='ocrx_word' id='word_1_677' title='bbox 3674 3958 3763 4004; x_wconf 72' lang='lat' dir='ltr'>est</span> <span class='ocrx_word' id='word_1_678' title='bbox 3787 3947 3876 4020; x_wconf 66' lang='lat' dir='ltr'>qui</span> 
     </span>
    </p>
   </div>
   <div class='ocr_carea' id='block_1_87' title="bbox 2217 4034 3872 4110">
    <p class='ocr_par' dir='ltr' id='par_1_87' title="bbox 2217 4034 3872 4110">
     <span class='ocr_line' id='line_1_87' title="bbox 2217 4034 3872 4110; baseline -0.004 -13"><span class='ocrx_word' id='word_1_679' title='bbox 2217 4049 2502 4110; x_wconf 72' lang='lat' dir='ltr'>operatur</span> <span class='ocrx_word' id='word_1_680' title='bbox 2521 4039 2582 4094; x_wconf 79' lang='lat' dir='ltr'>in</span> <span class='ocrx_word' id='word_1_681' title='bbox 2603 4038 2764 4096; x_wconf 74' lang='lat' dir='ltr'>nobis</span> <span class='ocrx_word' id='word_1_682' title='bbox 2781 4043 2840 4093; x_wconf 81' lang='lat' dir='ltr'>et</span> <span class='ocrx_word' id='word_1_683' title='bbox 2868 4035 3027 4110; x_wconf 62' lang='lat' dir='ltr'>velle</span> <span class='ocrx_word' id='word_1_684' title='bbox 3055 4045 3112 4093; x_wconf 76' lang='lat' dir='ltr'>et</span> <span class='ocrx_word' id='word_1_685' title='bbox 3130 4037 3399 4108; x_wconf 77' lang='lat' dir='ltr'>perﬁcere</span> <span class='ocrx_word' id='word_1_686' title='bbox 3417 4034 3679 4107; x_wconf 68' lang='lat' dir='ltr'>(Philip.</span> <span class='ocrx_word' id='word_1_687' title='bbox 3703 4037 3872 4106; x_wconf 78' lang='lat' dir='ltr'>11.)Et</span> 
     </span>
    </p>
   </div>
   <div class='ocr_carea' id='block_1_88' title="bbox 2219 4103 3870 4200">
    <p class='ocr_par' dir='ltr' id='par_1_88' title="bbox 2219 4103 3870 4200">
     <span class='ocr_line' id='line_1_88' title="bbox 2219 4103 3870 4200; baseline -0.001 -16"><span class='ocrx_word' id='word_1_688' title='bbox 2219 4103 2392 4184; x_wconf 84' lang='lat' dir='ltr'>alibi:</span> <span class='ocrx_word' id='word_1_689' title='bbox 2425 4129 2544 4184; x_wconf 77' lang='lat' dir='ltr'>Non</span> <span class='ocrx_word' id='word_1_690' title='bbox 2592 4127 2803 4200; x_wconf 87' lang='lat' dir='ltr'>inquit,</span> <span class='ocrx_word' id='word_1_691' title='bbox 2857 4103 2955 4196; x_wconf 59' lang='lat' dir='ltr'>eg;</span> <span class='ocrx_word' id='word_1_692' title='bbox 2999 4103 3166 4195; x_wconf 64' lang='lat' dir='ltr'>solus,</span> <span class='ocrx_word' id='word_1_693' title='bbox 3197 4103 3289 4183; x_wconf 75' lang='lat' dir='ltr'>sed</span> <span class='ocrx_word' id='word_1_694' title='bbox 3316 4103 3497 4198; x_wconf 60' lang='lat' dir='ltr'>gratia</span> <span class='ocrx_word' id='word_1_695' title='bbox 3522 4103 3632 4182; x_wconf 64' lang='lat' dir='ltr'>Dei</span> <span class='ocrx_word' id='word_1_696' title='bbox 3675 4103 3870 4183; x_wconf 60' lang='lat' dir='ltr'>meum</span> 
     </span>
    </p>
   </div>
   <div class='ocr_carea' id='block_1_89' title="bbox 2219 4215 3868 4289">
    <p class='ocr_par' dir='ltr' id='par_1_89' title="bbox 2219 4215 3868 4289">
     <span class='ocr_line' id='line_1_89' title="bbox 2219 4215 3868 4289; baseline 0.001 -17"><span class='ocrx_word' id='word_1_697' title='bbox 2219 4218 2268 4287; x_wconf 88' lang='grc' dir='ltr'>(Ι</span> <span class='ocrx_word' id='word_1_698' title='bbox 2296 4217 2400 4274; x_wconf 88' lang='lat' dir='ltr'>Cor</span> <span class='ocrx_word' id='word_1_699' title='bbox 2425 4216 2542 4288; x_wconf 81' lang='lat' dir='ltr'>xv.)</span> <span class='ocrx_word' id='word_1_700' title='bbox 2574 4217 2642 4272; x_wconf 89' lang='lat' dir='ltr'>Et</span> <span class='ocrx_word' id='word_1_701' title='bbox 2688 4215 2956 4273; x_wconf 87' lang='lat' dir='ltr'>Marcus:</span> <span class='ocrx_word' id='word_1_702' title='bbox 2989 4215 3083 4272; x_wconf 77' lang='lat' dir='ltr'>Illi</span> <span class='ocrx_word' id='word_1_703' title='bbox 3125 4222 3308 4272; x_wconf 80' lang='lat' dir='ltr'>autem</span> <span class='ocrx_word' id='word_1_704' title='bbox 3345 4217 3581 4288; x_wconf 72' lang='lat' dir='ltr'>profedi</span> <span class='ocrx_word' id='word_1_705' title='bbox 3607 4217 3868 4289; x_wconf 65' lang='lat' dir='ltr'>palin-</span> 
     </span>
    </p>
   </div>
   <div class='ocr_carea' id='block_1_90' title="bbox 2219 4305 3868 4376">
    <p class='ocr_par' dir='ltr' id='par_1_90' title="bbox 2219 4305 3868 4376">
     <span class='ocr_line' id='line_1_90' title="bbox 2219 4305 3868 4376; baseline 0.001 -15"><span class='ocrx_word' id='word_1_706' title='bbox 2219 4314 2414 4362; x_wconf 77' lang='lat' dir='ltr'>verunt</span> <span class='ocrx_word' id='word_1_707' title='bbox 2441 4305 2665 4376; x_wconf 79' lang='lat' dir='ltr'>ubique,</span> <span class='ocrx_word' id='word_1_708' title='bbox 2697 4305 2928 4361; x_wconf 75' lang='lat' dir='ltr'>Domino</span> <span class='ocrx_word' id='word_1_709' title='bbox 2957 4312 3296 4374; x_wconf 71' lang='lat' dir='ltr'>cooperante,</span> <span class='ocrx_word' id='word_1_710' title='bbox 3329 4313 3380 4360; x_wconf 75' lang='lat' dir='ltr'>et</span> <span class='ocrx_word' id='word_1_711' title='bbox 3406 4319 3724 4362; x_wconf 67' lang='lat' dir='ltr'>sermonem</span> <span class='ocrx_word' id='word_1_712' title='bbox 3766 4322 3868 4362; x_wconf 76' lang='grc' dir='ltr'>ωι-</span> 
     </span>
    </p>
   </div>
   <div class='ocr_carea' id='block_1_91' title="bbox 2219 4393 3864 4468">
    <p class='ocr_par' dir='ltr' id='par_1_91' title="bbox 2219 4393 3864 4468">
     <span class='ocr_line' id='line_1_91' title="bbox 2219 4393 3864 4468; baseline 0.001 -18"><span class='ocrx_word' id='word_1_713' title='bbox 2219 4396 2493 4466; x_wconf 76' lang='lat' dir='ltr'>ﬁrmante,</span> <span class='ocrx_word' id='word_1_714' title='bbox 2518 4394 2861 4465; x_wconf 73' lang='lat' dir='ltr'>sequentibus</span> <span class='ocrx_word' id='word_1_715' title='bbox 2881 4394 3054 4465; x_wconf 73' lang='lat' dir='ltr'>signis</span> <span class='ocrx_word' id='word_1_716' title='bbox 3076 4393 3261 4463; x_wconf 67' lang='lat' dir='ltr'>(Marc.</span> <span class='ocrx_word' id='word_1_717' title='bbox 3286 4393 3423 4465; x_wconf 77' lang='lat' dir='ltr'>xvr.)</span> <span class='ocrx_word' id='word_1_718' title='bbox 3443 4394 3671 4451; x_wconf 72' lang='lat' dir='ltr'>Verum</span> <span class='ocrx_word' id='word_1_719' title='bbox 3693 4411 3864 4468; x_wconf 78' lang='lat' dir='ltr'>quu-</span> 
     </span>
    </p>
   </div>
   <div class='ocr_carea' id='block_1_92' title="bbox 2221 4482 3861 4558">
    <p class='ocr_par' dir='ltr' id='par_1_92' title="bbox 2221 4482 3861 4558">
     <span class='ocr_line' id='line_1_92' title="bbox 2221 4482 3861 4558; baseline 0.001 -19"><span class='ocrx_word' id='word_1_720' title='bbox 2221 4485 2294 4541; x_wconf 94' lang='lat' dir='ltr'>do</span> <span class='ocrx_word' id='word_1_721' title='bbox 2327 4484 2497 4540; x_wconf 88' lang='lat' dir='ltr'>audis</span> <span class='ocrx_word' id='word_1_722' title='bbox 2527 4485 2705 4552; x_wconf 79' lang='lat' dir='ltr'>gratia</span> <span class='ocrx_word' id='word_1_723' title='bbox 2752 4483 2854 4539; x_wconf 75' lang='lat' dir='ltr'>Dei</span> <span class='ocrx_word' id='word_1_724' title='bbox 2879 4499 3108 4551; x_wconf 72' lang='lat' dir='ltr'>meum,</span> <span class='ocrx_word' id='word_1_725' title='bbox 3140 4482 3228 4539; x_wconf 84' lang='lat' dir='ltr'>vel</span> <span class='ocrx_word' id='word_1_726' title='bbox 3275 4483 3506 4540; x_wconf 78' lang='lat' dir='ltr'>Domino</span> <span class='ocrx_word' id='word_1_727' title='bbox 3535 4492 3861 4558; x_wconf 64' lang='lat' dir='ltr'>meper-or,</span> 
     </span>
    </p>
   </div>
   <div class='ocr_carea' id='block_1_93' title="bbox 456 4564 3862 4656">
    <p class='ocr_par' dir='ltr' id='par_1_93' title="bbox 456 4564 3862 4656">
     <span class='ocr_line' id='line_1_93' title="bbox 456 4564 3862 4656; baseline 0.004 -40"><span class='ocrx_word' id='word_1_728' title='bbox 456 4566 689 4656; x_wconf 65' lang='lat' dir='ltr'>EiSdem</span> <span class='ocrx_word' id='word_1_729' title='bbox 721 4564 896 4620; x_wconf 89' lang='lat' dir='ltr'>etiam</span> <span class='ocrx_word' id='word_1_730' title='bbox 929 4565 1144 4656; x_wconf 75' lang='lat' dir='ltr'>verbis,</span> <span class='ocrx_word' id='word_1_731' title='bbox 1177 4564 1513 4656; x_wconf 56' lang='lat' dir='ltr'>escellentia</span> <span class='ocrx_word' id='word_1_732' title='bbox 1539 4564 1718 4656; x_wconf 72' lang='lat' dir='ltr'>hujus</span> <span class='ocrx_word' id='word_1_733' title='bbox 1745 4565 2109 4656; x_wconf 61' lang='lat' dir='ltr'>evangelista}</span> <span class='ocrx_word' id='word_1_734' title='bbox 2138 4590 2187 4656; x_wconf 71' lang='grc' dir='ltr'><strong>Β</strong></span> <span class='ocrx_word' id='word_1_735' title='bbox 2217 4590 2354 4629; x_wconf 90' lang='lat' dir='ltr'>cave</span> <span class='ocrx_word' id='word_1_736' title='bbox 2385 4591 2457 4628; x_wconf 90' lang='lat' dir='ltr'>ne</span> <span class='ocrx_word' id='word_1_737' title='bbox 2484 4572 2776 4645; x_wconf 85' lang='lat' dir='ltr'>intelligas</span> <span class='ocrx_word' id='word_1_738' title='bbox 2821 4571 2974 4630; x_wconf 87' lang='lat' dir='ltr'>hanc</span> <span class='ocrx_word' id='word_1_739' title='bbox 3004 4571 3485 4645; x_wconf 82' lang='lat' dir='ltr'>propositionem,</span> <span class='ocrx_word' id='word_1_740' title='bbox 3515 4590 3653 4630; x_wconf 69' lang='lat' dir='ltr'>mm</span> <span class='ocrx_word' id='word_1_741' title='bbox 3675 4573 3772 4630; x_wconf 76' lang='lat' dir='ltr'>vel</span> <span class='ocrx_word' id='word_1_742' title='bbox 3795 4589 3862 4639; x_wconf 67' lang='lat' dir='ltr'>al,</span> 
     </span>
    </p>
   </div>
   <div class='ocr_carea' id='block_1_94' title="bbox 455 4653 2110 4726">
    <p class='ocr_par' dir='ltr' id='par_1_94' title="bbox 455 4653 2110 4726">
     <span class='ocr_line' id='line_1_94' title="bbox 455 4653 2110 4726; baseline 0.001 -16"><span class='ocrx_word' id='word_1_743' title='bbox 455 4655 914 4710; x_wconf 88' lang='lat' dir='ltr'>demonstratur.</span> <span class='ocrx_word' id='word_1_744' title='bbox 947 4653 1058 4708; x_wconf 91' lang='lat' dir='ltr'>Alii</span> <span class='ocrx_word' id='word_1_745' title='bbox 1090 4654 1378 4726; x_wconf 90' lang='lat' dir='ltr'>siquidem</span> <span class='ocrx_word' id='word_1_746' title='bbox 1417 4654 1781 4726; x_wconf 61' lang='lat' dir='ltr'>evangelista</span> <span class='ocrx_word' id='word_1_747' title='bbox 1813 4655 2110 4712; x_wconf 87' lang='lat' dir='ltr'>Christum</span> 
     </span>
    </p>
   </div>
   <div class='ocr_carea' id='block_1_95' title="bbox 457 4743 2110 4816">
    <p class='ocr_par' dir='ltr' id='par_1_95' title="bbox 457 4743 2110 4816">
     <span class='ocr_line' id='line_1_95' title="bbox 457 4743 2110 4816; baseline 0.004 -19"><span class='ocrx_word' id='word_1_748' title='bbox 457 4743 516 4798; x_wconf 90' lang='lat' dir='ltr'>in</span> <span class='ocrx_word' id='word_1_749' title='bbox 530 4750 789 4816; x_wconf 88' lang='lat' dir='ltr'>tempore</span> <span class='ocrx_word' id='word_1_750' title='bbox 808 4748 1011 4798; x_wconf 89' lang='lat' dir='ltr'>natum</span> <span class='ocrx_word' id='word_1_751' title='bbox 1029 4744 1400 4812; x_wconf 89' lang='lat' dir='ltr'>describunt;</span> <span class='ocrx_word' id='word_1_752' title='bbox 1419 4744 1674 4800; x_wconf 88' lang='lat' dir='ltr'>Joannes</span> <span class='ocrx_word' id='word_1_753' title='bbox 1690 4761 1823 4800; x_wconf 85' lang='lat' dir='ltr'>vero</span> <span class='ocrx_word' id='word_1_754' title='bbox 1841 4747 2110 4802; x_wconf 88' lang='lat' dir='ltr'>eumdem</span> 
     </span>
    </p>
   </div>
   <div class='ocr_carea' id='block_1_96' title="bbox 457 4831 2114 4906">
    <p class='ocr_par' dir='ltr' id='par_1_96' title="bbox 457 4831 2114 4906">
     <span class='ocr_line' id='line_1_96' title="bbox 457 4831 2114 4906; baseline 0.002 -18"><span class='ocrx_word' id='word_1_755' title='bbox 457 4833 514 4888; x_wconf 90' lang='lat' dir='ltr'>in</span> <span class='ocrx_word' id='word_1_756' title='bbox 548 4831 832 4905; x_wconf 88' lang='lat' dir='ltr'>principio</span> <span class='ocrx_word' id='word_1_757' title='bbox 857 4833 1036 4888; x_wconf 84' lang='lat' dir='ltr'>fuisse</span> <span class='ocrx_word' id='word_1_758' title='bbox 1060 4837 1326 4904; x_wconf 83' lang='lat' dir='ltr'>testatur,</span> <span class='ocrx_word' id='word_1_759' title='bbox 1360 4833 1587 4889; x_wconf 89' lang='lat' dir='ltr'>dicens:</span> <span class='ocrx_word' id='word_1_760' title='bbox 1613 4835 1678 4890; x_wconf 87' lang='lat' dir='ltr'>In</span> <span class='ocrx_word' id='word_1_761' title='bbox 1703 4835 1976 4906; x_wconf 74' lang='lat' dir='ltr'>principio</span> <span class='ocrx_word' id='word_1_762' title='bbox 1995 4844 2114 4892; x_wconf 79' lang='lat' dir='ltr'>erat</span> 
     </span>
    </p>
   </div>
   <div class='ocr_carea' id='block_1_97' title="bbox 465 4921 2112 4981">
    <p class='ocr_par' dir='ltr' id='par_1_97' title="bbox 465 4921 2112 4981">
     <span class='ocr_line' id='line_1_97' title="bbox 465 4921 2112 4981; baseline 0.002 -5"><span class='ocrx_word' id='word_1_763' title='bbox 465 4923 716 4976; x_wconf 83' lang='lat' dir='ltr'>Verbum.</span> <span class='ocrx_word' id='word_1_764' title='bbox 751 4921 862 4977; x_wconf 88' lang='lat' dir='ltr'>Alii</span> <span class='ocrx_word' id='word_1_765' title='bbox 895 4939 1029 4976; x_wconf 90' lang='lat' dir='ltr'>eum</span> <span class='ocrx_word' id='word_1_766' title='bbox 1063 4926 1525 4977; x_wconf 87' lang='lat' dir='ltr'>commemorant</span> <span class='ocrx_word' id='word_1_767' title='bbox 1546 4921 1696 4978; x_wconf 89' lang='lat' dir='ltr'>inter</span> <span class='ocrx_word' id='word_1_768' title='bbox 1715 4922 1983 4980; x_wconf 89' lang='lat' dir='ltr'>homines</span> <span class='ocrx_word' id='word_1_769' title='bbox 2014 4941 2112 4981; x_wconf 91' lang='lat' dir='ltr'>su-</span> 
     </span>
    </p>
   </div>
   <div class='ocr_carea' id='block_1_98' title="bbox 457 5007 2110 5084">
    <p class='ocr_par' dir='ltr' id='par_1_98' title="bbox 457 5007 2110 5084">
     <span class='ocr_line' id='line_1_98' title="bbox 457 5007 2110 5084; baseline 0.005 -22"><span class='ocrx_word' id='word_1_770' title='bbox 457 5007 580 5062; x_wconf 89' lang='lat' dir='ltr'>bito</span> <span class='ocrx_word' id='word_1_771' title='bbox 611 5010 979 5080; x_wconf 70' lang='lat' dir='ltr'>apparuisse:</span> <span class='ocrx_word' id='word_1_772' title='bbox 1004 5011 1258 5068; x_wconf 86' lang='lat' dir='ltr'>Joannes</span> <span class='ocrx_word' id='word_1_773' title='bbox 1282 5028 1414 5067; x_wconf 85' lang='lat' dir='ltr'>vero</span> <span class='ocrx_word' id='word_1_774' title='bbox 1448 5012 1718 5067; x_wconf 87' lang='lat' dir='ltr'>eumdem</span> <span class='ocrx_word' id='word_1_775' title='bbox 1752 5013 1906 5084; x_wconf 89' lang='lat' dir='ltr'>apud</span> <span class='ocrx_word' id='word_1_776' title='bbox 1927 5012 2110 5070; x_wconf 90' lang='lat' dir='ltr'>Deum</span> 
     </span>
    </p>
   </div>
   <div class='ocr_carea' id='block_1_99' title="bbox 457 5097 2113 5174">
    <p class='ocr_par' dir='ltr' id='par_1_99' title="bbox 457 5097 2113 5174">
     <span class='ocr_line' id='line_1_99' title="bbox 457 5097 2113 5174; baseline 0.006 -25"><span class='ocrx_word' id='word_1_777' title='bbox 457 5112 690 5166; x_wconf 85' lang='lat' dir='ltr'>semper</span> <span class='ocrx_word' id='word_1_778' title='bbox 734 5097 914 5154; x_wconf 81' lang='lat' dir='ltr'>fuisse</span> <span class='ocrx_word' id='word_1_779' title='bbox 940 5101 1214 5166; x_wconf 81' lang='lat' dir='ltr'>declarat,</span> <span class='ocrx_word' id='word_1_780' title='bbox 1241 5102 1468 5156; x_wconf 86' lang='lat' dir='ltr'>dicens:</span> <span class='ocrx_word' id='word_1_781' title='bbox 1496 5102 1557 5155; x_wconf 78' lang='lat' dir='ltr'>Et</span> <span class='ocrx_word' id='word_1_782' title='bbox 1592 5102 1817 5157; x_wconf 85' lang='lat' dir='ltr'>Verbum</span> <span class='ocrx_word' id='word_1_783' title='bbox 1835 5111 1953 5158; x_wconf 84' lang='lat' dir='ltr'>erat</span> <span class='ocrx_word' id='word_1_784' title='bbox 1967 5103 2113 5174; x_wconf 85' lang='lat' dir='ltr'>apud</span> 
     </span>
    </p>
   </div>
   <div class='ocr_carea' id='block_1_100' title="bbox 458 5184 2111 5248">
    <p class='ocr_par' dir='ltr' id='par_1_100' title="bbox 458 5184 2111 5248">
     <span class='ocr_line' id='line_1_100' title="bbox 458 5184 2111 5248; baseline 0.005 -8"><span class='ocrx_word' id='word_1_785' title='bbox 458 5190 654 5240; x_wconf 83' lang='lat' dir='ltr'>Deum.</span> <span class='ocrx_word' id='word_1_786' title='bbox 705 5184 812 5240; x_wconf 82' lang='lat' dir='ltr'>Alii</span> <span class='ocrx_word' id='word_1_787' title='bbox 863 5203 996 5241; x_wconf 91' lang='lat' dir='ltr'>eum</span> <span class='ocrx_word' id='word_1_788' title='bbox 1041 5205 1240 5244; x_wconf 83' lang='lat' dir='ltr'>verum</span> <span class='ocrx_word' id='word_1_789' title='bbox 1296 5189 1638 5245; x_wconf 85' lang='lat' dir='ltr'>hominem:</span> <span class='ocrx_word' id='word_1_790' title='bbox 1684 5189 1938 5246; x_wconf 89' lang='lat' dir='ltr'>Joannes</span> <span class='ocrx_word' id='word_1_791' title='bbox 1978 5208 2111 5248; x_wconf 90' lang='lat' dir='ltr'>vero</span> 
     </span>
    </p>
   </div>
   <div class='ocr_carea' id='block_1_101' title="bbox 457 5275 2116 5346">
    <p class='ocr_par' dir='ltr' id='par_1_101' title="bbox 457 5275 2116 5346">
     <span class='ocr_line' id='line_1_101' title="bbox 457 5275 2116 5346; baseline 0.006 -18"><span class='ocrx_word' id='word_1_792' title='bbox 457 5289 658 5328; x_wconf 90' lang='lat' dir='ltr'>verum</span> <span class='ocrx_word' id='word_1_793' title='bbox 709 5290 837 5330; x_wconf 85' lang='lat' dir='ltr'>esse</span> <span class='ocrx_word' id='word_1_794' title='bbox 886 5275 1066 5330; x_wconf 83' lang='lat' dir='ltr'>Deum</span> <span class='ocrx_word' id='word_1_795' title='bbox 1119 5279 1396 5346; x_wconf 76' lang='lat' dir='ltr'>affirmat,</span> <span class='ocrx_word' id='word_1_796' title='bbox 1445 5279 1678 5334; x_wconf 88' lang='lat' dir='ltr'>dicens:</span> <span class='ocrx_word' id='word_1_797' title='bbox 1720 5279 1784 5334; x_wconf 82' lang='lat' dir='ltr'>Et</span> <span class='ocrx_word' id='word_1_798' title='bbox 1827 5280 1968 5336; x_wconf 75' lang='lat' dir='ltr'>Deus</span> <span class='ocrx_word' id='word_1_799' title='bbox 1995 5290 2116 5338; x_wconf 83' lang='lat' dir='ltr'>erat</span> 
     </span>
    </p>
   </div>
   <div class='ocr_carea' id='block_1_102' title="bbox 461 5362 2113 5438">
    <p class='ocr_par' dir='ltr' id='par_1_102' title="bbox 461 5362 2113 5438">
     <span class='ocr_line' id='line_1_102' title="bbox 461 5362 2113 5438; baseline 0.005 -20"><span class='ocrx_word' id='word_1_800' title='bbox 461 5363 713 5419; x_wconf 86' lang='lat' dir='ltr'>Verbum.</span> <span class='ocrx_word' id='word_1_801' title='bbox 735 5362 844 5416; x_wconf 85' lang='lat' dir='ltr'>Alii</span> <span class='ocrx_word' id='word_1_802' title='bbox 869 5380 1000 5418; x_wconf 90' lang='lat' dir='ltr'>eum</span> <span class='ocrx_word' id='word_1_803' title='bbox 1027 5365 1322 5421; x_wconf 86' lang='lat' dir='ltr'>hominem</span> <span class='ocrx_word' id='word_1_804' title='bbox 1347 5369 1498 5438; x_wconf 88' lang='lat' dir='ltr'>apud</span> <span class='ocrx_word' id='word_1_805' title='bbox 1525 5368 1792 5423; x_wconf 89' lang='lat' dir='ltr'>homines</span> <span class='ocrx_word' id='word_1_806' title='bbox 1815 5386 2113 5427; x_wconf 86' lang='lat' dir='ltr'>conversa-</span> 
     </span>
    </p>
   </div>
   <div class='ocr_carea' id='block_1_103' title="bbox 456 5450 2111 5528">
    <p class='ocr_par' dir='ltr' id='par_1_103' title="bbox 456 5450 2111 5528">
     <span class='ocr_line' id='line_1_103' title="bbox 456 5450 2111 5528; baseline 0.006 -22"><span class='ocrx_word' id='word_1_807' title='bbox 456 5455 584 5506; x_wconf 89' lang='lat' dir='ltr'>tum</span> <span class='ocrx_word' id='word_1_808' title='bbox 617 5450 1039 5523; x_wconf 86' lang='lat' dir='ltr'>temporaliter;</span> <span class='ocrx_word' id='word_1_809' title='bbox 1063 5453 1319 5512; x_wconf 86' lang='lat' dir='ltr'>Joannes</span> <span class='ocrx_word' id='word_1_810' title='bbox 1340 5473 1470 5512; x_wconf 89' lang='lat' dir='ltr'>vero</span> <span class='ocrx_word' id='word_1_811' title='bbox 1492 5457 1647 5528; x_wconf 88' lang='lat' dir='ltr'>apud</span> <span class='ocrx_word' id='word_1_812' title='bbox 1671 5457 1853 5512; x_wconf 89' lang='lat' dir='ltr'>Deum</span> <span class='ocrx_word' id='word_1_813' title='bbox 1876 5475 2111 5516; x_wconf 84' lang='lat' dir='ltr'>manen-</span> 
     </span>
    </p>
   </div>
   <div class='ocr_carea' id='block_1_104' title="bbox 458 5537 2108 5620">
    <p class='ocr_par' dir='ltr' id='par_1_104' title="bbox 458 5537 2108 5620">
     <span class='ocr_line' id='line_1_104' title="bbox 458 5537 2108 5620; baseline 0.007 -26"><span class='ocrx_word' id='word_1_814' title='bbox 458 5543 576 5595; x_wconf 89' lang='lat' dir='ltr'>tem</span> <span class='ocrx_word' id='word_1_815' title='bbox 606 5537 954 5596; x_wconf 67' lang='lat' dir='ltr'>aaternaliter</span> <span class='ocrx_word' id='word_1_816' title='bbox 1001 5544 1277 5612; x_wconf 90' lang='lat' dir='ltr'>ostendit,</span> <span class='ocrx_word' id='word_1_817' title='bbox 1314 5543 1512 5602; x_wconf 89' lang='lat' dir='ltr'>dicens</span> <span class='ocrx_word' id='word_1_818' title='bbox 1537 5563 1550 5602; x_wconf 90' lang='lat'>:</span> <span class='ocrx_word' id='word_1_819' title='bbox 1583 5546 1691 5601; x_wconf 84' lang='lat' dir='ltr'>Hoc</span> <span class='ocrx_word' id='word_1_820' title='bbox 1715 5555 1830 5603; x_wconf 83' lang='lat' dir='ltr'>erat</span> <span class='ocrx_word' id='word_1_821' title='bbox 1857 5549 1917 5604; x_wconf 78' lang='lat' dir='ltr'>in</span> <span class='ocrx_word' id='word_1_822' title='bbox 1942 5551 2108 5620; x_wconf 75' lang='lat' dir='ltr'>prin-</span> 
     </span>
    </p>
   </div>
   <div class='ocr_carea' id='block_1_105' title="bbox 454 5629 2108 5707">
    <p class='ocr_par' dir='ltr' id='par_1_105' title="bbox 454 5629 2108 5707">
     <span class='ocr_line' id='line_1_105' title="bbox 454 5629 2108 5707; baseline 0.007 -21"><span class='ocrx_word' id='word_1_823' title='bbox 454 5629 598 5706; x_wconf 78' lang='lat' dir='ltr'>cipio</span> <span class='ocrx_word' id='word_1_824' title='bbox 644 5630 789 5706; x_wconf 82' lang='lat' dir='ltr'>apud</span> <span class='ocrx_word' id='word_1_825' title='bbox 835 5631 1027 5692; x_wconf 87' lang='lat' dir='ltr'>Deum.</span> <span class='ocrx_word' id='word_1_826' title='bbox 1077 5631 1188 5690; x_wconf 87' lang='lat' dir='ltr'>Alii</span> <span class='ocrx_word' id='word_1_827' title='bbox 1237 5635 1552 5707; x_wconf 79' lang='lat' dir='ltr'>magnalia,</span> <span class='ocrx_word' id='word_1_828' title='bbox 1605 5650 1732 5706; x_wconf 73' lang='lat' dir='ltr'>qua:</span> <span class='ocrx_word' id='word_1_829' title='bbox 1779 5636 1839 5692; x_wconf 90' lang='lat' dir='ltr'>in</span> <span class='ocrx_word' id='word_1_830' title='bbox 1873 5636 2108 5696; x_wconf 87' lang='lat' dir='ltr'>homine</span> 
     </span>
    </p>
   </div>
   <div class='ocr_carea' id='block_1_106' title="bbox 2219 4660 3864 4736">
    <p class='ocr_par' dir='ltr' id='par_1_106' title="bbox 2219 4660 3864 4736">
     <span class='ocr_line' id='line_1_106' title="bbox 2219 4660 3864 4736; baseline 0 -19"><span class='ocrx_word' id='word_1_831' title='bbox 2219 4660 2301 4717; x_wconf 89' lang='lat' dir='ltr'>ibi</span> <span class='ocrx_word' id='word_1_832' title='bbox 2332 4677 2645 4718; x_wconf 90' lang='lat' dir='ltr'>numerum</span> <span class='ocrx_word' id='word_1_833' title='bbox 2667 4660 3108 4734; x_wconf 78' lang='lat' dir='ltr'>consigniticare</span> <span class='ocrx_word' id='word_1_834' title='bbox 3129 4666 3270 4729; x_wconf 87' lang='lat' dir='ltr'>(non</span> <span class='ocrx_word' id='word_1_835' title='bbox 3293 4661 3449 4718; x_wconf 87' lang='lat' dir='ltr'>enim</span> <span class='ocrx_word' id='word_1_836' title='bbox 3469 4665 3806 4736; x_wconf 72' lang='lat' dir='ltr'>proprietas</span> <span class='ocrx_word' id='word_1_837' title='bbox 3821 4665 3864 4717; x_wconf 77' lang='lat' dir='ltr'>et</span> 
     </span>
    </p>
   </div>
   <div class='ocr_carea' id='block_1_107' title="bbox 2220 4749 3866 4825">
    <p class='ocr_par' dir='ltr' id='par_1_107' title="bbox 2220 4749 3866 4825">
     <span class='ocr_line' id='line_1_107' title="bbox 2220 4749 3866 4825; baseline -0.001 -20"><span class='ocrx_word' id='word_1_838' title='bbox 2220 4749 2630 4823; x_wconf 86' lang='lat' dir='ltr'>improprietas</span> <span class='ocrx_word' id='word_1_839' title='bbox 2648 4749 2708 4805; x_wconf 88' lang='lat' dir='ltr'>in</span> <span class='ocrx_word' id='word_1_840' title='bbox 2730 4767 3039 4807; x_wconf 84' lang='lat' dir='ltr'>numerum</span> <span class='ocrx_word' id='word_1_841' title='bbox 3058 4750 3349 4825; x_wconf 86' lang='lat' dir='ltr'>surgunt,)</span> <span class='ocrx_word' id='word_1_842' title='bbox 3369 4752 3470 4808; x_wconf 86' lang='lat' dir='ltr'>sed</span> <span class='ocrx_word' id='word_1_843' title='bbox 3490 4752 3697 4824; x_wconf 67' lang='lat' dir='ltr'>potius</span> <span class='ocrx_word' id='word_1_844' title='bbox 3715 4751 3866 4809; x_wconf 71' lang='lat' dir='ltr'>ini-</span> 
     </span>
    </p>
   </div>
   <div class='ocr_carea' id='block_1_108' title="bbox 2221 4839 3862 4917">
    <p class='ocr_par' dir='ltr' id='par_1_108' title="bbox 2221 4839 3862 4917">
     <span class='ocr_line' id='line_1_108' title="bbox 2221 4839 3862 4917; baseline 0.002 -22"><span class='ocrx_word' id='word_1_845' title='bbox 2221 4841 2469 4896; x_wconf 85' lang='lat' dir='ltr'>sterium</span> <span class='ocrx_word' id='word_1_846' title='bbox 2511 4840 2630 4896; x_wconf 89' lang='lat' dir='ltr'>sive</span> <span class='ocrx_word' id='word_1_847' title='bbox 2680 4839 3136 4896; x_wconf 87' lang='lat' dir='ltr'>instrumentum</span> <span class='ocrx_word' id='word_1_848' title='bbox 3183 4839 3404 4898; x_wconf 87' lang='lat' dir='ltr'>habent</span> <span class='ocrx_word' id='word_1_849' title='bbox 3432 4841 3518 4896; x_wconf 85' lang='lat' dir='ltr'>ibi</span> <span class='ocrx_word' id='word_1_850' title='bbox 3546 4841 3862 4917; x_wconf 70' lang='lat' dir='ltr'>designare.</span> 
     </span>
    </p>
   </div>
   <div class='ocr_carea' id='block_1_109' title="bbox 2219 4929 3864 5006">
    <p class='ocr_par' dir='ltr' id='par_1_109' title="bbox 2219 4929 3864 5006">
     <span class='ocr_line' id='line_1_109' title="bbox 2219 4929 3864 5006; baseline 0.002 -21"><span class='ocrx_word' id='word_1_851' title='bbox 2219 4930 2344 4985; x_wconf 90' lang='lat' dir='ltr'>Non</span> <span class='ocrx_word' id='word_1_852' title='bbox 2373 4929 2529 4986; x_wconf 88' lang='lat' dir='ltr'>enim</span> <span class='ocrx_word' id='word_1_853' title='bbox 2568 4947 2676 4987; x_wconf 89' lang='lat' dir='ltr'>nos</span> <span class='ocrx_word' id='word_1_854' title='bbox 2705 4934 2763 4986; x_wconf 90' lang='lat' dir='ltr'>et</span> <span class='ocrx_word' id='word_1_855' title='bbox 2796 4931 3078 4987; x_wconf 84' lang='lat' dir='ltr'>Dominus</span> <span class='ocrx_word' id='word_1_856' title='bbox 3109 4947 3516 5003; x_wconf 83' lang='lat' dir='ltr'>coeperamur,</span> <span class='ocrx_word' id='word_1_857' title='bbox 3548 4933 3660 4988; x_wconf 83' lang='lat' dir='ltr'>sed</span> <span class='ocrx_word' id='word_1_858' title='bbox 3692 4932 3864 5006; x_wconf 70' lang='lat' dir='ltr'>potius</span> 
     </span>
    </p>
   </div>
   <div class='ocr_carea' id='block_1_110' title="bbox 2218 5017 3863 5094">
    <p class='ocr_par' dir='ltr' id='par_1_110' title="bbox 2218 5017 3863 5094">
     <span class='ocr_line' id='line_1_110' title="bbox 2218 5017 3863 5094; baseline 0.003 -21"><span class='ocrx_word' id='word_1_859' title='bbox 2218 5017 2344 5090; x_wconf 90' lang='lat' dir='ltr'>ipse</span> <span class='ocrx_word' id='word_1_860' title='bbox 2374 5035 2509 5074; x_wconf 90' lang='lat' dir='ltr'>cum</span> <span class='ocrx_word' id='word_1_861' title='bbox 2541 5017 2732 5088; x_wconf 90' lang='lat' dir='ltr'>nobis,</span> <span class='ocrx_word' id='word_1_862' title='bbox 2756 5018 2924 5090; x_wconf 86' lang='lat' dir='ltr'>quasi</span> <span class='ocrx_word' id='word_1_863' title='bbox 2944 5036 3082 5075; x_wconf 85' lang='lat' dir='ltr'>cum</span> <span class='ocrx_word' id='word_1_864' title='bbox 3105 5019 3412 5088; x_wconf 75' lang='lat' dir='ltr'>ministris,</span> <span class='ocrx_word' id='word_1_865' title='bbox 3431 5020 3527 5076; x_wconf 77' lang='lat' dir='ltr'>vel</span> <span class='ocrx_word' id='word_1_866' title='bbox 3547 5023 3729 5094; x_wconf 82' lang='lat' dir='ltr'>quasi</span> <span class='ocrx_word' id='word_1_867' title='bbox 3751 5035 3863 5078; x_wconf 73' lang='lat' dir='ltr'>eum</span> 
     </span>
    </p>
   </div>
   <div class='ocr_carea' id='block_1_111' title="bbox 2219 5106 3862 5181">
    <p class='ocr_par' dir='ltr' id='par_1_111' title="bbox 2219 5106 3862 5181">
     <span class='ocr_line' id='line_1_111' title="bbox 2219 5106 3862 5181; baseline 0.004 -19"><span class='ocrx_word' id='word_1_868' title='bbox 2219 5106 2573 5179; x_wconf 89' lang='lat' dir='ltr'>quibusdam</span> <span class='ocrx_word' id='word_1_869' title='bbox 2621 5107 3031 5166; x_wconf 86' lang='lat' dir='ltr'>instrumentis</span> <span class='ocrx_word' id='word_1_870' title='bbox 3081 5113 3377 5181; x_wconf 81' lang='lat' dir='ltr'>operatur.</span> <span class='ocrx_word' id='word_1_871' title='bbox 3409 5110 3480 5165; x_wconf 85' lang='lat' dir='ltr'>Et</span> <span class='ocrx_word' id='word_1_872' title='bbox 3521 5109 3658 5168; x_wconf 63' lang='lat' dir='ltr'>hac</span> <span class='ocrx_word' id='word_1_873' title='bbox 3687 5111 3862 5168; x_wconf 68' lang='lat' dir='ltr'>omni:</span> 
     </span>
    </p>
   </div>
   <div class='ocr_carea' id='block_1_112' title="bbox 2221 5196 3860 5272">
    <p class='ocr_par' dir='ltr' id='par_1_112' title="bbox 2221 5196 3860 5272">
     <span class='ocr_line' id='line_1_112' title="bbox 2221 5196 3860 5272; baseline 0.002 -21"><span class='ocrx_word' id='word_1_874' title='bbox 2221 5196 2477 5252; x_wconf 88' lang='lat' dir='ltr'>diximus</span> <span class='ocrx_word' id='word_1_875' title='bbox 2501 5213 2602 5268; x_wconf 90' lang='lat' dir='ltr'>pro</span> <span class='ocrx_word' id='word_1_876' title='bbox 2623 5214 2690 5253; x_wconf 89' lang='lat' dir='ltr'>eo</span> <span class='ocrx_word' id='word_1_877' title='bbox 2711 5198 2868 5269; x_wconf 87' lang='lat' dir='ltr'>quod</span> <span class='ocrx_word' id='word_1_878' title='bbox 2889 5198 3177 5272; x_wconf 89' lang='lat' dir='ltr'>scriptum</span> <span class='ocrx_word' id='word_1_879' title='bbox 3197 5202 3308 5270; x_wconf 83' lang='lat' dir='ltr'>est,</span> <span class='ocrx_word' id='word_1_880' title='bbox 3335 5201 3549 5255; x_wconf 80' lang='lat' dir='ltr'>omnia.</span> <span class='ocrx_word' id='word_1_881' title='bbox 3575 5199 3733 5256; x_wconf 81' lang='lat' dir='ltr'>Gum</span> <span class='ocrx_word' id='word_1_882' title='bbox 3751 5213 3860 5254; x_wconf 68' lang='lat' dir='ltr'>ure</span> 
     </span>
    </p>
   </div>
   <div class='ocr_carea' id='block_1_113' title="bbox 2218 5286 3860 5363">
    <p class='ocr_par' dir='ltr' id='par_1_113' title="bbox 2218 5286 3860 5363">
     <span class='ocr_line' id='line_1_113' title="bbox 2218 5286 3860 5363; baseline 0.006 -21"><span class='ocrx_word' id='word_1_883' title='bbox 2218 5286 2598 5358; x_wconf 86' lang='lat' dir='ltr'>subjungitur</span> <span class='ocrx_word' id='word_1_884' title='bbox 2621 5304 2721 5358; x_wconf 83' lang='lat' dir='ltr'>per</span> <span class='ocrx_word' id='word_1_885' title='bbox 2741 5288 2942 5358; x_wconf 77' lang='lat' dir='ltr'>ipsum,</span> <span class='ocrx_word' id='word_1_886' title='bbox 2961 5304 3099 5346; x_wconf 82' lang='lat' dir='ltr'>cave</span> <span class='ocrx_word' id='word_1_887' title='bbox 3115 5305 3193 5344; x_wconf 84' lang='lat' dir='ltr'>ne</span> <span class='ocrx_word' id='word_1_888' title='bbox 3213 5305 3317 5362; x_wconf 86' lang='lat' dir='ltr'>per</span> <span class='ocrx_word' id='word_1_889' title='bbox 3337 5287 3492 5344; x_wconf 69' lang='lat' dir='ltr'>hanc</span> <span class='ocrx_word' id='word_1_890' title='bbox 3523 5289 3860 5363; x_wconf 50' lang='lat' dir='ltr'>praepositio</span> 
     </span>
    </p>
   </div>
   <div class='ocr_carea' id='block_1_114' title="bbox 2218 5375 3862 5452">
    <p class='ocr_par' dir='ltr' id='par_1_114' title="bbox 2218 5375 3862 5452">
     <span class='ocr_line' id='line_1_114' title="bbox 2218 5375 3862 5452; baseline 0.002 -21"><span class='ocrx_word' id='word_1_891' title='bbox 2218 5391 2372 5443; x_wconf 89' lang='lat' dir='ltr'>nem,</span> <span class='ocrx_word' id='word_1_892' title='bbox 2402 5391 2519 5448; x_wconf 83' lang='lat' dir='ltr'>per,</span> <span class='ocrx_word' id='word_1_893' title='bbox 2555 5375 2946 5432; x_wconf 89' lang='lat' dir='ltr'>ministerium</span> <span class='ocrx_word' id='word_1_894' title='bbox 2971 5376 3288 5452; x_wconf 83' lang='lat' dir='ltr'>intelligas,</span> <span class='ocrx_word' id='word_1_895' title='bbox 3309 5379 3412 5434; x_wconf 86' lang='lat' dir='ltr'>sed</span> <span class='ocrx_word' id='word_1_896' title='bbox 3433 5378 3644 5450; x_wconf 72' lang='lat' dir='ltr'>potius</span> <span class='ocrx_word' id='word_1_897' title='bbox 3671 5375 3862 5436; x_wconf 76' lang='lat' dir='ltr'>intelli-</span> 
     </span>
    </p>
   </div>
   <div class='ocr_carea' id='block_1_115' title="bbox 2217 5464 3863 5540">
    <p class='ocr_par' dir='ltr' id='par_1_115' title="bbox 2217 5464 3863 5540">
     <span class='ocr_line' id='line_1_115' title="bbox 2217 5464 3863 5540; baseline 0.003 -20"><span class='ocrx_word' id='word_1_898' title='bbox 2217 5481 2322 5538; x_wconf 86' lang='lat' dir='ltr'>gas</span> <span class='ocrx_word' id='word_1_899' title='bbox 2349 5464 2774 5522; x_wconf 85' lang='lat' dir='ltr'>auctoritatem.</span> <span class='ocrx_word' id='word_1_900' title='bbox 2805 5465 2932 5523; x_wconf 90' lang='lat' dir='ltr'>Non</span> <span class='ocrx_word' id='word_1_901' title='bbox 2965 5466 3122 5522; x_wconf 82' lang='lat' dir='ltr'>enim</span> <span class='ocrx_word' id='word_1_902' title='bbox 3143 5467 3314 5524; x_wconf 80' lang='lat' dir='ltr'>Pater</span> <span class='ocrx_word' id='word_1_903' title='bbox 3337 5483 3446 5540; x_wconf 77' lang='lat' dir='ltr'>per</span> <span class='ocrx_word' id='word_1_904' title='bbox 3465 5465 3718 5537; x_wconf 56' lang='lat' dir='ltr'>Fidium,</span> <span class='ocrx_word' id='word_1_905' title='bbox 3749 5473 3863 5524; x_wconf 66' lang='grc' dir='ltr'>ωε</span> 
     </span>
    </p>
   </div>
   <div class='ocr_carea' id='block_1_116' title="bbox 2217 5553 3861 5630">
    <p class='ocr_par' dir='ltr' id='par_1_116' title="bbox 2217 5553 3861 5630">
     <span class='ocr_line' id='line_1_116' title="bbox 2217 5553 3861 5630; baseline 0.004 -21"><span class='ocrx_word' id='word_1_906' title='bbox 2217 5570 2395 5626; x_wconf 89' lang='lat' dir='ltr'>quam</span> <span class='ocrx_word' id='word_1_907' title='bbox 2412 5569 2516 5627; x_wconf 91' lang='lat' dir='ltr'>per</span> <span class='ocrx_word' id='word_1_908' title='bbox 2529 5553 2888 5624; x_wconf 78' lang='lat' dir='ltr'>ministrum,</span> <span class='ocrx_word' id='word_1_909' title='bbox 2906 5558 3198 5629; x_wconf 79' lang='lat' dir='ltr'>operatur,</span> <span class='ocrx_word' id='word_1_910' title='bbox 3217 5556 3546 5630; x_wconf 66' lang='lat' dir='ltr'>praecl-tim</span> <span class='ocrx_word' id='word_1_911' title='bbox 3559 5573 3710 5623; x_wconf 70' lang='lat' dir='ltr'>om</span> <span class='ocrx_word' id='word_1_912' title='bbox 3721 5557 3861 5630; x_wconf 67' lang='lat' dir='ltr'>eila-</span> 
     </span>
    </p>
   </div>
   <div class='ocr_carea' id='block_1_117' title="bbox 2217 5641 3861 5726">
    <p class='ocr_par' dir='ltr' id='par_1_117' title="bbox 2217 5641 3861 5726">
     <span class='ocr_line' id='line_1_117' title="bbox 2217 5641 3861 5726; baseline 0.004 -28"><span class='ocrx_word' id='word_1_913' title='bbox 2217 5641 2348 5699; x_wconf 90' lang='lat' dir='ltr'>dem</span> <span class='ocrx_word' id='word_1_914' title='bbox 2396 5641 2764 5704; x_wconf 80' lang='lat' dir='ltr'>auctoritatis</span> <span class='ocrx_word' id='word_1_915' title='bbox 2799 5647 2857 5703; x_wconf 85' lang='lat' dir='ltr'>et</span> <span class='ocrx_word' id='word_1_916' title='bbox 2898 5645 3203 5724; x_wconf 79' lang='lat' dir='ltr'>potestatis</span> <span class='ocrx_word' id='word_1_917' title='bbox 3231 5645 3313 5706; x_wconf 80' lang='lat' dir='ltr'>sit</span> <span class='ocrx_word' id='word_1_918' title='bbox 3337 5644 3548 5720; x_wconf 83' lang='lat' dir='ltr'>Filius,</span> <span class='ocrx_word' id='word_1_919' title='bbox 3584 5648 3762 5726; x_wconf 74' lang='lat' dir='ltr'>cujus</span> <span class='ocrx_word' id='word_1_920' title='bbox 3783 5646 3861 5704; x_wconf 72' lang='lat' dir='ltr'>ut</span> 
     </span>
    </p>
   </div>
  </div>
