3984 6082
161 315 334 380 ’1713

832 313 1310 378 HOMILUE'IN
1354 315 1601 378 EPIST.
1649 307 1752 378 ET
1793 311 2084 380 EVANG.
2132 318 2484 383 DOMINIC.
2515 353 2594 366 —
2623 321 2824 384 PARS
2868 320 2916 382 Ῑ.

3423 320 3576 382 1714

169 453 234 509 et
249 449 446 516 Pater.
479 447 591 507 Sed
623 447 789 507 Pater
817 447 1031 507 dicitur
1059 449 1286 524 operari
1313 467 1417 524 per
1437 449 1668 520 Filium,
1704 469 1818 509 non
1847 451 1903 520 Α
1934 453 2408 523 mutabilitatem,
2454 455 2825 512 accedentem
2878 470 3111 528 quoque
3143 457 3198 511 et
3228 453 3574 512 mutabilem

175 529 359 599 Filius
389 556 492 614 per
522 539 777 610 Patrem;
802 539 1078 613 quoniam
1097 539 1500 597 auctoritatem
1518 543 1820 614 operandi,

169 635 354 704 quam
385 629 561 686 habet
593 629 795 696 Filius,
826 629 1002 685 habet
1031 646 1065 685 a
1081 630 1266 697 Patre,
1287 647 1401 686 non
1418 629 1584 686 Pater
1604 649 1637 686 a
1657 629 1814 688 Filio.

169 717 268 778 Sic
300 719 479 794 igitur
508 720 909 775 demonstrato
941 719 1095 792 quod
1119 719 1317 776 omnia
1337 721 1489 776 bona
1509 720 1663 775 facta
1683 725 1821 776 sunt

167 820 276 883 per
301 798 579 877 Verbum,
613 813 1039 882 consequenter
1060 808 1389 865 ostenditur
1410 810 1563 882 quod
1589 809 1816 865 nullum

168 898 394 962 malum
427 899 645 954 factum
678 903 767 954 est
792 915 894 971 per
914 898 1130 970 ipsum,
1165 915 1301 955 cum
1332 899 1636 954 subditur:

239 989 307 1044 Et
328 990 452 1046 sine
479 990 594 1061 ipso
624 992 834 1060 factum
859 995 939 1044 est
963 988 1130 1055 nihil,
1174 987 1233 1044 id
1263 991 1352 1044 est
1394 993 1700 1061 peccatum
1728 989 1816 1046 vel

164 1077 400 1140 vitium.
433 1078 550 1134 Hoc
578 1081 667 1133 est
697 1077 852 1149 quod
876 1075 1014 1132 dicit
1033 1077 1064 1133 J
1071 1077 1361 1133 acobusin
1375 1077 1622 1150 epistola
1643 1095 1816 1134 cano-

169 1165 334 1230 nica:
367 1166 534 1228 Omne
563 1161 753 1222 datum
781 1169 1066 1239 optimum,
1107 1174 1159 1224 et
1187 1183 1344 1223 omne
1390 1167 1591 1223 donum
1635 1171 1815 1240 perfe—

165 1265 318 1314 ctum
363 1257 651 1313 desursum
693 1264 788 1324 est,
837 1256 1161 1312 descendens
1218 1275 1252 1312 a
1297 1258 1462 1313 Patre
1517 1258 1812 1324 luminum,

165 1345 316 1418 apud
360 1351 520 1418 quem
565 1361 676 1402 non
722 1353 797 1402 est
841 1347 1220 1402 transmutatio
1269 1362 1370 1401 nec
1417 1347 1814 1402 vicissitudinis

165 1435 503 1494 obumbratio
544 1436 676 1510 (Jac.
725 1434 784 1508 ι).
817 1436 897 1490 Ac
948 1435 996 1490 si
1046 1441 1239 1507 aperte
1289 1435 1472 1491 dicat:
1527 1435 1612 1492 Ita
1660 1436 1814 1492 Deus

166 1525 394 1581 oonfert
423 1525 575 1581 bona
596 1525 751 1598 quod
775 1540 891 1580 non
917 1523 1091 1579 infert
1115 1524 1290 1591 mala,
1316 1524 1397 1581 ita
1419 1531 1608 1582 mutat
1629 1524 1814 1581 homi-

167 1621 273 1678 nes
303 1632 339 1671 a
366 1613 520 1670 malo
551 1613 608 1669 in
643 1615 862 1670 bonum
895 1614 1051 1686 quod
1085 1630 1199 1670 non
1232 1619 1591 1670 transmutat
1621 1631 1719 1671 eos
1742 1616 1811 1671 de

165 1707 319 1764 bono
336 1703 394 1760 in
409 1703 656 1776 malum,
680 1703 762 1759 ita
777 1701 1072 1760 illuminat
1085 1703 1353 1758 homines
1375 1703 1503 1759 luce
1524 1703 1809 1760 virtutum

164 1794 324 1867 quod
353 1809 468 1850 non
499 1791 757 1850 vicissim
781 1792 1094 1848 obumbrat
1115 1809 1214 1848 eos
1235 1793 1490 1850 tenebris
1511 1793 1805 1849 vitiorum.

164 1885 328 1952 Quod
349 1883 507 1942 enim
531 1883 744 1956 legitur
757 1882 910 1939 Deus
931 1898 1218 1938 excaacare
1239 1881 1494 1956 iniquos,
1520 1883 1609 1939 vel
1636 1883 1805 1940 indu-

161 1989 314 2041 rare,
341 1974 454 2030 hoc
485 1972 625 2030 facit
653 1971 854 2044 utique
885 1988 1002 2028 non
1035 1971 1594 2030 tenebrasvitiorum
1619 1974 1810 2029 infun-

162 2051 376 2133 dendo,
408 2079 510 2120 sen
531 2053 731 2120 lumen
754 2061 951 2136 gratim
973 2076 1092 2117 suae
1115 2061 1532 2119 subtrahendo.
1560 2063 1807 2119 Verum-

161 2157 360 2211 tamen
393 2153 978 2212 animadvertendum
1009 2155 1099 2208 est
1127 2153 1408 2224 quoniam
1440 2152 1549 2208 hoc
1593 2169 1805 2209 nomen

160 2243 373 2300 malum
401 2243 460 2300 in
491 2259 660 2300 sacra
690 2241 991 2315 Scriptura
1019 2240 1308 2316 triplicem
1341 2241 1489 2316 gerit
1520 2241 1805 2316 acceptio—

164 2337 320 2390 nam.
340 2333 699 2406 Quandoque
715 2347 970 2405 namque
987 2330 1210 2387 malum
1233 2335 1607 2404 nuncupatur
1621 2349 1801 2404 paena,

162 2423 467 2492 tribulatio,
499 2424 772 2488 anxietas,
805 2420 893 2477 vel
940 2421 1250 2493 ﬂagellum;
1304 2438 1430 2494 quas
1461 2421 1740 2494 quoniam
1773 2437 1808 2477 a

163 2511 620 2586 summojudice
660 2513 822 2584 justo
864 2509 1088 2583 judicio
1134 2509 1554 2579 immittuntur,
1601 2510 1802 2584 procul

161 2603 342 2660 dubio
373 2620 408 2660 a
435 2602 548 2658 Deo
580 2604 736 2658 sunt.
771 2599 936 2657 Unde
969 2598 1201 2673 legitur,
1241 2617 1351 2655 non
1380 2608 1460 2656 est
1504 2602 1714 2656 malum
1745 2605 1805 2657 in

158 2695 381 2751 civitate
410 2691 550 2765 quod
579 2708 689 2746 non
711 2692 907 2762 fecerit
943 2691 1204 2748 Dominus
1245 2692 1445 2766 (Amos.
1481 2693 1590 2758 Ill),
1634 2691 1803 2762 juxta

162 2771 316 2858 quod
346 2783 472 2856 ipse
502 2798 603 2855 per
647 2779 860 2838 Isaiam
908 2778 1076 2834 dicit:
1129 2779 1238 2849 Ego
1281 2795 1403 2835 sum
1450 2780 1586 2835 Deus
1615 2787 1667 2836 et
1695 2797 1803 2837 non

157 2873 318 2940 a'lter,
349 2874 594 2944 formans
625 2871 819 2936 lucem,
851 2877 902 2925 et
929 2885 1119 2925 creans
1147 2869 1414 2937 tenebras,
1463 2871 1674 2942 faciens
1698 2887 1802 2942 pa-

157 2979 291 3030 cem,
323 2971 374 3018 et
401 2977 592 3017 creans
619 2960 832 3016 malum
862 2959 990 3031 (Isa.
1022 2958 1238 3030 vam).
1272 2959 1630 3032 Quandoque
1668 2976 1801 3016 vero

158 3051 376 3109 dicitur
406 3049 648 3118 malum,
681 3047 839 3105 mala
869 3063 980 3116 res,
1014 3051 1078 3102 ut
1108 3052 1249 3120 puta
1281 3046 1473 3104 malus
1495 3047 1690 3116 homo,
1715 3049 1800 3105 vel

159 3141 308 3200 actio
339 3139 513 3196 mala.
547 3140 682 3205 Quae
716 3135 951 3211 quidem
981 3137 1040 3192 in
1075 3141 1360 3208 quantum
1393 3141 1482 3192 est
1511 3154 1545 3193 a
1567 3137 1681 3194 Deo
1705 3156 1803 3193 an-

157 3233 336 3296 ctore,
362 3229 513 3285 bona
545 3231 652 3284 est.
688 3206 1048 3298 Quandoque
1078 3206 1254 3282 etiam
1299 3225 1512 3282 dicitur
1552 3227 1796 3294 malum,
1830 3206 1874 3276 C

155 3321 396 3387 malitia,
425 3316 515 3374 vel
547 3317 844 3390 iniustitia,
878 3320 934 3372 et
955 3314 1254 3388 quodlibet
1275 3319 1600 3388 peccatum.
1635 3317 1796 3382 Quod

1929 543 2111 600 fuisse
2125 544 2183 599 in
2203 545 2315 600 Deo
2332 542 2688 600 voluntatem
2707 548 2764 600 et
2785 544 3250 618 dispositionem,
3275 562 3376 616 per
3397 561 3573 616 quam

1929 633 2124 689 subito
2157 633 2378 706 aliquid
2410 633 2710 699 voluisset,
2735 636 2988 691 ostendit
3009 652 3076 690 ea
3103 652 3229 707 qua:
3263 636 3415 692 facta
3437 640 3577 692 sunt

1927 721 1989 778 in
2037 727 2320 796 tempore,
2368 723 2426 778 in
2477 728 2672 779 mente
2727 723 2922 780 divina
2970 742 3071 797 per
3118 725 3486 796 praesentiam
3521 730 3576 782 et

1928 812 2372 885 dispositionem
2406 829 2636 885 semper
2665 813 2848 868 fuisse
2879 817 2934 869 et
2962 831 3108 882 esse,
3144 831 3278 868 cum
3325 815 3571 886 subjun-

1926 902 2043 976 git:
2079 902 2226 971 Quod
2256 904 2462 973 factum
2490 911 2568 958 est
2595 904 2654 957 in
2687 905 2801 975 ipso
2833 905 2945 958 vita.
2982 912 3119 968 erat,
3161 902 3270 957 hoc
3298 907 3385 958 est
3416 905 3569 975 quod

1927 989 2066 1048 alibi
2099 991 2340 1065 legitur:
2379 1013 2406 1041 ‹‹
2439 993 2546 1057 Qui
2581 992 2713 1048 fecit
2745 1010 2872 1064 quae
2905 993 3103 1048 futura
3135 997 3292 1047 sunt.
3342 993 3487 1048 Hinc
3515 998 3571 1049 ct

1925 1079 2268 1137 Psalmista:
2301 1083 2525 1153 Populo.
2560 1081 2772 1154 inquit,
2806 1084 2902 1154 qui
2930 1090 3210 1148 nascetur,
3245 1099 3402 1152 quem
3438 1084 3568 1153 fecit

1922 1172 2184 1226 Dominus
2216 1171 2386 1244 (Psal.
2420 1175 2557 1241 ιω).
2593 1171 2884 1245 Quidquid
2918 1171 3073 1226 enim
3095 1171 3248 1226 Deus
3275 1175 3566 1244 tempora-

1921 1257 2056 1314 liter
2084 1259 2348 1336 facturus
2389 1263 2532 1328 erat,
2557 1260 2821 1333 praevidit
2843 1261 2914 1315 ab
2935 1263 3168 1326 aeterno,
3193 1259 3352 1332 quid,
3388 1249 3568 1330 quan-

1922 1350 2071 1416 tum,
2107 1348 2299 1422 quale,
2334 1349 2435 1405 ubi
2465 1354 2520 1405 et
2553 1351 2786 1422 quando
2819 1349 2964 1404 illud
3016 1349 3279 1404 facturus
3328 1353 3467 1405 erat.
3505 1348 3564 1404 Si

1920 1437 2078 1494 enim
2111 1439 2464 1495 architectus
2493 1439 2852 1512 temporalis,
2877 1456 3072 1494 arcam
3095 1439 3375 1504 facturus,
3401 1438 3563 1510 prius

1919 1528 2097 1584 habet
2127 1546 2254 1584 eam
2288 1529 2347 1584 in
2380 1533 2573 1584 mente
2591 1545 2695 1601 per
2717 1529 3176 1601 prmvidentiam,
3196 1532 3250 1582 et
3269 1533 3469 1600 postea
3490 1528 3561 1582 ad

1919 1617 2216 1691 exemplar
2245 1619 2459 1674 mentis
2490 1635 2608 1673 suae
2661 1618 2904 1674 fabricat
2935 1623 2989 1672 et
3021 1619 3235 1688 ﬁgurat
3278 1616 3458 1671 illam.
3493 1617 3562 1671 Et

1920 1723 2054 1762 arca
2083 1707 2322 1779 quidem
2355 1706 2675 1763 materialis
2706 1708 2885 1780 perit:
2934 1724 3066 1762 arca
3113 1724 3243 1761 vero
3288 1705 3561 1762 mentalis

1919 1796 2212 1865 consistit;
2245 1797 2326 1852 ita
2355 1798 2511 1869 quod
2544 1798 2614 1852 ad
2638 1796 2932 1868 exemplar
2947 1797 3074 1867 ejus
3091 1795 3205 1850 alia
3225 1799 3281 1850 et
3302 1794 3416 1850 alia
3439 1794 3561 1850 ﬁeri

1918 1885 2124 1958 possit.
2140 1888 2366 1952 Quanto
2381 1885 2568 1959 magis
2581 1884 2874 1958 exemplar
2886 1886 2917 1940 d
2931 1884 3093 1940 ivinze
3114 1883 3329 1940 mentis
3351 1885 3562 1939 immu-

1915 1975 2172 2032 tabiliter
2200 1981 2418 2043 manet,
2452 1975 2586 2032 licet
2615 1992 2705 2031 res
2723 1975 2794 2030 ad
2814 1975 2958 2030 illud
2979 1974 3139 2030 facta:
3165 1973 3562 2048 temporaliter

1916 2065 2196 2122 accedant
2225 2069 2281 2121 et
2311 2066 2607 2122 recedant.
3371 2127 3377 2136 ι

1987 2156 2262 2229 Sequitur
2277 2173 2413 2228 pars
2440 2153 2630 2222 tertia,
2648 2153 2708 2209 in
2728 2171 2842 2226 qua
2866 2153 3070 2226 incipit
3088 2153 3438 2227 evangelista
3459 2153 3556 2210 de-

1915 2249 2242 2302 monstrare
2274 2243 2580 2300 hominum
2613 2243 2844 2299 ruinam
2877 2260 2979 2315 per
3006 2243 3264 2298 Verbum
3296 2244 3396 2300 Dei
3428 2260 3557 2299 esse

1915 2339 2264 2408 reparatam.
2297 2335 2366 2390 Et
2397 2333 2506 2390 hoc
2535 2333 2740 2390 modo:
2777 2333 2969 2388 Primo
3002 2333 3368 2389 demonstrat
3400 2331 3554 2404 quod

1915 2425 2014 2480 Dei
2045 2425 2324 2492 Verbum,
2361 2424 2515 2496 quod
2546 2423 2706 2478 dedit
2735 2421 2955 2478 czeteris
2988 2423 3162 2478 rebus
3193 2440 3319 2478 esse
3347 2421 3435 2477 vel
3466 2421 3554 2476 vi-

1911 2530 2064 2581 vere,
2096 2513 2320 2569 homini
2351 2513 2527 2569 etiam
2547 2511 2934 2585 cognitionem
2955 2512 3045 2566 sui
3065 2511 3352 2567 Creatoris
3375 2511 3552 2566 dedit.

1914 2603 2201 2669 Secundo,
2235 2591 2385 2676 quod
2419 2603 2592 2658 homo
2614 2601 2750 2656 vitio
2774 2618 2881 2656 suo
2907 2600 3065 2656 illam
3095 2600 3310 2656 amisit.
3337 2602 3550 2667 Tertio,

1913 2693 2207 2766 quomodo
2243 2709 2345 2766 per
2371 2691 2624 2747 Verbum
2655 2691 2754 2746 Dei
2796 2689 2957 2745 illam
3008 2689 3388 2762 recuperavit.
3425 2691 3554 2744 Pri-

1912 2799 2075 2838 mum
2099 2781 2277 2855 igitur
2292 2780 2546 2837 ostendit
2561 2781 2714 2852 quod
2735 2780 2834 2835 Dei
2854 2780 3132 2848 Verbum,
3153 2780 3306 2851 quod
3331 2779 3554 2836 caeteris

1911 2872 2086 2928 rebus
2118 2869 2277 2926 dedit
2307 2869 2622 2926 essentiam
2653 2868 2740 2924 vel
2773 2869 2973 2934 vitam,
3008 2868 3348 2924 hominibus
3377 2869 3552 2924 etiam

1911 2959 2070 3017 dedit
2101 2959 2190 3016 sui
2223 2959 2638 3032 cognitionem,
2674 2975 2808 3014 cum
2857 2958 3160 3014 subditur:
3190 2959 3254 3014 Et
3295 2960 3408 3013 vita
3435 2966 3554 3014 erat

1911 3051 2011 3106 tua:
2039 3051 2343 3106 hominum.
2377 3050 2455 3103 Ac
2487 3049 2535 3102 si
2568 3052 2764 3121 aperte
2786 3047 3238 3104 dicat:Verbum
3260 3047 3414 3118 quod
3429 3051 3554 3102 erat

1911 3155 2014 3211 per
2044 3136 2480 3211 metonymiam,
2517 3137 2872 3210 quibusdam
2906 3136 3081 3191 rebus
3114 3135 3386 3202 essentia,
3426 3135 3551 3208 qui-

1911 3228 2161 3284 busdam
2185 3227 2360 3282 etiam
2383 3226 2500 3282 vita
2519 3230 2662 3294 erat,
2689 3225 3027 3281 hominibus
3039 3225 3311 3291 essentia,
3335 3228 3392 3280 et
3411 3224 3546 3293 vita,

1906 3321 1964 3374 et
1992 3316 2110 3372 lux.
2142 3315 2266 3371 Nou
2298 3316 2453 3371 enim
2487 3315 2804 3372 insensatis
2835 3315 3036 3384 rebus,
3072 3332 3186 3370 non
3218 3314 3409 3369 brutis
3431 3314 3552 3368 ani-

1906 3405 2296 3473 malibus,sed
2321 3404 2426 3461 soli
2450 3409 2723 3461 creatura:
2755 3403 3022 3459 rationali
3067 3403 3227 3459 debit
3264 3404 3418 3460 Deus
3457 3402 3550 3458 sui

1905 3495 2319 3570 cognitionem.
2343 3495 2518 3550 Porro
2545 3493 2850 3566 tripliciter
2869 3492 3163 3548 illuminat
3183 3493 3336 3550 Deus
3361 3493 3549 3548 homi-

1906 3601 2061 3655 nem,
2097 3582 2338 3640 rationis
2369 3583 2738 3652 discretione,
2769 3582 2922 3650 ﬁdei,
2948 3586 3403 3653 caeterarumque
3423 3598 3552 3656 gra-

1903 3673 2120 3730 tiarum
2152 3672 2560 3741 illustratione,
2595 3676 2650 3728 et
2677 3674 2767 3727 sui
2803 3670 2988 3743 ipsius
3019 3670 3386 3726 revelatione.
3430 3671 3550 3726 Pri-

1905 3781 2069 3819 mum
2102 3763 2242 3818 facit
2272 3761 2570 3819 hominem
2623 3779 2847 3829 creans,
2901 3761 3228 3816 secundum
3263 3759 3430 3815 illum
3463 3777 3556 3816 re-

158 3409 438 3486 quoniam
468 3406 811 3479 estprivatio
825 3403 1069 3478 justitisz
1099 3403 1243 3460 nihil
1268 3409 1376 3473 est,
1410 3410 1464 3461 et
1488 3405 1618 3463 ideo
1637 3407 1797 3463 aDeo

146 3516 266 3558 non
295 3493 664 3564 est.Quando
685 3511 820 3568 ergo
835 3492 1089 3569 legimus
1115 3494 1269 3566 quod
1289 3499 1615 3567 peccatum,
1641 3497 1795 3570 quod

145 3587 378 3654 vitium,
413 3586 568 3660 quod
593 3584 815 3642 idolum
834 3583 981 3639 nihil
999 3587 1108 3652 est,
1127 3582 1505 3642 distinctione
1519 3601 1666 3658 Opus
1686 3591 1794 3642 est.

149 3677 212 3738 Si
243 3677 398 3734 enim
428 3677 498 3734 de
527 3671 786 3734 nominis
817 3670 1108 3746 appellato
1139 3683 1332 3730 sermo
1364 3673 1598 3742 texitur,
1650 3674 1798 3732 falsa

151 3769 244 3824 est
262 3765 500 3830 locutio,
531 3761 811 3838 quoniam
841 3759 986 3816 illud
1017 3761 1172 3834 quod
1206 3766 1295 3817 est
1344 3767 1670 3835 peccatum,
1703 3764 1795 3820 vel

147 3845 393 3920 idolum,
408 3871 525 3910 non
542 3851 809 3910 nihilest.
835 3849 1229 3908 Homicidium
1249 3851 1465 3925 quippe
1482 3857 1647 3910 actus
1670 3870 1796 3910 cru-

149 3941 297 4009 delis
322 3945 380 4002 et
406 3941 705 4010 immanis,
735 3944 795 3997 et
825 3939 1052 3997 idolum
1093 3957 1306 4013 corpus
1335 3945 1443 4007 est,
1475 3941 1530 3998 Si
1562 3960 1694 3999 vero
1726 3944 1796 4000 de

149 4031 406 4094 nominis
428 4031 714 4106 qualitate
746 4045 937 4086 sermo
968 4034 1350 4102 pr0ponatur,
1383 4030 1584 4102 procul
1617 4031 1795 4090 dubio

147 4141 320 4182 verus
348 4126 440 4180 est
466 4129 680 4178 sermo.
714 4117 864 4176 Illud
897 4118 1111 4192 quippe
1142 4119 1296 4176 unde
1327 4117 1550 4174 idolum
1583 4137 1795 4177 nomen

149 4212 392 4287 accepit,
425 4209 572 4267 nihil
603 4211 716 4275 est,
745 4207 1025 4280 quoniam
1050 4206 1367 4264 conformis
1385 4207 1590 4276 deitas,
1618 4227 1794 4282 quam

1904 3868 2129 3918 creans,
2148 3851 2386 3908 tertium
2415 3850 2582 3906 illum
2602 3849 2960 3923 gloriﬁcans.
2987 3849 3245 3906 Primum
3270 3853 3358 3906 est
3375 3850 3559 3908 homi-

1903 3940 1964 3996 ni
1994 3941 2466 4009 natura;secund
2480 3957 2600 4005 um,
2620 3939 2840 4012 gratia;
2870 3939 3126 4006 tertium,
3153 3956 3373 3995 merces
3396 3944 3559 3994 mter-

1905 4046 1998 4086 na.
2031 4029 2194 4085 Unde
2226 4033 2282 4084 et
2313 4029 2528 4102 legitur
2557 4027 2725 4084 illum
2759 4029 3084 4100 plasmasse
3115 4029 3183 4082 ad
3203 4031 3558 4098 imaginemet

1901 4119 2328 4176 similitudinem
2359 4129 2516 4174 suam
2548 4119 2699 4191 (Gen.
2737 4119 2794 4189 ι).
2829 4118 2916 4172 Ad
2939 4117 3259 4189 imaginem
3287 4117 3347 4172 in
3381 4116 3556 4173 ratio-

1905 4225 1996 4278 ne,
2031 4208 2104 4264 ad
2119 4207 2572 4263 similitudinem
2600 4207 2659 4262 in
2679 4206 2956 4276 bonitate,
2979 4210 3043 4260 ut
3057 4205 3325 4262 videlicet
3347 4223 3555 4278 quem-

1905 4297 2226 4354 admodum
2278 4297 2433 4352 Deus
2481 4301 2570 4352 est
2619 4293 2922 4351 rationalis
2952 4300 3008 4350 et
3037 4297 3245 4364 bonus,
3297 4295 3401 4363 sic,
3453 4296 3553 4351 sed

1905 4403 2010 4444 suo
2044 4386 2237 4452 modo,
2274 4385 2446 4442 homo
2479 4390 2634 4442 esset
2664 4384 3030 4441 rationabilis
3061 4390 3117 4439 et
3149 4386 3430 4451 bonus,et
3464 4403 3554 4440 ra-

1905 4475 2064 4532 tione
2088 4475 2325 4548 quidem
2341 4474 2518 4530 sciret
2531 4475 2862 4530 discernerc
2876 4490 3075 4529 verum
3091 4490 3124 4528 a
3147 4473 3312 4543 falso,
3338 4474 3556 4528 bonum

151 4302 298 4360 falsa
326 4299 636 4358 hominum
659 4295 855 4371 opinio
877 4295 928 4352 ei
951 4295 1239 4363 attribuit,
1255 4294 1398 4352 nihil
1422 4314 1664 4370 prorsus
1684 4303 1794 4365 est,

151 4389 436 4450 Similiter
463 4391 521 4445 et
553 4385 697 4443 illud
731 4385 885 4442 unde
917 4384 1300 4442 homidicium
1325 4387 1793 4459 cognominatur,

152 4479 300 4538 nihil
331 4484 441 4548 est,
471 4476 748 4552 quoniam
780 4491 896 4530 non
928 4477 1168 4542 naturai,
1202 4474 1302 4530 sed
1335 4474 1528 4548 potius
1551 4476 1796 4548 justitize

152 4567 448 4642 debitique
479 4567 612 4626 finis
638 4563 882 4639 privatio
928 4567 1036 4620 est.
1083 4563 1152 4619 Et
1181 4581 1316 4620 cum
1366 4564 1644 4622 subtilius
1676 4583 1795 4623 rem
1831 4579 1879 4645 Ι)
1909 4581 1943 4620 a
1976 4563 2150 4630 malo,
2184 4567 2240 4620 et
2272 4565 2466 4636 majus
2492 4564 2711 4619 bonum
2733 4563 2976 4618 aminus
3003 4564 3174 4618 bono.
3201 4563 3272 4618 Et
3293 4562 3560 4635 itasuper

152 4657 546 4732 inquiramus,
562 4653 760 4716 nullus
773 4657 938 4709 actus
951 4656 1474 4724 quantumcunque
1493 4671 1800 4726 pervorsus

151 4747 251 4817 sit,
284 4764 318 4804 a
346 4745 541 4802 debito
573 4745 686 4800 ﬁne
718 4744 1056 4798 frustratur.
1075 4741 1142 4796 Et
1161 4741 1208 4796 si
1241 4741 1399 4797 enim
1413 4759 1589 4815 prava
1612 4743 1806 4799 inten-

149 4835 233 4895 tio
277 4835 526 4910 agentis,
577 4836 863 4908 quantum
914 4830 973 4886 in
1007 4847 1068 4887 se
1100 4834 1210 4901 est,
1261 4834 1456 4888 actum
1507 4833 1807 4903 pervertit,

149 4931 347 4983 tamen
379 4941 649 4981 summus
667 4925 871 4979 auctor
885 4937 1032 4992 opus
1047 4936 1221 4976 suum
1236 4920 1306 4975 ad
1330 4920 1595 4976 debitum
1613 4922 1811 5008 finem,

147 5010 208 5074 id
230 5019 325 5072 est
352 5013 427 5070 ad
450 5011 696 5085 justitiae
721 5009 809 5068 vel
830 5008 1377 5066 misericordimsuas
1398 5009 1631 5066 laudem
1659 5027 1813 5066 sem-

147 5121 255 5180 per
282 5102 503 5178 dirigit.
531 5103 601 5158 Et
652 5103 846 5157 tamen
896 5098 1032 5156 inde
1079 5115 1295 5172 pravus
1344 5098 1614 5155 minister
1651 5101 1812 5171 juste

150 5193 488 5260 damnatur,
503 5191 781 5266 quoniam
798 5194 994 5246 actum
1011 5187 1606 5262 quantumcunquein
1623 5205 1683 5244 se
1698 5192 1804 5256 est,

153 5301 190 5341 ι
219 5277 414 5342 debito
429 5281 542 5338 fine
554 5279 818 5355 privavit,
845 5277 1346 5352 quemadmodum
1369 5275 1467 5333 ille
1493 5277 1589 5349 qui
1615 5293 1808 5351 regem

154 5367 633 5444 voluitprodere,
676 5369 1012 5436 damnatur,
1064 5384 1178 5426 non
1213 5367 1353 5439 quia
1400 5365 1674 5438 prodidit,
1710 5367 1809 5423 sed

155 5461 318 5538 quia,
352 5464 641 5535 quantum
672 5458 733 5516 in
775 5476 841 5516 eo
888 5461 999 5525 est,
1034 5457 1189 5514 fecit.
1243 5456 1560 5527 Postquam
1615 5460 1810 5512 autem

159 5543 314 5612 dixit
338 5549 700 5626 evangelista
728 5565 832 5622 per
859 5547 1118 5604 Verbum
1151 5546 1304 5606 facta
1345 5561 1472 5601 esse
1522 5544 1810 5614 universa,

1911 4652 2400 4725 omniareperiret
2414 4657 2471 4708 et
2488 4656 3135 4724 recognosceretverum
3169 4656 3226 4706 et
3258 4667 3559 4706 summum

1917 4743 2160 4811 bonum,
2195 4742 2453 4798 bonitate
2485 4759 2614 4798 vero
2663 4741 2994 4797 imitaretur
3022 4746 3078 4796 et
3107 4739 3316 4796 coleret
3344 4740 3559 4812 ipsum.

1919 4832 2081 4889 Unde
2103 4848 2236 4888 cum
2260 4831 2961 4903 Psalmistaquzestionem
2978 4828 3563 4902 posuissetquorum-

1920 4921 2055 4977 dam
2088 4920 2442 4976 dicentium:
2480 4921 2611 4989 Quis
2632 4919 2865 4975 ostendet
2892 4921 3048 4976 nobis
3080 4919 3254 4975 bona?
3274 4919 3444 4986 (Psal,
3465 4919 3561 4991 ιν).

1922 5011 2133 5068 Statim
2167 5009 2298 5082 quis
2328 5011 2482 5066 bona
2511 5008 2679 5064 nobis
2728 5007 3069 5076 ostenderit,
3121 5007 3394 5079 ostendit,
3429 5025 3563 5063 cum

1924 5098 2254 5172 subjungit:
2289 5101 2580 5168 Signatum
2607 5107 2685 5154 est
2711 5115 2872 5170 super
2896 5114 2989 5153 nos
3021 5099 3201 5154 lumen
3247 5097 3426 5153 vultus
3457 5100 3564 5165 tui,

1915 5191 2141 5246 Domine
2164 5189 2366 5261 (ibid).
2415 5187 2631 5244 Vultus
2680 5187 2888 5260 qaippe
2942 5185 3041 5242 Dei
3095 5186 3276 5243 Filius
3321 5190 3431 5252 est,
3466 5204 3569 5260 per

1919 5295 2093 5351 quem
2125 5277 2276 5334 Deus
2307 5277 2698 5350 cognoscitur,
2731 5278 2901 5348 cujus
2923 5276 3122 5332 lumen
3141 5276 3358 5332 dicitur
3381 5278 3570 5348 gratia

1917 5367 2200 5423 virtutum
2231 5367 2382 5438 ejus,
2414 5383 2664 5440 quarum
2689 5366 2882 5422 radios
2899 5383 3004 5421 nos
3022 5366 3216 5439 signat
3236 5364 3568 5436 etinsignit,

1921 5462 1978 5514 et
2008 5458 2115 5512 hoc
2148 5472 2310 5529 super
2331 5473 2446 5526 nos,
2482 5457 2538 5512 id
2572 5461 2662 5512 est
2690 5457 2746 5512 in
2780 5455 3070 5528 superiori
3104 5459 3266 5528 parte
3301 5454 3570 5521 rationis,

1924 5545 1983 5600 in
2018 5565 2130 5620 qua
2159 5545 2283 5603 sola
2315 5545 2739 5618 relucctimago
2759 5545 2880 5614 Dei,
2905 5549 3191 5618 tanquam
3205 5541 3500 5611 exemplar
3519 5542 3578 5594 in

160 5658 237 5702 ne
267 5640 362 5700 cui
385 5637 682 5699 videretur
711 5638 1039 5696 secundum
1079 5652 1276 5693 rerum
1329 5633 1727 5692 accessionem
1759 5639 1816 5692 et
1925 5634 2165 5708 speculo
2197 5640 2255 5692 et
2285 5633 2471 5689 forma
2501 5632 2687 5704 sigilli
2717 5633 2862 5690 ceris
2896 5631 3225 5702 impressis.
3260 5628 3390 5685 Hmc
3430 5627 3584 5682 enim

221 5793 259 5874 ἓξ
