3984 6082
429 207 587 270 1715

1429 209 1825 273 ADDENDA.
1860 243 1936 264 -ε-
1968 206 2371 278 RABULPHI
2409 211 2831 289 ABDENTIS:

3670 210 3843 274 {716

428 339 789 417 originaliter
817 359 1117 400 summum
1141 342 1314 417 sapit,
1328 347 1505 413 amat,
1538 348 1594 401 et
1610 342 2071 417 quaeritbonum,
2099 340 2160 413 Α
2185 344 2466 418 parabilis
2496 345 2804 420 deperiret.
2834 345 2970 422 Agit
2996 347 3193 404 autem
3240 342 3353 402 hoc
3382 344 3586 403 modo:
3640 342 3840 420 primo

434 438 492 492 et
524 432 876 490 naturaliter
913 434 985 489 ad
1040 450 1214 490 suum
1265 450 1497 505 semper
1546 433 1763 490 revolat
1793 437 1849 490 et
1886 433 2076 490 tendit

431 521 729 596 exemplar
756 526 813 578 et
843 522 1396 596 principium.Sicut
1408 522 1720 580 Psalmista
1739 527 1989 579 testatus
2002 523 2073 579 ad

429 614 628 686 ipsum
659 611 935 685 loquens:
972 613 1091 668 Tibi
1116 612 1260 667 dixit
1309 628 1404 668 cor
1449 629 1650 681 meum,
1701 614 1996 686 exquisivit
2026 621 2076 670 te

426 704 598 777 facies
627 718 768 772 mea,
817 703 1019 773 faciem
1056 709 1227 770 tuam,
1272 703 1520 770 Domine,
1573 703 1859 775 requiram
1898 702 2071 772 (Psal.

429 792 602 865 xxvr).
640 791 706 846 Et
751 793 970 863 quanto
1021 790 1209 863 magis
1258 790 1452 864 imago
1502 790 1700 848 divina
1738 791 1797 847 in
1840 792 2010 848 nobis
2041 809 2076 848 a

428 881 589 937 vitiis
635 880 1002 953 puriﬁcatur,
1041 883 1099 934 et
1143 879 1457 936 virtutibus
1505 880 1620 936 Deo
1669 880 2073 947 assimulatur,

432 973 595 1027 tanto
626 969 815 1042 magis
846 985 981 1024 eum
1014 968 1331 1041 cognoscit,
1365 970 1530 1025 ardet
1558 974 1617 1026 et
1645 970 1872 1043 quaerit.
1904 969 2077 1025 Caste-

433 1075 565 1114 rum
597 1058 740 1113 dum
769 1074 803 1113 a
832 1056 1050 1112 carnali
1071 1056 1496 1114 inhabitatione
1517 1076 1683 1115 mens
1704 1063 2073 1133 aggravetur,

433 1146 639 1221 nequit
667 1163 1088 1219 usquequaque
1121 1146 1322 1204 sordes
1336 1146 1606 1204 vitiorum
1621 1165 1655 1204 a
1676 1165 1739 1205 se
1760 1147 2072 1215 declinare,

430 1254 537 1294 nec
567 1252 772 1293 omnes
801 1235 1016 1291 Christi
1037 1234 1282 1292 virtutes
1303 1236 1900 1311 :emulari,necipsas,
1928 1254 2077 1311 quas

430 1327 627 1398 habet,
661 1325 733 1382 ad
765 1341 1023 1398 unguem
1040 1325 1327 1398 perfectas
1342 1325 1624 1384 obtinere.
1642 1328 1948 1400 Propterea
1959 1343 2077 1383 non

431 1420 623 1490 potest
651 1415 747 1471 hic
778 1430 1081 1470 summum
1112 1415 1333 1470 bonum
1366 1414 1676 1488 speculari,
1718 1416 1856 1484 nisi,
1889 1421 1957 1473 ut
1995 1415 2079 1473 ait

430 1503 765 1578 Apostolus,
809 1519 906 1576 per
953 1510 1233 1576 speeutum
1261 1511 1315 1560 et
1338 1507 1399 1560 in
1445 1506 1756 1577 aenigmate.
1799 1506 1883 1561 Ea:
1920 1513 2080 1579 parte

431 1595 583 1652 enim
612 1595 702 1649 hic
723 1593 1112 1663 cognoscimus,
1145 1600 1197 1649 et
1223 1609 1295 1649 ex
1319 1602 1476 1665 parte
1499 1594 1906 1666 prophetamus.
1944 1594 2079 1650 Cum

432 1691 614 1742 autem
642 1681 907 1755 deposita
935 1680 1307 1749 mortalitate,
1354 1684 1563 1740 venerit
1594 1684 1733 1757 quod
1780 1687 2079 1757 perfectum

432 1783 529 1840 est,
591 1775 816 1830 remota
860 1771 1021 1828 omni
1070 1771 1247 1837 nube,
1300 1770 1599 1828 videbimus
1645 1788 1770 1829 eum
1815 1775 1960 1846 [acie
2006 1774 2078 1830 ad

433 1865 635 1939 faciem
663 1865 839 1935 atque
866 1862 1036 1917 sicuti
1053 1869 1132 1917 est
1159 1861 1206 1934 (1
1233 1861 1353 1917 Cor.
1394 1878 1525 1929 xm;
1555 1861 1583 1917 Ι
1606 1863 1765 1919 Joan.
1808 1862 1915 1935 1n).
1968 1863 2077 1928 Qui

434 1969 570 2010 vero
600 1950 859 2008 divinam
886 1949 944 2005 in
978 1966 1041 2006 se
1071 1949 1387 2023 imaginem
1419 1949 1725 2024 negligunt
1745 1950 2076 2025 purificare,

437 2043 727 2118 patientes
753 2055 883 2098 eam
915 2038 1199 2112 paulatim
1215 2038 1369 2095 vitiis
1394 2039 1720 2108 obscurari,
1750 2058 1866 2097 non
1888 2041 2080 2098 solum

437 2131 695 2191 divinam
727 2129 1007 2187 amittunt
1044 2126 1512 2196 similitudinem,
1567 2129 1669 2184 sed
1725 2128 1901 2185 etiam
1952 2130 2081 2204 ipsa

438 2223 500 2280 in
530 2222 615 2280 eis
663 2220 859 2293 imago
908 2216 1262 2273 diminuitur
1310 2221 1369 2272 et
1415 2216 1813 2287 obnubilatur,
1861 2223 1927 2274 ut
1976 2219 2077 2276 Dei

437 2311 687 2384 coelique
717 2309 789 2365 ad
820 2323 951 2380 qua
979 2306 1155 2363 creati
1189 2309 1327 2363 sunt
1355 2305 1540 2372 obliti,
1574 2322 1737 2363 more
1787 2308 2078 2381 pecudum

437 2402 511 2459 ad
541 2404 757 2457 terram
787 2396 927 2453 totis
959 2394 1264 2452 desideriis
1313 2394 1696 2451 incurventur
1714 2397 1887 2469 juxta
1931 2396 2079 2454 illud

437 2488 792 2549 Psalmistaa:
819 2491 993 2544 Homo
1023 2501 1144 2541 cum
1178 2486 1240 2541 in
1259 2485 1463 2542 honore
1489 2493 1759 2554 esset,non
1779 2487 2077 2556 intellexit;

436 2586 774 2653 comparatus
793 2583 873 2634 est
890 2576 1156 2649 jumentis
1179 2575 1585 2647 insipientibus,
1608 2584 1659 2631 et
1686 2575 1891 2632 similis
1903 2578 2081 2648 factus

436 2679 513 2729 est
542 2670 657 2726 illis
683 2666 856 2738 (Psal.
889 2667 1107 2733 xnvm).
1140 2662 1425 2720 Caeterum
1456 2667 1512 2720 et
1540 2662 1590 2720 si
1610 2664 1808 2721 divina
1824 2663 1884 2720 in
1912 2664 2082 2722 nobis

438 2759 633 2832 imago
665 2772 769 2831 per
799 2755 1003 2813 sordes
1029 2751 1305 2809 vitiorum
1343 2751 1609 2823 violetur,
1643 2758 1700 2810 et
1742 2754 2080 2828 offuscetur,

438 2861 812 2922 nequaquam
846 2848 1042 2900 tamen
1088 2858 1511 2915 usquequaque
1553 2844 1869 2899 suffocatur
1896 2848 1953 2900 et
1978 2845 2082 2901 de-

2183 435 2515 493 demontrat
2535 436 2692 508 quod
2706 435 3303 509 humanaredemptio
3318 434 3723 509 praenuntiata
3739 435 3839 505 sit;

2184 524 2459 592 secundo,
2494 541 2597 597 per
2625 541 2800 598 quem
2830 525 2982 581 facta
3012 524 3117 593 sit;
3166 524 3360 592 tertio,
3402 525 3561 598 quod
3610 541 3737 582 non
3768 525 3842 582 ab

2183 611 2459 669 omnibus
2489 617 2759 685 suscepta
2787 612 2893 682 sit;
2923 615 3158 686 quarto,
3177 611 3319 685 quid
3337 611 3475 669 boni
3493 629 3629 669 eam
3652 612 3841 669 susci-

2183 702 2483 776 pientibus
2512 700 2857 771 contulerit;
2911 701 3139 775 quinto,
3191 701 3486 774 quomodo
3538 701 3703 758 facta
3730 702 3837 759 sit:

2184 795 2623 865 sexto,quorum
2638 790 3113 848 attestationihus
3127 790 3449 864 approbata
3461 790 3721 859 sit,Cum
3740 809 3838 848 au-

2183 884 2302 937 tem
2333 881 2405 936 ab
2419 880 2652 937 exordio
2676 879 2900 949 mundi,
2918 879 3175 953 primum
3190 878 3609 952 apatriarchis,
3624 881 3835 937 deinde

2183 974 2242 1027 et
2272 987 2306 1026 a
2335 969 2636 1043 prophetis
2646 969 3014 1043 prazfigurata
3028 968 3224 1037 fuerit,
3237 973 3434 1026 tamen
3446 968 3833 1044 evangelista,

2182 1057 2480 1116 brevitatis
2509 1075 2708 1128 causa,
2739 1074 2808 1115 ea
2835 1057 3226 1132 praetermittit
3255 1075 3383 1132 quae
3422 1059 3834 1116 convenientia

2185 1148 2308 1207 suis
2339 1148 2401 1204 in
2431 1147 2576 1205 locis
2604 1147 2967 1206 occurrerint
2984 1147 3269 1221 positura,
3296 1151 3352 1204 et
3371 1164 3407 1204 a
3423 1147 3834 1222 propinquiori

2186 1235 2670 1311 pramuntiatione
2713 1235 2922 1310 incipit
2967 1237 3366 1311 praecursoria,
3417 1236 3519 1310 qui
3550 1241 3834 1310 tanquam

2184 1326 2390 1384 lucifer
2417 1326 2815 1400 propinquum
2844 1324 3051 1393 solem,
3074 1329 3132 1382 et
3150 1330 3435 1399 tanquam
3464 1343 3687 1383 aurora
3704 1344 3835 1400 pro-

2186 1417 2471 1490 pinquum
2491 1416 2645 1473 diem
2660 1415 3060 1489 praecucurrit.
3077 1419 3244 1472 Hunc
3258 1414 3635 1489 igiturtalem
3654 1415 3837 1473 fuisse

2187 1505 2484 1574 describit,
2517 1504 2752 1579 qualem
2784 1521 3207 1578 praecursorem
3247 1503 3666 1577 Redemptoris
3712 1522 3839 1562 esse

2186 1594 2472 1665 convenit,
2497 1599 2555 1651 et
2584 1594 2679 1651 cui
2708 1594 2918 1651 merito
2947 1593 3305 1651 credendum
3325 1592 3423 1650 sit.
3447 1595 3842 1652 Commendat

2187 1690 2384 1742 autem
2414 1700 2549 1741 eum
2580 1701 2614 1741 a
2642 1687 2867 1753 natura,
2901 1700 2937 1740 a
2965 1682 3270 1758 dignitate,
3309 1699 3345 1739 a
3374 1683 3635 1751 nomine,
3677 1688 3741 1740 et
3767 1684 3841 1741 ab

2185 1774 2397 1832 officio.
2431 1773 2605 1831 Porro
2634 1790 2670 1830 a
2698 1776 2911 1829 natura
2935 1789 3070 1830 eum
3094 1772 3490 1841 commendat,
3509 1788 3651 1829 cum
3670 1773 3839 1843 dicit,

2183 1867 2296 1938 fuit
2322 1864 2477 1921 homo
2503 1865 2705 1919 missus
2735 1880 2769 1918 a
2798 1863 2922 1919 Deo.
2954 1863 3071 1919 Hoc
3099 1866 3191 1918 est
3218 1860 3610 1929 rationabilis,
3631 1867 3695 1919 et
3714 1862 3845 1920 illu-

2188 1958 2409 2012 stratus
2470 1950 2728 2027 imagine
2782 1955 2840 2008 et
2895 1949 3288 2008 similitudine
3354 1950 3659 2009 creatoris.
3724 1952 3844 2010 Hoc

2186 2042 2342 2101 enim
2374 2058 2606 2106 nomen,
2632 2040 2827 2110 homo,
2854 2039 3210 2115 quandoque
3239 2039 3477 2114 ponitur
3506 2039 3568 2096 in
3590 2039 3847 2115 plenitu-

2188 2130 2323 2188 dine
2352 2147 2474 2188 suae
2503 2129 2971 2204 significationis,
3003 2133 3069 2186 ut
3097 2129 3331 2203 quando
3361 2128 3606 2186 dicitur:
3653 2133 3844 2189 Homo

2189 2225 2277 2279 est
2305 2219 2523 2278 animal
2550 2217 2833 2276 rationale
2861 2223 2920 2276 et
2948 2217 3213 2276 mortale.
3236 2218 3598 2292 Quandoque
3622 2236 3765 2277 vero
3784 2219 3843 2277 in

2188 2313 2349 2384 parte
2361 2307 2767 2382 plenitudinis,
2785 2312 2994 2365 ettunc
3014 2311 3118 2365 aut
3136 2307 3377 2382 ponitur
3394 2324 3498 2382 pro
3522 2309 3841 2383 superiori,

2188 2403 2254 2456 ut
2282 2416 2416 2456 cum
2447 2398 2690 2455 dicitur:
2725 2398 2864 2455 Deus
2890 2399 3096 2455 ereavit
3124 2398 3397 2455 hominem
3428 2397 3499 2454 ad
3538 2400 3843 2472 imaginem

2186 2496 2240 2547 et
2262 2487 2685 2545 similitudinem
2711 2503 2871 2543 suam
2899 2485 3053 2557 (Gen.
3087 2486 3151 2559 ι),
3185 2490 3289 2542 aut
3314 2502 3419 2559 pro
3454 2486 3748 2555 inferiori,
3780 2492 3841 2545 ut

2187 2578 2423 2651 quando
2453 2575 2696 2633 dicitur:
2730 2577 2894 2633 Homo
2923 2582 3083 2632 natus
3110 2575 3176 2632 de
3201 2576 3454 2643 muliere,
3480 2576 3638 2632 brevi
3655 2579 3841 2635 vivens

2188 2675 2469 2740 tmmpore,
2501 2666 2742 2739 repletur
2768 2665 2959 2722 multis
2988 2666 3229 2722 miseriis
3258 2665 3374 2733 (Job
3401 2665 3543 2737 xlv).
3574 2666 3624 2721 A
3646 2665 3842 2741 digni-

2185 2759 2306 2814 tate
2351 2771 2488 2812 eum
2533 2754 2927 2822 commendat,
2978 2769 3116 2810 cum
3163 2752 3339 2809 dicit:
3390 2752 3592 2810 Missus
3621 2772 3663 2810 α
3712 2755 3839 2813 Deo.

2189 2843 2501 2916 Apostolus
2550 2841 2862 2915 (ἀπόστολος)
2908 2843 3122 2911 Graece,
3168 2844 3371 2898 missus
3433 2841 3643 2900 Latine
3699 2844 3842 2901 dici-

439 2938 708 3005 struitur,
759 2935 857 2991 sed
898 2932 959 2988 in
1008 2936 1465 3005 quantocunque
1505 2937 1807 3005 peccatore
1853 2950 2085 3006 semper
2190 2938 2306 2992 tur.
2340 2933 2473 2990 Fuit
2502 2933 2682 3007 igitur
2713 2933 3028 3002 maximus,
3048 2930 3488 3005 quinonsolum
3508 2932 3842 3005 apostolus,

434 3028 577 3086 vivit
604 3023 861 3084 scintilla
888 3021 1155 3091 rationis,
1199 3037 1330 3095 quae
1370 3021 1789 3078 conscientiam
1821 3026 2078 3092 accusat,

2188 3025 2291 3082 sed
2320 3023 2495 3080 etiam
2527 3039 2562 3079 a
2580 3022 2696 3079 Deo
2708 3020 3152 3096 anteapostolos
3174 3019 3841 3094 missus,apostolorum

436 3115 663 3174 malum
694 3112 986 3187 reprobat,
1020 3089 1359 3183 bonumque
1390 3110 1781 3167 commendat.
1824 3110 1987 3168 Unde
2019 3089 2077 3168 in
2109 3089 2153 3158 δ
2185 3112 2499 3187 Apostolus
2535 3115 2622 3169 est
2669 3089 2959 3168 factusz
2988 3110 3226 3168 nomine
3254 3127 3393 3167 eum
3439 3089 3843 3182 commendat,

434 3203 744 3279 Evangelia
776 3203 966 3269 Lucae,
1012 3198 1109 3256 ille
1140 3198 1239 3272 qui
1288 3198 1495 3256 incidit
1522 3199 1583 3254 in
1631 3198 1908 3268 latrones,
1942 3217 2077 3258 cum

434 3295 732 3370 legaturet
744 3290 1030 3364 spoliatus
1042 3293 1100 3346 et
1118 3287 1479 3356 vulneratus,
1492 3305 1865 3362 nequaquam
1879 3293 2077 3348 tamen

433 3386 651 3443 dicitur
682 3382 1040 3446 interfectus,
1055 3378 1155 3434 sed
1172 3377 1482 3434 semivivus
1498 3377 1810 3435 derelictus
1834 3380 1983 3451 (Luc.
1998 3381 2074 3455 x).

435 3477 501 3531 Et
528 3474 636 3529 hoc
657 3474 747 3528 est
773 3469 927 3542 quod
961 3466 1056 3524 hic
1085 3465 1438 3540 evangelista
1467 3467 1881 3540 subjungitzEt
1900 3471 2002 3525 tua:
2018 3472 2077 3526 in

432 3563 664 3621 tenebris
694 3561 851 3616 lueet.
882 3559 962 3613 Ac
993 3556 1041 3613 si
1072 3560 1268 3629 aperte
1289 3555 1466 3624 dicat,
1488 3554 1624 3612 licet
1652 3556 1922 3614 homines
1939 3559 2076 3617 vitio

433 3669 540 3710 suo
571 3649 910 3707 tenebrosos
943 3662 1006 3703 se
1044 3644 1280 3714 faciant,
1312 3649 1388 3715 et,
1439 3650 1726 3718 quantum
1759 3646 1819 3702 in
1851 3648 1936 3705 eis
1964 3654 2073 3720 est,

434 3741 627 3798 lucem
658 3736 915 3795 divinam
943 3753 977 3792 a
1003 3752 1065 3792 se
1094 3733 1409 3808 expellant,
1440 3738 1637 3791 tamen
1668 3733 1766 3791 lux
1797 3736 1995 3795 divina
2015 3739 2074 3796 in

434 3833 631 3888 mente
641 3843 865 3896 eorum,
879 3829 1161 3898 tanquam
1178 3823 1237 3880 in
1258 3824 1496 3898 speculo
1515 3841 1641 3893 suo,
1667 3824 1930 3895 resultat,
1945 3845 2077 3900 qua;

429 3936 530 3978 eos
560 3920 798 3975 accusat
827 3918 885 3972 et
928 3914 1189 3970 damnat.
1240 3912 1357 3970 Nec
1388 3911 1580 3968 solum
1612 3911 1673 3968 in
1720 3918 1936 3981 mente,
1973 3917 2073 3973 sed

428 4007 608 4067 etiam
637 4006 700 4062 in
711 4002 1037 4070 elementis,
1052 4002 1395 4074 caeterisque
1411 4000 1694 4058 creaturis
1708 4001 2077 4061 relucetima-

427 4114 502 4173 go
557 4093 857 4153 Creatoris.
911 4091 1190 4165 quoniam
1239 4091 1618 4164 perpetuitas,
1670 4090 2074 4167 pulchritudo,

426 4185 681 4253 bonitas,
713 4181 1001 4256 sapientia
1016 4184 1294 4237 creaturae
1320 4179 1792 4253 perpetuitatem,
1817 4180 2075 4254 pulchri-

424 4274 713 4342 tudinem,
735 4271 1061 4329 bonitatem
1073 4273 1130 4327 et
1147 4267 1497 4342 sapientiam
1512 4270 1897 4343 comprobant
1908 4271 2075 4329 Creao

426 4363 593 4423 toris.

2188 3219 2323 3260 cum
2356 3200 2584 3258 subdit:
2618 3199 2722 3257 Cui
2768 3217 2966 3258 nomen
3012 3208 3132 3258 erat
3175 3200 3430 3258 Joannes.
3476 3199 3659 3257 Enim
3716 3220 3845 3260 vero

2186 3291 2443 3349 Joannes
2471 3291 2657 3361 gratia
2702 3289 3139 3363 interpretatur.
3172 3289 3241 3345 Et
3266 3289 3415 3348 bene
3446 3306 3480 3346 a
3510 3289 3715 3363 gratia
3746 3309 3844 3348 no-

2187 3398 2321 3437 men
2353 3380 2622 3447 babebat,
2655 3378 2755 3452 qui
2786 3379 2975 3453 gratia
3005 3378 3254 3435 refertus
3282 3382 3427 3447 erat,
3459 3378 3845 3455 gratiamque

2186 3469 2499 3543 praedicare
2530 3468 2797 3525 veniebat
2827 3472 2938 3526 Lex
2979 3469 3132 3525 enim
3156 3476 3208 3524 et
3245 3467 3524 3541 prophetia
3570 3484 3755 3543 usque
3780 3471 3845 3527 ad

2181 3561 2449 3616 Joannem
2477 3560 2629 3627 (Luc.
2662 3558 2800 3629 XVI).
2825 3558 2909 3613 Ab
2922 3556 3113 3614 officio
3135 3574 3272 3614 eum
3287 3557 3840 3626 commendat,cum

2186 3646 2525 3721 subjungit:
2558 3648 2657 3703 Hic
2685 3648 2831 3704 venit
2859 3648 2919 3702 in
2948 3647 3340 3713 testimonium,
3370 3654 3432 3702 ut
3458 3649 3841 3705 testimonium

2180 3738 2487 3812 perhiberet
2512 3736 2577 3792 de
2606 3736 2836 3793 lumine.
2868 3735 2994 3792 Non
3012 3735 3173 3792 enim
3190 3734 3528 3804 casualiter,
3556 3753 3681 3793 non
3706 3737 3841 3794 inci-

2185 3827 2390 3883 denter
2416 3827 2488 3882 de
2517 3825 2739 3881 lumine
2764 3824 3166 3883 testimonium
3195 3822 3511 3898 perhibuit,
3547 3825 3657 3882 scd
3709 3843 3837 3901 spe-

2184 3914 2410 3972 cialiter
2437 3915 2508 3971 ad
2541 3913 2651 3971 hoc
2681 3920 2737 3971 et
2768 3912 3169 3988 principaliter
3198 3912 3419 3970 missus
3464 3917 3577 3982 est,
3621 3915 3701 3971 ad
3735 3914 3841 3972 hoc

2181 4004 2358 4071 venit,
2391 4003 2461 4061 ad
2493 4003 2603 4059 hoc
2638 4001 2927 4060 sollicitus
2954 4002 3082 4059 fuit.
3119 4004 3396 4072 Utomnes,
3419 4001 3638 4076 inquit,
3663 4005 3846 4061 crede-

2183 4101 2305 4150 rent
2325 4110 2426 4166 per
2454 4092 2636 4149 illum.
2668 4092 2846 4159 Quasi
2876 4091 2973 4148 ille
3001 4091 3188 4149 dicat:
3213 4093 3505 4159 Quantum
3529 4090 3591 4147 in
3613 4109 3683 4149 se
3707 4092 3841 4163 fuit,

2182 4182 2317 4239 fecit
2346 4186 2412 4238 ut
2441 4198 2646 4239 omnes
2675 4181 2995 4238 crederent.
3026 4181 3100 4238 Et
3114 4180 3164 4237 si
3195 4180 3331 4254 quis
3346 4197 3463 4237 non
3483 4180 3765 4249 credidit,
3780 4183 3841 4240 in

2179 4288 2246 4328 eo
2279 4289 2393 4328 non
2425 4268 2726 4328 remansit.
2759 4269 2912 4327 Sane
2941 4269 3064 4326 hac
3093 4273 3349 4343 quatuor
3377 4285 3504 4342 qua:
3537 4268 3636 4327 hic
3669 4288 3841 4328 com-

2180 4360 2536 4417 mendantur
2566 4359 2624 4415 in
2653 4358 2899 4427 Joanne,
2932 4358 2993 4414 in
3024 4357 3285 4433 quolibet
3315 4356 3680 4431 requirenda
3697 4364 3843 4418 sunt

495 4455 562 4511 Et
590 4451 841 4521 tenebrae,
873 4449 1085 4523 inquit,
1128 4464 1249 4504 ea»:
1280 4463 1393 4504 non
1433 4446 1975 4519 comprehenderunt,
2009 4450 2065 4506 id
2098 4466 2146 4533 ι)
2173 4449 2568 4524 praedicatore,
2600 4446 2871 4504 videlicet
2898 4451 2965 4505 ut
2998 4447 3076 4504 sit
3114 4464 3232 4505 non
3249 4448 3482 4516 brutus,
3506 4447 3613 4504 sed
3650 4450 3837 4507 ratio-

422 4546 514 4602 est
543 4559 659 4600 non
688 4538 1118 4607 intellexerunt,
1152 4554 1269 4593 non
1301 4535 1440 4610 quia
1468 4553 1584 4592 non
1608 4539 1941 4610 potuerunt,
1965 4540 2068 4596 sed

423 4633 564 4708 quia
591 4630 926 4688 noluerunt.
959 4627 1283 4684 Noluerunt
1313 4625 1807 4700 enimintelligere
1828 4632 1893 4683 ut
1921 4628 2068 4686 bene

422 4725 684 4798 agerent,
713 4718 802 4778 vel
814 4721 968 4776 certe
984 4715 1275 4773 tenebrosi
1301 4714 1572 4771 homines
1593 4732 1746 4788 qnan
1756 4716 2068 4792 tiscunque

418 4812 575 4870 vitiis
605 4828 668 4867 se
700 4804 1346 4876 involvorent,divinam
1360 4804 1576 4861 mentis
1594 4821 1715 4861 suae
1744 4805 2063 4880 imaginem

418 4900 655 4974 penitus
687 4896 1198 4972 conprehendere,
1221 4894 1279 4951 id
1303 4898 1391 4951 est
1412 4893 1781 4967 exstinguere
1796 4896 2065 4969 nequive-

418 4992 576 5045 runt.
610 4991 744 5044 Haec
773 4987 929 5042 enim
958 5002 1058 5041 eos
1086 4984 1148 5040 in
1188 4983 1416 5040 inferno
1466 4983 1687 5056 positos
1736 4985 2057 5057 accusabit,

418 5080 477 5134 et
532 5073 746 5132 vermis
804 5073 974 5131 malas
1038 5072 1406 5131 conscientia:
1472 5088 1705 5145 semper
1761 5088 1860 5130 eos
1928 5091 2062 5130 cru-

418 5163 620 5223 ciahit.

489 5251 795 5324 Sequitur;
844 5253 970 5308 Fuit
1016 5252 1173 5308 homo
1230 5254 1433 5308 missus
1478 5267 1511 5307 a
1558 5252 1682 5308 Deo.
1710 5250 1813 5308 Hic
1855 5251 2063 5326 incipit

415 5339 773 5413 evangelista
784 5345 1033 5397 tractare
1050 5340 1119 5396 de
1135 5339 1377 5398 humani
1394 5340 1625 5413 generis
1638 5341 1737 5396 red
1745 5357 1836 5397 om
1844 5341 2057 5415 ptione,

412 5427 535 5486 sive
557 5430 939 5501 reparatione,
973 5428 1317 5487 contraillos
1334 5428 1434 5501 qui
1453 5429 2060 5488 dicebanthumanam

410 5517 687 5575 naturam
717 5519 800 5579 sic
830 5520 889 5578 in
920 5518 1279 5595 protoplasto
1309 5519 1710 5590 depravatum,
1733 5521 1889 5592 quod
1918 5519 2060 5578 irre-

2178 4538 2392 4597 nabilis
2420 4541 2477 4594 et
2508 4536 2877 4611 ingeniosus;
2909 4540 2975 4594 ut
3005 4553 3121 4593 non
3151 4552 3216 4594 se
3246 4536 3491 4610 ingerat,
3524 4535 3631 4593 sed
3666 4536 3837 4595 aDeo

2177 4628 2255 4686 sit
2310 4628 2564 4695 missus;
2616 4626 2916 4702 gratiosus
2960 4630 3019 4683 et
3061 4629 3289 4701 gratus,
3344 4628 3410 4681 ut
3462 4624 3667 4682 veniat
3716 4643 3835 4684 non

2174 4734 2334 4792 opes,
2368 4733 2483 4773 non
2512 4714 2760 4789 gloriam
2791 4731 3071 4789 querere,
3112 4731 3231 4773 non
3279 4713 3669 4788 voluptatem,
3716 4733 3837 4772 non

2174 4807 2475 4873 honorem,
2516 4804 2618 4862 sed
2668 4803 3072 4861 testimonium
3122 4802 3429 4878 perhibere
3458 4802 3528 4859 de
3579 4801 3835 4862 lumine.

2172 4893 2511 4963 Quomodo?
2540 4893 2855 4967 operando,
2890 4892 3159 4961 vivendo,
3192 4892 3479 4959 docendo,
3508 4895 3576 4948 ut
3595 4909 3835 4963 omnes,

2169 4987 2459 5058 quantum
2490 4982 2551 5038 in
2580 4998 2646 5038 eo
2678 4986 2786 5050 est,
2812 4981 3053 5038 credant
3072 4998 3176 5056 per
3201 4980 3394 5047 illum,
3419 4978 3751 5054 nullusque
3774 4981 3832 5038 in

2172 5072 2257 5129 eis
2304 5076 2504 5145 pareat
2548 5069 2959 5128 somnolentis.
3011 5069 3298 5128 Caeterum
3342 5069 3624 5133 Joannes,
3678 5073 3743 5127 et
3780 5070 3831 5127 si

2170 5160 2351 5219 tantis
2382 5160 2635 5217 radiaret
2665 5158 2846 5216 radiis
2876 5158 3205 5226 titulorum,
3228 5162 3426 5215 tamen
3444 5174 3561 5214 non
3585 5162 3719 5215 erat
3736 5158 3832 5215 ille

2169 5250 2292 5321 lux,
2320 5247 2573 5306 subaudi
2603 5264 2673 5304 ex
2702 5265 2764 5305 se
2795 5247 3019 5316 lucens,
3053 5249 3155 5305 sed
3171 5246 3367 5322 potius
3380 5246 3833 5304 lucernaavera

2171 5342 2324 5398 Luce
2355 5339 2425 5396 ad
2457 5339 2566 5395 hoc
2596 5336 2948 5408 illuminata,
2983 5342 3049 5395 ut
3068 5336 3475 5394 testimonium
3490 5334 3829 5410 perhiberet

2168 5430 2242 5487 de
2270 5428 2514 5496 lumine,
2547 5427 2658 5484 hoc
2688 5431 2797 5497 est,
2831 5445 2948 5484 non
2978 5432 3105 5485 erat
3128 5426 3417 5496 Christus,
3463 5425 3565 5483 sed
3606 5424 3823 5484 Christi

2169 5535 2496 5594 prarcursor
2508 5520 2784 5591 etpraeco.
2799 5516 2910 5575 Per
2921 5533 3096 5590 quem
3109 5520 3306 5575 autem
3317 5515 3582 5575 humana
3596 5515 3825 5573 redem-
