3988 6074
396 281 555 344 1719

1402 280 1804 343 ADDENDA'.
1834 314 1917 325 -
1944 270 2339 343 HADULPHI
2381 274 2801 343 ARDENTIS.

3658 273 3840 337 £1!)

391 413 676 472 naturalis
705 417 762 470 et
790 412 1077 487 unigeniti
1112 412 1239 470 Filii
1272 413 1392 470 Dei.
1428 414 1554 469 Non
1600 412 1759 468 enim
1799 412 1909 468 hoc
1941 412 2043 467 ad-
2072 412 2128 479 Α
2159 411 2438 468 dominus
2471 412 2757 482 omnium,
2790 412 2891 469 sed
2925 412 3036 469 sub
3065 410 3359 469 tutoribus
3399 414 3459 468 et
3484 407 3836 467 actoribus,

386 504 650 561 verbium
683 505 845 576 quasi
888 503 1182 576 signiﬁcat
1212 502 1305 557 hic
1354 501 1537 559 solam
1570 502 2039 568 similitudinem,

388 594 490 651 sed
521 592 710 665 magis
754 591 1018 649 veritatis
1062 591 1515 664 expressionem.
1548 588 1819 647 Vidimus
1865 590 2041 647 etiam

389 698 525 740 eum
550 684 777 755 plenum
806 683 1008 753 gratia?
1035 689 1089 737 et
1106 683 1373 737 veritatis.
1399 680 1641 737 Plenum
1674 681 1892 754 gratiae,
1923 680 2041 753 ple-

389 789 535 828 num
564 771 843 827 veritatis.
870 770 1112 826 Plenum
1143 770 1382 827 veritate
1404 770 1623 843 gratiae,
1649 776 1705 826 et
1733 770 1920 844 gratia
1948 786 2043 825 ve-

390 860 850 917 ritatisPlenum
881 858 1387 933 gratiaa,quoniam
1413 876 1545 915 cum
1578 860 1770 915 czeteri
1792 860 1862 915 ad
1886 872 2045 915 mena

391 950 746 1022 suram,ipse
770 946 1195 1021 plenitudinem
1219 948 1484 1004 omnium
1514 949 1909 1020 spiritualium
1929 947 2044 1003 vir-

392 1043 588 1096 tutum
618 1042 674 1095 et
702 1040 988 1094 donorum
1018 1037 1226 1093 habuit
1245 1037 1928 1094 universaliter.Plenum
1951 1054 2047 1092 ve-

395 1128 673 1197 ritatis,id
703 1131 791 1183 est
820 1127 1161 1195 divinitatis,
1187 1127 1464 1198 quoniam
1498 1128 1556 1182 in
1591 1145 1656 1184 eo
1697 1126 2050 1199 complacuit

395 1222 630 1275 omnem
653 1216 1076 1290 plenitudinem
1097 1215 1418 1272 divinitatis
1436 1216 1764 1273 inhabitare
1785 1233 2051 1288 corpora-

395 1306 529 1362 liter
559 1307 776 1380 (Coloss.
811 1306 895 1377 ιι.)
948 1305 1191 1361 Plenum
1239 1305 1478 1361 veritate
1507 1307 1728 1378 gratiae,
1770 1306 2047 1378 quoniam

396 1396 663 1470 gratuitas
712 1394 1153 1468 promissiones,
1188 1393 1538 1467 patriarchis
1589 1394 1727 1451 olim
1777 1395 1962 1463 facta),
1994 1398 2050 1450 et

394 1486 598 1559 ﬁgura:
627 1484 772 1557 legis
802 1487 859 1540 et
886 1483 1395 1557 prophetarum,in
1426 1500 1492 1539 eo
1515 1490 1654 1540 sunt
1674 1483 1927 1557 impletae
1957 1500 2048 1539 ve-

394 1573 878 1631 raciter.Plenum
910 1572 1097 1647 gratia
1125 1572 1405 1640 veritatis,
1439 1574 1718 1645 quoniam
1752 1573 2046 1641 divinitas,

401 1676 531 1736 quas.
559 1668 683 1719 erat
711 1664 839 1734 ejus
868 1680 1005 1718 vera
1035 1663 1423 1730 natura,facta
1452 1667 1541 1720 est
1568 1663 1619 1718 ei
1648 1662 1873 1719 homini
1915 1678 2050 1736 gra-

394 1752 479 1809 tia
509 1752 856 1826 specialiter.
888 1752 1047 1808 Hanc
1078 1752 1277 1819 ﬁdem,
1311 1752 1520 1808 fratres
1566 1752 1917 1821 charissimi,
1951 1752 2050 1806 ﬁr-

397 1842 570 1898 miter
596 1845 920 1909 teneamus,
965 1841 1240 1913 operibus
1286 1857 1683 1909 exerceamus,
1727 1841 2048 1911 Christum,

401 1930 505 2004 qui
534 1935 765 1987 tantum
797 1948 904 1987 nos
935 1930 1156 2001 dilexit,
1190 1933 1309 1985 toto
1359 1930 1531 1986 corde
1561 1930 1889 2004 diligentes,
1922 1931 2051 2002 ejus

396 2019 787 2077 voluntariam
817 2018 1238 2087 humilitatem,
1288 2023 1693 2092 paupertatem
1733 2019 2052 2091 subjectio-

360 2126 556 2179 ..nem,
590 2108 1004 2178 obedientiam,
1036 2108 1402 2182 patientiam,
1433 2107 1799 2177 charitatem,
1832 2108 2053 2165 miseri-

398 2198 882 2270 cordiam,quoad
912 2195 1589 2270 possumus,imitantes,
1622 2201 1915 2269 quatenus
1944 2196 2049 2253 filii

396 2288 495 2344 Dei
526 2292 582 2343 et
611 2286 939 2343 coheredes
969 2285 1182 2342 Christi
1216 2302 1345 2342 esse
1376 2302 1724 2355 mereamur,
1744 2287 1871 2360 ipso
1904 2302 2049 2360 prea-

397 2379 607 2443 stante,
633 2375 732 2448 qui
763 2392 897 2431 cum
931 2375 1096 2431 Patre
1125 2380 1182 2430 et
1214 2374 1433 2448 Spiritu
1465 2380 1667 2433 sancto
1697 2376 1835 2433 vivit
1872 2379 1929 2433 et
1960 2392 2049 2434 re-

394 2466 537 2539 gnat
566 2464 741 2521 Deus.
776 2464 977 2519 Amen.

975 2551 1280 2609 llOMILIA
1317 2552 1467 2610 Xlll.

624 2659 900 2699 DOMINICA
936 2659 1117 2699 PRIMA
1154 2658 1295 2698 POST
1332 2659 1549 2699 NATALE
1585 2658 1814 2700 DOMINI.

471 2733 682 2802 Quanto
726 2740 959 2805 tempore
987 2733 1163 2789 haeres
1200 2732 1467 2804 parvulus
1496 2740 1593 2801 est,
1634 2732 1781 2789 nihil
1808 2733 1990 2806 differt
2017 2749 2051 2789 a

397 2838 705 2891 servo,cum
731 2823 805 2878 sit
846 2821 1099 2878 dominus
1128 2823 1396 2889 omnium,
1428 2822 1520 2878 sed
1566 2824 1665 2878 sub
1702 2823 1972 2879 tutoribus
1999 2831 2051 2878 et

399 2914 675 2969 actoribus
725 2919 803 2967 est
846 2927 1017 2983 usque
1058 2910 1129 2965 ad
1171 2912 1517 2982 prazﬁnitum
1563 2918 1771 2983 tempus
1817 2928 1853 2967 a
1894 2919 2053 2984 patre

399 3000 672 3075 (ﬁal.1v.)
712 3000 999 3066 Quoniam
1054 2999 1389 3072 Apostolus,
1440 3000 1648 3057 fratres
1696 3000 2047 3069 charissimi,

397 3090 624 3147 debitor
644 3096 768 3147 erat
786 3089 1062 3147 omnibus
1080 3089 1815 3163 hominibus,sapientibus
1837 3095 1893 3146 et
1913 3091 2051 3148 insi-

2149 499 2210 568 id
2237 504 2343 568 est,
2376 501 2485 557 sub
2536 501 2866 575 paedagogis
2913 506 2972 559 et
3000 501 3339 558 doctoribus
3368 503 3476 567 est,
3511 502 3719 570 usque
3750 496 3834 552 ad

2151 589 2505 662 praeﬁnitum
2535 595 2769 663 tempus
2791 607 2826 646 a
2855 594 3042 664 patre.
3077 590 3223 647 Cum
3250 590 3404 645 enim
3434 588 3611 645 fuerit
3640 585 3838 643 adul-

2150 682 2270 745 tus,
2304 678 2581 733 dominus
2611 694 2645 733 a
2675 682 2841 750 patre
2871 678 3271 745 constituitur,
3304 681 3360 733 et
3387 675 3592 743 servis,
3622 675 3743 748 qui
3774 675 3835 730 ei

2153 766 2438 823 dominati
2469 768 2718 837 fuerant,
2754 768 3114 824 dominatur.
3146 765 3407 824 CceleStis
3445 781 3689 838 quoque
3723 764 3835 820 Pa-

2152 858 2261 923 ter,
2296 857 2506 912 fratres
2536 854 2892 925 charissimi,
2918 856 3125 912 habuit
3154 860 3213 912 et
3239 855 3415 911 habet
3443 854 3657 911 Filium
3694 852 3828 909 ha:—

2153 944 2372 1010 redem,
2423 944 2749 1001 naturalem
2779 946 2836 1001 et
2866 945 3418 1018 coomnipotentem,
3452 946 3822 1000 comta-num

2154 1038 2213 1090 et
2242 1033 2822 1090 consubstantialem.
2856 1032 2964 1101 Qui
3011 1034 3070 1089 in
3121 1034 3252 1099 hoc,
3294 1034 3519 1099 fratres,
3551 1031 3762 1088 differt
3789 1048 3823 1087 a

2155 1122 2463 1195 temporali
2495 1123 2743 1190 hazrcde,
2777 1122 3057 1196 quoniam
3103 1121 3441 1195 temporalis
3474 1121 3665 1177 heres
3698 1121 3817 1188 vix,

2153 1210 2243 1268 vel
2274 1212 2721 1285 nunquam,sibi
2753 1213 2893 1269 facit
2921 1211 3271 1280 cohaecedes,
3290 1211 3408 1268 imo
3437 1211 3639 1285 potine
3668 1227 3817 1283 gau-

2158 1302 2254 1357 det
2276 1298 2431 1373 quod
2464 1301 2542 1356 sit
2564 1300 2772 1357 unicus
2794 1306 2851 1358 et
2868 1301 3030 1358 solus
3058 1301 3457 1358 hzereditatem
3473 1299 3815 1357 habiturus.

2155 1392 2229 1446 At
2258 1390 2443 1446 Filius
2473 1389 2596 1459 Dei,
2630 1391 2799 1463 cujus
2853 1390 3187 1465 benignitas
3227 1390 3458 1464 ignorat
3504 1389 3817 1455 invidiam,

2159 1477 2435 1552 angelum
2468 1484 2524 1535 et
2546 1478 2844 1535 hominem
2867 1479 2980 1536 sibi
3000 1480 3297 1553 adoptavit
3312 1478 3373 1535 in
3392 1478 3819 1535 hereditatem.

2156 1566 2375 1625 Verum
2397 1568 2677 1641 quoniam
2701 1568 2877 1625 homo
2900 1569 3181 1642 deceptus
3201 1585 3236 1625 a
3251 1567 3582 1634 diabolo,ab
3603 1572 3826 1622 aeterna

2158 1654 2495 1714 haereditate
2542 1663 2667 1714 erat
2708 1658 3131 1725 exheredatus,
3185 1658 3409 1732 placuit
3447 1656 3595 1714 Filio
3626 1656 3734 1713 Dei
3764 1662 3825 1711 ut

2160 1746 2519 1804 coheredem
2572 1763 2747 1803 suum
2795 1763 2900 1820 per
2926 1748 3199 1804 fraudem
3231 1747 3689 1814 exheredatum,
3724 1763 3828 1820 per

2162 1836 2625 1893 misericordiam
2683 1836 3025 1893 haeredaret.
3086 1837 3233 1904 Quia
3288 1844 3420 1894 vero
3468 1836 3829 1893 conveniens

2159 1930 2283 1983 erat
2310 1930 2375 1982 ut
2404 1927 2507 1998 qui
2537 1942 2642 1999 per
2667 1926 3010 1998 superbiam
3043 1925 3351 1995 Ceciderat,
3382 1933 3488 1999 per
3514 1925 3827 1982 humilita-

2164 2020 2281 2072 tem
2313 2015 2654 2088 erigeretur,
2688 2015 3026 2090 humiliavit
3071 2031 3136 2072 se
3177 2015 3360 2072 Filius
3387 2015 3509 2084 Dei,
3537 2020 3599 2073 et
3628 2016 3823 2072 factus

2157 2109 2247 2162 est
2276 2104 2333 2160 in
2365 2106 2553 2161 forma
2582 2104 2729 2160 servi
2759 2105 3060 2178 parvulus,
3083 2105 3166 2161 ita
3193 2109 3261 2161 ut
3282 2104 3430 2161 nihil
3458 2122 3496 2161 a
3522 2117 3699 2162 servo
3721 2105 3823 2161 dif-

2157 2192 2493 2261 ferret,cum
2527 2199 2682 2250 esset
2710 2194 2996 2251 Dominus
3024 2194 3316 2265 omnium,
3329 2195 3430 2251 sed
3459 2194 3574 2250 sub
3604 2194 3819 2251 tutori-

2158 2284 2270 2340 bus
2299 2287 2356 2339 et
2387 2282 2680 2340 actoribus
2709 2283 2821 2340 fuit
2854 2284 3040 2357 usque
3091 2285 3163 2340 ad
3193 2283 3547 2357 pmﬂnitum
3576 2288 3819 2358 tempus

2159 2389 2194 2429 a
2223 2374 2604 2439 Patre.Quare
2633 2372 2742 2429 hoc
2760 2372 2787 2428 ?
2816 2377 2883 2428 ut
2907 2372 2987 2428 ita
3016 2390 3125 2430 nos
3156 2373 3485 2441 redimeret,
3500 2377 3569 2430 ut
3596 2373 3693 2430 ita
3719 2386 3817 2430 no-

2156 2462 2249 2518 bis
2280 2478 2448 2518 suam
2480 2461 2541 2517 in
2574 2478 2680 2518 nos
2709 2461 3054 2519 charitatem
3084 2463 3438 2531 ostenderet,
3450 2467 3519 2520 ut
3547 2463 3634 2520 ita
3664 2462 3816 2519 vim

2156 2551 2508 2608 humilitatis
2536 2567 2639 2624 per
2684 2568 2862 2625 quam
2894 2551 3347 2620 haeredaremur,
3375 2552 3547 2610 nobis
3574 2553 3817 2610 demon-

2158 2644 2390 2698 straret.

2230 2730 2362 2787 Fuit
2392 2729 2574 2804 igitur
2603 2729 2696 2785 hic
2729 2730 2787 2786 in
2819 2731 3042 2787 mundo
3070 2731 3130 2788 in
3164 2731 3593 2805 paupertate,in
3625 2732 3818 2804 subie-

2157 2819 2366 2887 ctione,
2390 2819 2451 2875 in
2482 2819 2782 2892 patientia.
2810 2825 2872 2876 ln
2903 2821 3264 2894 paupertate,
3299 2821 3440 2895 quia
3467 2822 3540 2877 de
3568 2828 3819 2895 pauper-

2158 2908 2291 2965 cula
2336 2908 2573 2983 Virgine
2620 2914 2814 2977 natus,
2864 2910 3080 2982 pannis
3125 2909 3343 2966 vilibus
3389 2909 3729 2980 obvolutus,
3758 2911 3816 2967 in

2156 2997 2439 3071 prmsepio
2470 2996 2868 3071 positus,nihil
2897 2998 2958 3053 in
2983 2998 3093 3055 hoc
3115 3000 3337 3056 mundo
3357 2999 3817 3072 ~possedit.Unde

2157 3088 2282 3160 ipse
2314 3087 2396 3143 ait
2430 3088 2669 3159 :.Vulpes
2696 3089 2881 3159 fmieas
2927 3089 3145 3157 habent,
3197 3092 3253 3145 et
3297 3090 3541 3146 volucres
3570 3090 3704 3146 οωιὶ
3727 3092 3815 3145 ni-

395 3178 693 3254 pientibus
748 3195 760 3235 :
805 3178 934 3235 ideo
984 3179 1055 3234 de
1097 3177 1310 3234 divinis
1354 3154 1620 3251 loquens,
1669 3179 1945 3237 humanis
1993 3154 2121 3236 et‘C
2158 3154 2272 3245 dos,
2297 3178 2481 3233 Filius
2523 3154 2705 3233 mitem
2730 3178 2967 3233 hominis
2994 3194 3107 3234 non
3133 3154 3294 3234 habet
3338 3179 3438 3234 ubi
3462 3187 3626 3251 caput
3653 3186 3817 3236 suum

396 3268 692 3326 consuetis
716 3268 904 3324 utitur
933 3266 1145 3335 verbis,
1182 3271 1265 3335 ut,
1300 3283 1403 3340 per
1447 3268 1703 3341 cognita,
1756 3269 2051 3344 incognita

394 3358 609 3414 melius
637 3356 960 3429 intelligere
987 3355 1481 3412 valeamus.Unde
1511 3357 1665 3414 idem
1698 3357 1836 3414 alibi
1868 3358 2045 3415 dicit:

390 3449 705 3504 Humanam
751 3446 892 3512 dico,
940 3453 1160 3518 propter
1208 3446 1586 3516 inﬁrmitatem
1631 3450 1816 3503 carnis
1862 3456 2051 3505 vestrae

395 3537 569 3605 (Rom.
602 3535 699 3607 γι).
733 3535 1046 3606 Comparat
1076 3533 1278 3606 igitur.
1310 3534 1371 3588 in
1414 3535 1670 3608 capitulo
1724 3537 2045 3609 praemisso,

394 3623 610 3679 hmredi
641 3623 847 3678 mundi
879 3622 1168 3679 haeredem
1200 3622 1350 3693 caeli,
1387 3624 1506 3680 sive
1538 3625 1895 3697 adeptivum,
1929 3626 2049 3683 sive

397 3710 871 3768 naturalem.Nos
903 3711 1296 3783 ergo,fratres,
1322 3712 1512 3784 primo
1544 3714 1616 3768 de
1646 3714 1871 3771 haerede
1902 3719 2047 3771 tem-

395 3798 602 3873 porali,
637 3799 892 3855 secundo
924 3800 996 3854 de
1027 3798 1254 3854 haerede
1285 3799 1407 3854 coeli
1451 3800 1727 3867 naturali,
1759 3802 1929 3857 tertio
1977 3803 2049 3858 de

397 3888 626 3945 hair-ede
654 3887 779 3945 caeli
809 3887 1078 3961 adoptivo
1110 3904 1214 3959 per
1245 3888 1505 3944 ordinem
1520 3890 2045 3959 videamus.Scitis,

397 3978 607 4034 fratres
638 3977 1139 4052 mei,igitur,quod
1169 3976 1228 4032 in
1258 3977 1430 4033 domo
1462 3978 1802 4051 temporalis
1834 3981 2047 4053 patris-

397 4066 652 4123 familias
683 4071 821 4122 sunt
850 4066 1012 4124 liberi
1024 4070 1102 4135 ,et
1131 4069 1271 4121 sunt
1301 4066 1577 4135 servi,sed
1608 4067 1834 4125 diverso
1852 4070 2042 4125 modo.

395 4155 543 4221 Nam
575 4161 740 4228 pater
768 4156 961 4229 diligit
989 4155 1177 4211 filium
1209 4159 1490 4228 tanquam
1520 4157 1804 4213 hazredem
1833 4176 1846 4227 ;
1878 4163 1937 4214 et
1966 4163 2049 4215 ta-

394 4258 529 4301 men
560 4245 702 4299 dum
734 4244 1012 4318 parvulus
1043 4248 1150 4312 est,
1175 4261 1309 4300 eum
1340 4245 1550 4302 educat
1579 4246 1636 4301 in
1683 4251 2042 4320 paupertate,

392 4330 454 4388 in
485 4333 863 4404 subjectione,
898 4333 958 4388 in
988 4330 1319 4405 disciplina.
1345 4332 1406 4387 In
1440 4337 1802 4407 paupertate,
1823 4334 2043 4391 nullius

389 4420 473 4478 rei
504 4425 854 4494 potestatem
905 4420 956 4478 ei
987 4421 1345 4493 relinquens.
1382 4423 1446 4477 In
1492 4423 1871 4495 subjectione,
1907 4442 2041 4481 eum

2161 3267 2388 3322 reclinet
2434 3264 2640 3337 (Matth.
2671 3283 2811 3334 vm;
2847 3267 2974 3322 Luc.
2998 3268 3100 3339 Ix(.
3134 3266 3198 3323 In
3248 3267 3632 3339 subjectione,
3682 3285 3819 3341 quo-

2160 3354 2320 3411 niam
2354 3353 2628 3411 subditus
2659 3354 2770 3410 fuit
2797 3353 2991 3412 Maria:
3022 3360 3081 3412 et
3107 3356 3325 3429 Joseph
3357 3356 3541 3412 servis
3574 3357 3727 3421 suis.
3758 3362 3819 3414 ut

2161 3448 2343 3500 Lucas
2372 3447 2621 3499 testatur
2650 3445 2801 3513 (Luc.
2835 3446 2922 3513 ιι).
2955 3444 3268 3501 Tributum
3319 3445 3530 3502 (lassari
3563 3446 3820 3503 reddidit

2161 3533 2365 3604 (Matth.
2397 3533 2556 3603 xvn),
2591 3533 2987 3605 apostolorum
3037 3535 3217 3607 pedes
3263 3533 3404 3591 lavit
3440 3535 3618 3604 (Joan.
3647 3536 3813 3607 xm):

2158 3626 2215 3678 et
2246 3625 2312 3677 ut
2340 3621 2466 3694 ipse
2496 3626 2768 3691 testatur,
2804 3639 2920 3679 non
2968 3621 3293 3679 ministrari
3325 3623 3427 3679 sed
3477 3623 3816 3681 ministrare

2157 3710 2314 3766 venit
2341 3709 2548 3778 (Matth.
2582 3714 2695 3778 xx).
2729 3713 2871 3770 Cum
2902 3711 3116 3768 vellent
3162 3728 3299 3768 eum
3337 3712 3701 3769 constituere
3728 3721 3812 3770 ro-

2158 3815 2312 3873 gem,
2346 3799 2585 3856 recessit
2613 3802 2792 3869 (Joan.
2825 3801 2924 3873 v1),
2960 3801 3060 3873 qui
3111 3805 3309 3857 tamen
3355 3801 3426 3857 ad
3474 3802 3811 3875 passionem

2156 3888 2356 3946 volens
2387 3904 2449 3945 se
2477 3888 2706 3945 obtulit.
2734 3890 2795 3945 In
2832 3889 3136 3962 patientia,
3167 3890 3306 3964 quia
3334 3889 3811 3961 esurivit,sitivit,

2156 3976 2561 4045 contumelias,
2585 3977 2842 4043 vincula,
2862 3975 3110 4052 ﬂagella,
3137 3984 3332 4053 sputa,
3362 3990 3601 4037 crucem
3632 3983 3812 4038 emti-

2157 4066 2368 4134 nuit,et
2396 4066 2575 4139 (quod
2608 4071 2696 4123 est
2724 4067 2981 4140 gravius)
3012 4086 3045 4124 a
3066 4068 3248 4126 servis
3277 4069 3425 4134 suis,
3456 4085 3562 4142 pro
3594 4069 3813 4142 quibus

2155 4156 2333 4212 etiam
2366 4155 2719 4212 oravit.Cum
2751 4160 2948 4212 autem
2972 4161 3205 4231 tempus
3227 4157 3537 4215 definitum
3567 4159 3808 4229 εἰδείη,

2154 4244 2211 4300 id
2244 4248 2333 4301 est
2362 4245 2708 4301 resurrectio
2739 4245 2989 4315 advenit,
3012 4247 3151 4303 data
3194 4252 3286 4305 est
3325 4247 3379 4304 ei
3426 4247 3622 4304 omnis
3651 4254 3811 4320 pote-

2154 4338 2278 4391 stas
2308 4334 2369 4389 in
2399 4333 2542 4390 caalo
2572 4338 2628 4390 et
2657 4335 2717 4390 in
2748 4339 2906 4391 terra
2933 4334 3152 4406 (Matth.
3185 4337 3403 4409 xxvm),
3425 4337 3602 4395 etiam
3632 4344 3812 4412 super

2152 4439 2348 4480 servos
2379 4439 2520 4479 suos
2548 4427 2607 4479 et
2633 4423 2925 4481 inimicos.
2969 4425 3133 4482 Unde
3172 4426 3341 4483 Pater
3383 4427 3456 4483 ad
3505 4432 3645 4482 eum
3675 4428 3804 4483 ait:

388 4510 500 4566 sub
530 4511 844 4585 paedagogo
875 4510 1259 4568 constituens.
1287 4510 1349 4566 In
1380 4511 1712 4585 disciplina,
1751 4530 1885 4571 eum
1916 4531 2040 4570 ma-
2071 4524 2119 4604 ι)
2151 4513 2283 4569 Sede
2313 4529 2346 4567 a
2375 4512 2582 4568 dextris
2607 4515 2764 4578 meis,
2808 4514 2974 4570 donec
3014 4531 3220 4587 ponam
3256 4517 3510 4572 manicas
3539 4524 3660 4572 tuos
3688 4533 3804 4573 δαι-

387 4598 613 4672 gistrali
645 4600 818 4674 virga:
850 4601 1209 4656 subdens.Et
1238 4598 1298 4655 in
1322 4599 1413 4655 his
1431 4601 1708 4657 omnibus
1739 4602 1915 4660 habet
1944 4621 2043 4676 pa-

384 4690 477 4745 ter
505 4688 565 4744 in
590 4688 776 4745 ﬁlium
800 4706 1079 4762 magnum
1103 4689 1376 4744 affectum
1398 4688 2037 4759 dilectionis.Quoniam

384 4781 550 4849 pater
577 4779 785 4849 ﬁlium,
810 4796 984 4852 quem
1014 4777 1146 4851 plus
1177 4777 1671 4852 diligit,corripit;
1704 4781 1862 4837 ﬁlius
1894 4800 2038 4856 quo-

385 4880 499 4938 que
528 4871 752 4939 patrem
784 4868 995 4942 diligit,
1032 4871 1089 4923 et
1117 4867 1167 4922 ei
1218 4884 1286 4922 ex
1318 4884 1514 4923 amore
1551 4870 1763 4925 obedit.
1795 4875 2032 4928 Servum

383 4958 579 5011 autem
614 4957 1036 5028 paterfamilias
1087 4974 1200 5012 non
1252 4956 1446 5028 diligit
1492 4958 1562 5013 ad
1595 4959 1704 5015 hoc
1752 4964 1818 5016 ut
1856 4961 2036 5018 haere-

385 5042 519 5098 dem
552 5046 871 5102 constituat
901 5046 1167 5115 eum,sed
1190 5047 1316 5117 ejus
1338 5046 1526 5102 utitur
1547 5048 1779 5104 servitio
1801 5067 1904 5122 pro
1928 5068 2037 5107 sua

377 5128 696 5200 voluntate,
726 5138 783 5189 et
813 5134 1058 5191 haeredis
1108 5133 1377 5191 utilitate.
1414 5135 1527 5191 Res
1555 5140 1750 5192 tamen
1802 5156 1940 5195 suas
1981 5146 2037 5197 et

380 5218 652 5289 beeredis,
678 5222 827 5277 servi
852 5224 1242 5295 procurationi
1276 5225 1608 5293 committit,
1632 5226 1827 5299 ipsum
1859 5230 2034 5285 etiam

377 5306 666 5365 hmredem
684 5312 1135 5368 custodiendum
1154 5317 1209 5368 et
1225 5312 1633 5386 corrigendum
1647 5305 2029 5374 ei'submittit.

374 5396 466 5453 Sic
500 5398 718 5471 itaque,
754 5401 981 5469 fratres,
1017 5402 1159 5456 dum
1204 5402 1389 5457 haeres
1421 5407 1509 5458 est
1537 5405 1834 5476 parvulus,
1886 5407 2032 5463 nihil
2058 5473 2074 5485 ἢ

373 5486 569 5543 differt
600 5506 632 5543 a
664 5506 853 5561 servo,
885 5490 1003 5546 imo
1032 5494 1089 5546 et
1119 5489 1484 5564 plerumque,
1510 5491 1623 5565 ipsi
1652 5496 1943 5567 subditur,
1978 5503 2035 5554 et

375 5576 448 5634 ab
476 5593 541 5633 eo
574 5580 908 5653 corripitur,
946 5597 1081 5636 cum
1132 5584 1326 5636 tamen
1365 5581 1499 5651 jure
1541 5581 1905 5642 haereditario
1955 5588 2032 5643 sit

2151 4602 2353 4658 bellum
2378 4599 2577 4672 pedum
2607 4601 2829 4658 tuorum
2859 4602 3028 4676 (Psal.
3063 4605 3197 4677 cxx).
3229 4603 3300 4660 Et
3322 4603 3462 4660 alibi
3489 4606 3805 4663 :Pamttsa

2145 4708 2250 4759 me,
2284 4699 2335 4747 et
2363 4690 2502 4746 dabo
2530 4691 2634 4746 tibi
2675 4700 2858 4763 gentes
2901 4691 3281 4751 haereditatem
3317 4702 3470 4750 tuam
3515 4695 3686 4768 (Psal.
3719 4696 3799 4768 in),

2148 4785 2260 4837 etc.
2306 4780 2423 4836 Nos
2469 4779 2669 4847 etiam,
2720 4781 2948 4850 fratres,
3000 4783 3051 4838 si
3095 4782 3350 4856 adoptivi
3392 4783 3652 4840 heredes
3700 4783 3798 4840 Dei

2147 4886 2276 4926 esse
2303 4867 2594 4937 volumus,
2628 4868 2784 4924 viam
2816 4870 3102 4926 naturalis
3131 4871 3397 4941 haeredis,
3430 4887 3545 4928 non
3575 4870 3800 4945 iniquo-

2148 4975 2276 5014 rum
2311 4972 2630 5023 servorum,
2664 4974 3003 5030 sequamur.
3037 4958 3199 5016 Servi
3249 4959 3465 5034 quippe
3515 4966 3657 5016 sunt
3690 4961 3794 5019 ﬁlii

2146 5046 2495 5119 ancillm,qui
2530 5063 2646 5101 non
2672 5044 2931 5103 haeredes
2962 5063 3097 5104 cum
3126 5047 3266 5104 ﬁliis
3296 5048 3491 5105 libera:
3513 5049 3791 5122 (CCLIV):

2147 5136 2245 5209 qui
2280 5152 2392 5191 non
2425 5135 2496 5190 ad
2528 5132 3061 5205 haereditatem,sed
3091 5137 3165 5193 ad
3195 5136 3580 5210 perditionem
3608 5139 3793 5212 deput-

2142 5226 2246 5281 tati
2280 5223 2546 5296 sunt,qui
2577 5224 2730 5280 sicut
2761 5225 2972 5281 Ismael
3005 5226 3167 5282 Isaac
3196 5226 3349 5299 (Gen.
3378 5226 3515 5298 xxi),
3530 5227 3613 5282 ita
3644 5226 3790 5284 tili'os

2144 5314 2339 5370 liberae
2370 5317 2824 5386 persequuntur.
2862 5314 3236 5372 Possessione
3275 5328 3493 5384 rerum,
3527 5316 3789 5373 domina-

2142 5404 2301 5461 tione
2328 5407 2702 5475 potestatum,
2734 5404 3092 5461 correctione
3135 5405 3433 5461 minorum
3461 5421 3498 5461 α
3524 5405 3642 5479 D99
3678 5406 3786 5463 sibi

2140 5493 2203 5550 in
2234 5491 2481 5548 utilitate
2511 5491 2827 5547 electorum
2861 5494 3196 5551 commissis
3217 5494 3833 5578 abutu'nturJI‘amen.2

2142 5583 2200 5639 in
2234 5582 2364 5650 hoc,
2395 5580 2572 5637 velint
2604 5578 2808 5652 nolint,
2826 5582 2941 5640 Deo
2968 5589 3031 5643 et
3044 5584 3429 5657 eiectissius,
3455 5568 3841 5643 Neronibus"
