3988 6074
455 281 610 349 1733

1459 276 1868 342 ADDENDA.
1889 309 1969 324 —
1995 275 2398 342 RADULPHI
2439 277 2857 342 ARDENTIS.

3715 275 3870 336 1734

454 419 885 490 nutritoresquc
931 431 1091 483 suos,
1117 413 1287 487 juxta
1346 412 1490 470 illud
1547 411 1913 470 Salomonis:
1951 411 2092 470 Gau-
2120 411 2177 482 Α
2205 414 2383 470 cedem
2437 415 2712 487 propheta:
2756 414 2984 486 accipiet
3017 411 3219 485 (Matth.
3278 413 3354 481 x).
3414 413 3478 470 Ut
3523 410 3868 469 revelatum

452 512 608 568 dium
632 515 942 582 parentum,
974 506 1129 576 ﬁlius
1175 506 1394 576 sapiens
1444 504 1620 576 (Prov.
1653 503 1730 576 χ).
1764 503 1879 559 Vos
1902 502 2098 576 itaque

454 606 648 676 patres
673 602 730 654 et
759 599 978 652 matres
1023 593 1298 658 familias,
1331 591 1565 666 vigilate
1625 593 1683 647 in
1739 593 1890 648 bona
1921 592 2101 647 nutri-

452 695 604 758 tura,
637 685 958 744 eruditione
987 688 1044 740 et
1082 681 1491 738 informatione
1538 681 1812 748 filiorum,
1847 686 1933 753 ut,
1965 699 2097 753 pro-

453 784 582 854 pter
621 777 834 833 bonam
885 773 1137 828 filiorum
1179 771 1456 838 indolem,
1498 769 1837 826 mereamini
1895 775 1951 825 et
1996 787 2098 826 vos

453 866 739 926 benedici.
772 863 933 919 Sicut
963 861 1118 918 enim
1153 860 1308 916 filius
1349 859 1824 932 indisciplinatus
1853 859 2098 914 vertitur

451 955 796 1032 parentibus
828 953 887 1007 in
920 949 1499 1016 maledictionem,sic
1522 950 1666 1005 bene
1689 948 2094 1021 disciplinatus

451 1047 510 1103 in
541 1042 1002 1102 benedictionem
1037 1041 1222 1112 (Eccli.
1267 1043 1425 1109 χιιι).
1481 1038 1738 1111 Denique
1799 1037 2094 1110 propheti-

449 1153 588 1192 zans
619 1133 876 1199 Simeon,
904 1131 986 1187 ait
1032 1129 1104 1184 ad
1154 1127 1397 1184 Mariam
1444 1132 1690 1182 matrem
1735 1128 2091 1200 ejuszEcce,

451 1227 680 1289 fratres,
711 1223 882 1277 beata
909 1219 1109 1291 Virgo,
1132 1217 1267 1273 licet
1292 1221 1347 1271 et
1369 1221 1555 1271 mater
1579 1218 1796 1271 fontem
1828 1215 2092 1272 omnium

449 1313 824 1372 scientiarum
850 1313 907 1363 et
927 1307 1248 1381 gratiarum
1267 1310 1494 1378 pareret
1524 1309 1580 1362 et
1612 1305 1878 1372 nutriret,
1895 1309 2090 1361 tamen

449 1403 715 1478 quaedam
748 1399 945 1455 minus
976 1400 1214 1453 noverat
1256 1412 1382 1468 quae
1412 1412 1446 1450 a
1495 1395 1793 1468 prophetis
1825 1395 2091 1451 edocere-

446 1498 562 1550 tur.
598 1493 660 1548 In
684 1506 799 1564 quo
831 1486 1087 1561 profecto
1118 1489 1278 1557 patet
1307 1483 1536 1539 nullum
1567 1488 2089 1556 quantumcunque

447 1585 740 1649 sanctum,
772 1578 832 1633 in
861 1575 954 1632 via
976 1591 1145 1649 posse
1176 1574 1454 1646 consequi
1483 1574 1750 1630 omnium
1781 1571 2093 1645 plenitudi-

446 1689 580 1729 nem
612 1668 953 1744 gratiarum.
990 1665 1068 1720 Ad
1101 1663 1534 1736 reprimendam
1583 1678 1720 1735 ergo
1752 1661 2086 1718 mortalium

2207 503 2418 576 inquit,
2445 520 2514 559 ea:
2541 501 2736 558 multis
2781 503 3034 558 cordibus
3062 503 3414 572 cogitationes
3436 518 3646 570 eorum,
3682 500 3748 556 id
3783 507 3865 558 est

2208 592 2679 665 prophetiae,quae
2700 596 2866 647 erant
2897 590 3442 663 occultae,tanquam
3475 589 3862 663 cogitationes

2207 681 2265 736 in
2297 682 2489 748 corde,
2514 681 2842 738 revelentur
2861 681 2919 736 in
2942 697 3122 753 puero
3142 697 3271 736 esse
3291 679 3674 752 impletseNel
3709 685 3860 736 certe

2206 773 2377 827 corda
2410 771 2716 826 hominum
2751 787 2853 843 per
2877 769 3162 826 exteriora
3183 786 3359 842 opera
3386 767 3756 841 aperiantur,
3788 787 3854 823 an

2206 859 2282 915 sit
2311 877 2447 934 erga
2476 859 2772 916 Christum
2806 860 3030 923 devota,
3067 877 3139 915 an
3172 875 3308 914 non.

2277 950 2555 1022 Sequitur
2582 966 2718 1022 pars
2748 948 2938 1014 tertia,
2957 949 3016 1003 in
3046 965 3159 1021 qua
3184 947 3483 1004 inducitur
3500 949 3671 1004 Anna
3692 948 3850 1005 Chri-

2205 1043 2295 1094 sto
2326 1038 2732 1094 testimonium
2766 1039 3049 1104 ferens,ut
3079 1037 3138 1092 in
3170 1055 3268 1093 ore
3291 1038 3540 1093 duorum
3560 1037 3650 1093 vel
3673 1037 3846 1094 trium

2202 1127 2464 1195 testium,
2497 1133 2610 1184 stet
2638 1144 2810 1184 omne
2841 1127 3087 1183 verbum
3121 1127 3434 1198 (Deut.xux).
3467 1129 3847 1184 Commendat

2203 1224 2399 1276 autem
2431 1236 2559 1274 eam
2591 1217 2965 1291 evangelista,
2998 1222 3055 1274 et
3084 1233 3117 1273 a
3166 1220 3370 1273 sancta
3400 1217 3701 1290 progenie,
3736 1222 3791 1274 et
3818 1235 3844 1272 a

2201 1308 2494 1382 conjugali
2527 1307 2936 1372 sanctimonia,
2970 1306 3109 1380 quia
3154 1305 3377 1362 scilicet
3421 1310 3649 1378 septem
3679 1307 3844 1363 annis

2197 1399 2420 1454 vixerat
2450 1416 2485 1454 a
2507 1397 2840 1470 virginitate
2871 1413 3005 1452 cum
3034 1395 3158 1451 viro
3187 1413 3316 1463 suo,
3351 1400 3410 1452 et
3447 1413 3483 1450 a
3509 1395 3735 1452 viduali
3766 1413 3844 1452 ca-

2199 1489 2494 1557 stimonia,
2529 1492 2584 1543 et
2613 1486 2685 1542 ab
2710 1485 2992 1558 obsequio
3008 1485 3300 1542 divino.Et
3317 1485 3457 1558 quia
3476 1489 3602 1541 erat
3624 1484 3845 1542 intenta

2189 1579 2436 1652 jejuniis
2466 1583 2524 1633 et
2551 1575 3074 1644 obsecrationibus,
3106 1579 3173 1630 ut
3219 1573 3356 1632 talis
3385 1575 3839 1641 demonstretur,

2198 1686 2326 1741 quae
2356 1668 2534 1741 digna
2565 1667 2643 1722 sit
2699 1665 2910 1738 spiritu
2969 1664 3286 1738 prophetiae
3344 1662 3656 1729 illustrari,
3690 1668 3752 1720 et
3780 1665 3843 1720 de

445 1754 1001 1835 superbiam,noluit
1015 1753 1298 1810 Dominus
1329 1751 1584 1824 aliquem
1614 1751 1830 1808 habere
1853 1768 2086 1808 omnem
2119 1790 2166 1854 B
2195 1758 2422 1814 Christo
2450 1755 2776 1823 vaticinari,
2810 1755 2928 1812 imo
2959 1755 3133 1810 etiam
3165 1770 3301 1809 eum
3347 1752 3408 1809 in
3447 1770 3624 1809 σαι-ηε
3671 1770 3844 1826 agno.

443 1849 713 1926 gratiam,
744 1851 810 1902 ut
839 1844 923 1902 sic
952 1843 1098 1900 alter
1121 1842 1301 1898 altero
1332 1841 1640 1915 indigeret,
1669 1845 1727 1897 et
1757 1841 1908 1913 quod
1933 1840 1994 1896 in
2027 1857 2088 1896 se

442 1958 558 1998 non
589 1938 849 2003 haberet,
880 1934 940 1990 in
957 1932 1137 1989 altero
1159 1930 1610 1997 miraretur,Sed
1643 1929 1773 1986 etin
1799 1930 1907 1986 hoc
1931 1931 2085 2002 quod

443 2028 667 2104 Regina
694 2025 820 2084 coeli
851 2041 885 2080 a
911 2019 1218 2080 vilioribus
1257 2019 1522 2094 personis
1553 2036 1669 2075 non
1704 2019 1915 2093 refugit
1945 2021 2087 2076 edo-

441 2115 560 2174 ceri
590 2114 851 2172 confutat
880 2109 1271 2183 quorumdam
1294 2108 1759 2180 superbiam,qui
1790 2125 1824 2163 a
1854 2107 2090 2164 minori-

439 2206 553 2262 bus
569 2201 835 2278 personis
851 2199 1044 2255 doceri
1064 2198 1574 2264 erubescunt,cum
1589 2213 1739 2269 saepe
1757 2196 1814 2252 in
1827 2196 1925 2252 vili
1939 2201 2089 2254 testa

441 2293 730 2367 optimum
758 2289 959 2345 vinum
991 2287 1438 2354 contineatur,et
1461 2303 1637 2342 aureo
1657 2303 2084 2358 vase,pravum.

441 2382 606 2440 Unde
641 2377 980 2453 Apostolus:
1014 2375 1281 2432 Habemus
1325 2383 1512 2431 autem
1558 2376 1876 2430 thesaurum
1923 2377 2089 2432 istum

442 2475 504 2531 in
527 2472 670 2529 vasis
693 2467 1030 2541 ﬁctilibusal
1046 2463 1619 2537 Cor.1v.),Etalibi:Si
1629 2465 1761 2536 quid
1791 2466 2088 2520 revelatum

439 2558 964 2636 fueritminoriUS),
984 2553 1521 2626 taceatmajor(lCor.
1553 2553 1667 2624 xxv)
1691 2553 1820 2626 (16).
1853 2554 1922 2608 Et
1955 2553 2084 2626 phi-

439 2649 721 2724 Iosephus
741 2647 886 2704 :Non
912 2650 968 2702 te
990 2647 1220 2701 moveat
1231 2641 1476 2698 dicentis
1489 2641 1938 2710 auctoritas,nec
1953 2642 2084 2714 quis

441 2741 542 2798 sed
575 2738 714 2811 quid
747 2735 903 2792 dicat
953 2733 1260 2789 intendito.
1309 2733 1461 2799 Ecce,
1517 2730 1729 2804 inquit,
1775 2733 1983 2803 positus
2012 2739 2088 2788 est

440 2830 530 2885 hic
543 2830 601 2884 in
626 2828 914 2883 ruinamet
925 2825 985 2880 in
1017 2822 1464 2879 resurrectionem
1494 2821 1791 2877 multorum
1807 2823 1867 2875 in
1896 2821 2084 2878 Israel.

440 2919 504 2976 In
535 2912 1025 2984 ruinam,scilicet
1051 2909 1508 2977 incredulorum,
1543 2909 1678 2965 etin
1712 2909 2086 2965 resurrectio-

441 3023 577 3065 nem
599 3002 980 3063 credentium.
1011 3001 1072 3056 ln
1117 2999 1348 3056 ruinam
1390 2998 1798 3072 superborum,
1823 3002 1881 3054 et
1909 2997 1969 3054 in
2002 3016 2086 3054 re-

441 3094 860 3154 surrectionem
917 3088 1253 3146 humilium.
1287 3087 1449 3145 Unde
1487 3087 1612 3159 ipse
1659 3086 1937 3143 Dominus
1968 3086 2080 3143 ait:

2195 1864 2375 1915 scere,
2405 1852 2462 1903 et
2491 1846 2715 1902 caeteris
2744 1844 3058 1918 praedicare
3114 1843 3272 1899 Hanc
3311 1842 3618 1898 imitentur
3649 1847 3840 1915 patres

2195 1941 2251 1992 et
2280 1934 2776 2002 matresfamilias,
2806 1938 2872 1988 ut
2901 1936 3098 1988 sancte
3130 1949 3264 1987 cum
3286 1931 3640 2004 conjugibus
3672 1949 3708 1987 a
3735 1931 3840 1987 vir-

2196 2026 2438 2101 ginitate
2467 2026 3068 2081 conversentur.Hanc
3099 2021 3404 2076 imitentur
3424 2020 3609 2088 vidui,
3632 2021 3840 2077 viduas-

2197 2133 2310 2189 que
2341 2131 2564 2181 eorum,
2597 2117 2663 2169 ut
2689 2111 3100 2168 obliviscentes
3147 2127 3274 2183 qua:
3306 2114 3446 2166 sunt
3473 2110 3710 2179 mundi,
3739 2110 3837 2166 soli

2196 2206 2312 2262 Deo
2342 2208 2569 2271 vacent,
2611 2201 2861 2274 jejuniis
2915 2205 2972 2256 et
3028 2198 3555 2268 obsecrationibus,
3587 2204 3650 2256 et
3679 2199 3839 2255 bonis

2195 2295 2472 2368 operibus
2498 2292 2826 2358 intendant,
2859 2294 2927 2347 ut
2955 2307 2991 2346 a
3021 2287 3231 2362 spiritu
3264 2292 3600 2345 mereantur
3629 2288 3837 2344 illumi-

2196 2385 2344 2452 nari,
2378 2387 2434 2439 et
2463 2381 2763 2438 Christum
2792 2381 2969 2437 verbo
3013 2384 3069 2434 et
3112 2377 3376 2451 exemplo
3436 2377 3758 2452 pradicare
3790 2383 3838 2434 et

2195 2471 2595 2545 contemplari.
2629 2473 2694 2526 Et
2722 2471 2858 2534 haec,
2892 2467 3104 2542 inquit,
3129 2469 3250 2541 ipsa
3275 2468 3409 2524 hora
3436 2472 3834 2540 supemeniens,

2195 2563 2333 2636 quia
2364 2561 2585 2618 scilicet
2604 2560 2807 2616 eodem
2841 2558 3072 2632 spiritu,
3109 2575 3224 2630 quo
3281 2557 3515 2613 Simeon
3565 2557 3834 2623 adducta,

2192 2653 2550 2724 conﬁtebatur
2580 2651 2835 2715 Domino,
2865 2651 2922 2704 et
2947 2645 3311 2704 eonfessione
3341 2645 3498 2714 fidei,
3530 2649 3589 2701 et
3617 2647 3836 2703 actione

2193 2741 2384 2798 laudis
2405 2744 2462 2797 et
2488 2740 2662 2796 verbo
2692 2735 3319 2812 praedicationisUnde
3349 2739 3406 2792 et
3436 2733 3748 2792 subditur:
3781 2737 3837 2792 Et

2193 2832 2513 2904 loquebatur
2539 2829 2604 2884 de
2630 2843 2690 2885 eo
2722 2827 3098 2898 omnibus,qui
3115 2826 3494 2897 erspeetabant
3523 2825 3838 2897 redemptio-

2190 2937 2316 2977 nem
2343 2916 2767 2976 Israel.Casteris
2797 2920 2991 2972 autem
3023 2931 3161 2982 non,
3193 2913 3336 2986 quia
3365 2930 3480 2969 non
3510 2920 3658 2970 sunt
3690 2932 3838 2970 mar-

2191 3009 2388 3083 garitaa
2420 3012 2553 3064 ante
2583 3023 2789 3080 porcos
2839 3003 3230 3079 projiciendze,
3262 3018 3368 3058 nec
3399 3006 3674 3059 sanctum
3709 3003 3840 3060 dan-

2191 3100 2334 3156 dum
2365 3103 2453 3155 est
2483 3097 2730 3154 canibus
2758 3094 2966 3165 (Matth.
2998 3094 3121 3166 vn).

439 3185 500 3244 In
525 3185 803 3259 judicium
829 3197 926 3251 ego
954 3180 1078 3236 veni
1107 3179 1167 3234 in
1195 3177 1482 3242 mundum,
1522 3184 1585 3232 ut
1633 3179 1731 3248 qui
1759 3193 1866 3233 non
1898 3177 2083 3234 vident

2263 3187 2537 3261 Sequitur
2565 3203 2702 3258 pars
2735 3161 2962 3258 quarta,
3013 3161 3148 3239 cum
3191 3181 3440 3240 dicitur:
3473 3183 3538 3238 Et
3553 3191 3842 3255 postquam

439 3267 1180 3343 videant,etquividentcaeci
1197 3266 1717 3338 ﬁant(loan.|x.).Et
1745 3265 2080 3338 Apostolus.

440 3366 544 3423 Nos
568 3361 959 3435 praedicamus.
1011 3356 1222 3428 inquit,
1264 3357 1449 3412 Iesum
1495 3356 1840 3425 cruciﬁxum,
1867 3355 2084 3412 Iudaeis

439 3451 658 3526 quidem
676 3445 1276 3516 scundatum,gentibus
1287 3448 1478 3500 autem
1487 3443 1944 3516 stuttitiamesis
1961 3462 2082 3502 vero

439 3542 640 3597 vocatis
665 3538 880 3596 Judzis
910 3543 961 3592 et
1021 3535 1250 3600 Graecis,
1281 3534 1554 3590 Christum
1604 3535 1708 3589 Dei
1742 3534 2001 3590 virtutem
2027 3540 2084 3590 et

438 3631 536 3686 Dei
562 3626 893 3700 sapientiam
923 3625 971 3690 (I
999 3621 1310 3694 Cor.1).Nec
1340 3620 1532 3677 solum
1557 3621 2080 3690 Christus,fratres,

440 3718 543 3776 sed
573 3716 751 3773 etiam
782 3712 1033 3786 quilibet
1065 3715 1216 3768 recte
1243 3710 1462 3778 vivens,
1495 3714 1552 3766 et
1594 3715 1747 3766 recte
1775 3712 1991 3767 docens
2021 3713 2081 3769 in

439 3804 676 3882 populo,
699 3803 926 3878 positus
947 3805 1038 3858 est
1066 3798 1559 3872 incorrigibilibus
1590 3799 1650 3854 in
1683 3799 2083 3868 ruinam,resi-

439 3893 799 3971 piscentibus
815 3907 948 3948 vero
969 3891 1028 3945 in
1049 3888 1724 3946 resurrectionem.Unde
1742 3889 2077 3962 Apostolus:

441 3986 654 4044 Christi
683 3985 857 4040 bonus
894 3979 1024 4037 odor
1049 3994 1254 4046 sumus,
1287 3978 1417 4033 aliis
1459 3977 1591 4034 odor
1634 3979 1766 4035 vitae
1803 3980 1863 4033 in
1890 3981 2079 4047 vitam,

437 4077 569 4132 aliis
597 4073 728 4131 odor
754 4071 946 4128 mortis
978 4071 1040 4125 in
1062 4073 1294 4124 mortem
1326 4068 1399 4139 (II
1425 4066 1634 4139 Contr).
1660 4068 1724 4123 Et
1753 4069 1810 4122 in
1836 4069 2077 4138 signum,

436 4162 650 4236 inquit,
691 4163 784 4217 cui
809 4158 1227 4222 contradicetur,
1251 4156 1310 4212 id
1342 4161 1432 4212 est
1461 4156 1518 4211 in
1543 4157 1877 4229 exemplum
1909 4159 2081 4214 etdo-

437 4251 688 4310 ctrinam
711 4248 805 4305 cui
836 4246 1266 4304 contradicetur
1285 4246 1358 4301 ab
1376 4245 1694 4302 incredulis
1706 4247 2078 4319 etperversis.

439 4341 538 4415 qui
567 4337 783 4396 Christi
812 4335 1086 4394 doctrina;
1117 4339 1174 4391 et
1205 4333 1508 4408 exemplis,
1538 4333 1627 4390 vel
1657 4335 1962 4403 verbis,vel
1994 4337 2082 4392 fa-

437 4427 547 4487 ctis
575 4425 996 4485 contradicent.
1029 4424 1193 4480 Unde
1241 4429 1299 4480 et
1346 4423 1564 4491 subdit,
1596 4426 1664 4479 Et
1705 4432 1858 4480 tuam
1887 4427 2078 4497 ipsius,

2188 3281 2535 3352 perfecerunt
2584 3275 2772 3330 omnia
2815 3273 3117 3330 secundum
3167 3273 3341 3342 legem
3392 3273 3589 3343 loysi,
3640 3274 3845 3328 reversi

2190 3376 2319 3422 sunt
2351 3369 2410 3422 in
2455 3366 2731 3420 civitatem
2775 3379 2936 3418 suam
2989 3361 3276 3417 Nazareth.
3309 3359 3372 3416 In
3425 3376 3564 3432 quo,
3610 3359 3838 3424 fratres,

2192 3458 2527 3531 proponunt
2557 3453 2726 3509 nobis
2754 3450 3109 3523 exemplum,
3143 3455 3210 3505 ut
3247 3450 3320 3506 ab
3345 3448 3589 3504 ecclesia
3622 3466 3746 3504 non
3768 3450 3841 3504 di-

2193 3546 2524 3610 scedamus,
2557 3543 2740 3598 donec
2771 3544 2904 3596 vota
2931 3544 2988 3595 et
3009 3537 3334 3595 oblationes
3355 3542 3413 3593 et
3430 3537 3734 3594 orationes
3753 3554 3841 3593 no-

2193 3639 2366 3700 stras,
2393 3633 2565 3706 juxta
2592 3631 2745 3704 quod
2773 3629 2864 3686 lex
2896 3628 3178 3702 praecipit,
3210 3625 3650 3700 perfecerimus.
3676 3627 3836 3694 Quod

2191 3728 2395 3780 contra
2425 3722 2555 3778 illos
2585 3725 2692 3787 est,
2727 3719 2848 3792 qui,
2873 3722 3187 3790 antequam
3211 3715 3408 3772 debita
3425 3719 3560 3772 vota
3589 3722 3646 3772 et
3679 3715 3834 3772 obla-

2189 3813 2378 3869 tiones
2407 3810 2739 3884 persolvant
2760 3809 2898 3874 Deo,
2928 3812 3242 3879 antequam
3286 3803 3615 3861 ministeria
3641 3804 3835 3861 divina

2189 3901 2550 3975 expleantur,
2584 3899 2656 3954 ab
2687 3896 2934 3953 ecclesia
2961 3896 3222 3962 redeunt,
3254 3893 3470 3950 morari
3501 3894 3561 3949 in
3591 3894 3837 3951 ecclesia

2190 3992 2474 4048 damnum
2505 3986 2786 4059 temporis
2805 3984 3182 4042 aestimantes.
3198 3985 3344 4040 Puer
3360 3991 3541 4038 autem
3569 3983 3836 4039 cremabat

2189 4090 2240 4138 et
2255 4080 2666 4153 confortabatur
2707 4077 2904 4148 plenus
2953 4075 3246 4146 sapientia,
3305 4081 3357 4128 et
3385 4073 3569 4144 gratia
3595 4073 3695 4127 Dei
3721 4083 3836 4128 erat

2191 4173 2252 4226 in
2280 4169 2639 4225 illo.Fratres
2670 4163 2804 4229 mei,
2829 4163 2983 4236 quod
3014 4161 3280 4218 Christus
3303 4160 3459 4217 filius
3489 4159 3590 4217 Det
3621 4176 3840 4217 cresce-

2191 4259 2308 4326 bat,
2333 4263 2390 4315 et
2449 4254 2908 4318 contortabatur,
2970 4252 3164 4308 carnis
3213 4255 3358 4307 erat.
3413 4250 3704 4323 Dignatus
3753 4257 3839 4307 est

2191 4349 2408 4421 quippe
2421 4349 2718 4402 momenta
2736 4346 2973 4399 aetatum
2987 4345 3321 4397 nostrarum
3336 4339 3531 4396 subire
3547 4343 3615 4394 ut
3627 4339 3839 4396 immu-

2189 4437 2538 4494 tabilitatem
2569 4450 2686 4490 sua:
2709 4430 3049 4488 aeternitatis
3077 4428 3247 4486 nobis
3269 4427 3838 4500 donaret.Sapientia

433 4518 647 4592 inquit,
677 4518 928 4574 animam
952 4512 1311 4586 pertransibit
1337 4511 1641 4582 gladius,id
1672 4517 1762 4568 est
1789 4512 1955 4568 dolor
1983 4513 2082 4570 ha-

2195 4543 2317 4584 vero
2351 4524 2560 4598 plenus
2591 4526 2734 4594 erat,
2766 4520 2866 4594 qui
2893 4520 3070 4576 etiam
3103 4519 3230 4592 ipsa
3259 4517 3548 4592 sapientia
3578 4523 3636 4573 et
3664 4523 3759 4574 est
3784 4523 3838 4574 et

435 4609 595 4666 bitus
625 4607 697 4663 de
728 4603 1000 4679 passione
1029 4603 1158 4674 ejus
1187 4606 1291 4657 tua
1319 4601 1540 4657 viscera
1565 4601 2077 4658 transfodiet.Cum

433 4697 616 4772 igitur
629 4695 942 4753 vehemens
958 4690 1288 4764 compassio
1309 4690 1386 4747 sit
1397 4690 1764 4763 martyrium,
1773 4696 1931 4764 patet
1941 4692 2080 4764 quia

435 4787 608 4843 beata
633 4783 809 4858 Virgo
837 4799 868 4838 a
918 4797 1133 4837 corona
1179 4778 1441 4851 martyrii
1474 4796 1590 4835 non
1638 4784 1727 4835 est
1779 4785 2074 4848 extranea,

436 4875 555 4931 imo
585 4873 899 4948 plusquam
947 4873 1171 4942 martyr
1217 4868 1331 4924 dici
1387 4872 1597 4941 potest,
1633 4885 1760 4941 quae
1787 4870 1846 4925 in
1879 4870 2079 4926 anima

437 4965 587 5038 (qua;
616 4959 968 5018 immortalis
997 4958 1105 5031 est)
1154 4975 1329 5031 passa
1374 4962 1482 5014 est.
1528 4957 1692 5022 Hinc,
1726 4958 1953 5026 fratres,
1987 4958 2076 5014 di-

437 5066 670 5108 scamus
700 5054 759 5105 et
788 5066 894 5105 nos
923 5046 1177 5121 compati
1209 5045 1603 5120 passionibus,
1635 5046 2075 5114 afflictionibus,

436 5135 883 5194 necessitatibus
913 5142 1269 5206 sanctorum,
1294 5135 1649 5209 pupillorum
1667 5140 1725 5192 et
1746 5136 2074 5204 viduarum,

436 5225 714 5301 quoniam
746 5224 846 5298 qui
868 5224 952 5280 eis
981 5229 1216 5296 propter
1244 5226 1428 5282 Deum
1459 5223 1957 5296 compatiuntur,a
1985 5241 2078 5281 co-

435 5331 579 5372 rona
606 5329 808 5369 eorum
839 5328 954 5367 non
985 5315 1158 5368 erunt
1183 5311 1635 5382 alieni,testante
1665 5311 2080 5384 Domino,quo-

435 5403 594 5460 niam
625 5404 723 5477 qui
749 5402 946 5474 recipit
972 5403 1287 5474 prophetam
1313 5405 1374 5459 in
1388 5405 1609 5459 nomine
1627 5402 2078 5475 prophetam”-

506 5589 620 5665 (15)
651 5588 821 5664 Vulg.
851 5589 1077 5650 sedenti.

2187 4620 2333 4672 erat.
2368 4615 2431 4670 In
2464 4629 2583 4685 qua
2612 4628 2720 4668 no
2742 4611 2934 4684 primo
2960 4608 3196 4674 creavit,
3230 4613 3288 4663 et
3306 4611 3439 4680 post
3469 4623 3734 4663 recreare
3756 4623 3838 4663 ve-

2189 4705 2295 4762 nit.
2329 4703 2528 4760 Gratia
2553 4719 2686 4759 vero
2719 4699 2818 4757 Dei
2848 4703 2974 4756 erat
3002 4698 3059 4753 in
3082 4697 3206 4769 illo,
3229 4713 3344 4753 non
3363 4697 3436 4752 ad
3469 4710 3834 4768 mensuram,

2186 4794 2288 4852 sed
2318 4793 2391 4849 ad
2421 4807 2654 4848 omnem
2679 4787 3380 4863 plenitudinem.0mnem
3401 4785 3559 4842 enim
3582 4785 3832 4859 gratiam

2185 4883 2246 4937 in
2279 4884 2562 4955 potestate
2593 4878 2817 4947 habuit,
2852 4877 2923 4934 ad
2959 4875 3431 4933 distribuendum
3461 4873 3742 4948 singulis,
3774 4879 3832 4930 ut

2186 4972 2360 5038 Deus,
2393 4974 2450 5026 et
2480 4984 2714 5024 omnem
2743 4967 2992 5041 gratiam
3063 4981 3242 5038 quam
3290 4961 3476 5020 voluit
3503 4962 3740 5032 habuit,
3774 4970 3830 5020 ut

2185 5059 2360 5114 homo
2389 5057 2447 5112 in
2481 5074 2614 5114 usu.
2640 5057 2758 5112 Nos
2785 5055 2982 5127 itaque
3009 5052 3207 5125 ipsum
3239 5050 3472 5108 ﬂetibus
3498 5066 3829 5119 exoremus,

2187 5154 2476 5221 quatenus
2497 5148 2568 5203 de
2589 5143 2949 5219 plenitudine
2964 5141 3262 5216 sapientia
3291 5143 3350 5196 et
3365 5138 3565 5213 gratiae
3586 5157 3714 5196 suae
3731 5157 3834 5198 nos

2187 5237 2354 5305 ditet,
2383 5241 2448 5292 ut
2474 5237 2546 5293 de
2567 5251 2673 5292 suo
2705 5235 2899 5308 ipsum
2933 5231 3188 5297 credere,
3212 5228 3453 5304 diligere
3481 5233 3541 5286 et
3569 5229 3833 5286 venerari

2185 5324 2506 5381 valeamus.
2539 5325 2645 5391 Qui
2676 5340 2811 5380 cum
2845 5323 3010 5378 Patre
3043 5325 3101 5378 et
3129 5319 3346 5394 Spiritu
3381 5322 3583 5376 sancto
3613 5317 3758 5375 vivit
3786 5323 3836 5375 et

2187 5419 2392 5488 regnat
2421 5414 2574 5470 Deus
2603 5413 2663 5470 in
2701 5417 3006 5469 aeternum.
3040 5415 3246 5467 Amen.

2261 5592 2372 5666 (16)
2403 5589 2574 5663 Vulg.
2601 5591 2776 5664 prior.
