3984 6082
119 281 296 347 I733

805 279 1160 346 HOMILIE
1202 282 1280 345 IN
1324 280 1573 345 EPIST.
1618 281 1720 344 ΕΤ
1763 279 2048 346 EVANG.
2094 281 2445 345 DOMINIC.
2477 313 2558 329 —
2585 280 2785 345 PARS
2828 281 2878 344 Ι.

3385 281 3542 347 1734

207 414 485 491 Sequitur
513 431 649 490 pars
679 416 1002 489 tertia,qua3
1034 416 1532 490 perturbationem
1554 421 1611 472 et
1633 417 1782 472 frau-
1807 419 1865 486 Α
1895 417 2204 473 thesauros
2232 416 2867 488 aperiunt,offerunt.ln
2899 414 3208 490 quo,quid,
3232 420 3288 474 et
3320 434 3435 490 quo
3457 436 3544 476 or-

121 504 440 564 dulentam
467 503 709 562 Herodis
739 503 1179 578 inquisitionem
1211 505 1622 575 ostendit,cum
1655 507 1790 562 sub-

123 595 346 652 ditur:
380 594 619 651 Audiens
664 601 846 651 autem
892 595 1122 651 Herodes
1168 611 1269 651 rex
1316 595 1565 652 turbatus
1611 603 1705 662 est,
1739 602 1790 652 ct

117 686 317 740 omnis
364 684 702 756 Jeorsolyma
749 700 874 739 cum
904 684 1020 740 illo.
1073 684 1368 740 Turbatus
1415 688 1505 742 est
1535 685 1789 741 Herodes

97 773 340 830 timens
371 789 788 830 successorem.
822 772 1065 830 Turbati
1096 777 1235 829 sunt
1263 773 1360 830 alii
1393 779 1627 848 propter
1655 776 1784 847 ejus

105 862 402 920 favorem.
437 861 685 918 Turbati
736 865 877 918 sunt
929 861 1029 919 alii
1078 867 1314 936 propter
1359 865 1488 936 ejus
1534 863 1787 920 rumoris

108 949 743 1024 novitatem.lnquisiti
772 955 971 1008 autem
1002 952 1075 1008 ab
1107 953 1332 1008 Herode
1352 952 1618 1027 magistri
1640 953 1787 1026 legis

111 1040 539 1098 testimonium
560 1041 632 1098 de
651 1039 778 1097 loco
797 1040 1122 1097 nativitatis
1142 1041 1355 1098 Christi
1380 1044 1699 1114 proferunt,
1724 1047 1790 1099 ut

113 1129 218 1188 eis
249 1131 412 1187 fieret
439 1129 500 1186 in
545 1129 953 1187 testimonium
985 1130 1402 1199 damnationis,
1433 1137 1491 1188 et
1529 1132 1698 1189 nobis
1727 1132 1785 1188 in

118 1219 492 1292 adjutorium
541 1218 774 1276 fidei.Et
814 1219 915 1292 qui
955 1235 1058 1293 per
1086 1219 1217 1287 hos,
1251 1220 1458 1277 fratres
1503 1221 1638 1290 mei,
1673 1222 1785 1278 nisi

117 1308 298 1382 pravi
328 1308 592 1365 doctores
621 1307 1024 1382 designantur,
1057 1309 1156 1382 qui
1187 1309 1411 1378 dicunt,
1445 1314 1501 1366 et
1548 1328 1664 1366 non
1707 1310 1787 1367 fa-

117 1397 319 1468 ciunt,
351 1401 408 1453 et
455 1397 587 1454 aliis
636 1401 902 1470 prosunt,
952 1403 1009 1454 et
1055 1397 1168 1470 ipsi
1217 1399 1470 1468 obsunt;
1505 1399 1604 1473 qui
1652 1405 1790 1456 sunt

113 1489 414 1560 tanquam
462 1504 540 1542 aes
591 1503 809 1543 sonans
840 1491 896 1543 et
940 1486 1278 1560 cymbalum
1310 1488 1566 1546 tinniens
1590 1489 1633 1562 (Ι
1666 1490 1786 1546 Cor.

106 1576 276 1648 xm),
306 1576 462 1648 quod
518 1575 666 1632 alios
698 1575 838 1632 citat
865 1581 922 1632 et
961 1576 1223 1651 seipsum
1262 1583 1634 1651 conquassat.
1681 1579 1790 1646 Qui

111 1668 272 1720 sunt
300 1669 482 1738 tanqu
496 1681 590 1721 am
623 1663 885 1733 candela,
921 1683 1048 1739 quae
1081 1665 1224 1722 alios
1264 1665 1576 1736 illuminat,
1611 1672 1669 1724 et
1699 1684 1792 1724 se-

1896 505 2030 562 dine
2062 506 2248 562 facere
2281 505 2622 573 debeamus,
2655 506 2992 562 ostendunt.
3044 509 3268 578 Itaque,
3312 506 3542 574 fratres,

1897 599 2031 652 ante
2064 595 2434 666 majestatem
2458 594 2562 651 Dei
2584 594 3042 668 procidamus,id
3061 599 3151 651 est
3170 600 3430 652 nostram
3453 614 3547 652 su-

1897 683 2160 757 perbiam
2209 682 2612 749 humiliantes,
2661 700 2768 738 nos
2823 689 3154 756 peccatores
3194 683 3458 740 infirmos
3491 688 3548 739 et

1897 771 2170 846 indignos
2201 771 3017 839 confiteamur.Adoremus,id
3039 776 3128 828 est
3149 772 3331 828 Deum
3353 776 3549 830 aucto-

1897 877 2019 916 rem
2052 866 2108 916 et
2151 861 2466 917 Dominum
2520 865 2788 916 nostrum
2838 877 3345 934 rccognoscamus.
3396 861 3548 919 The-

1897 967 2102 1006 sauros
2151 950 2343 1006 cordis
2393 950 2576 1006 nostri
2603 967 2707 1024 per
2735 949 3157 1006 confessionem
3191 951 3547 1024 aperiamus,

1896 1037 2052 1094 mala
2080 1043 2281 1094 nostra
2310 1039 2479 1094 nobis
2507 1039 2885 1107 ascribentes,
2919 1043 2975 1096 et
3023 1038 3072 1095 si
3105 1040 3244 1112 quid
3293 1040 3429 1097 boni
3458 1039 3547 1097 vel

1895 1127 2062 1201 pretii
2097 1126 2420 1184 habeamus
2451 1128 2512 1183 in
2545 1127 2733 1199 nobis,
2765 1134 2878 1185 Deo
2909 1129 3298 1187 attribuentes
3326 1133 3383 1187 et
3411 1131 3548 1187 offe-

1895 1217 2294 1273 rentes.Porro
2327 1218 2478 1274 trino
2509 1218 2660 1273 dono
2690 1217 2912 1274 trinum
2941 1219 3302 1288 confitentes,
3337 1237 3546 1277 aurum

1896 1306 2148 1362 offerunt
2179 1305 2476 1379 regi,thus
2507 1311 2646 1375 Deo,
2679 1307 3002 1380 myrrham,
3031 1325 3148 1381 qua
3177 1324 3422 1383 corpora
3449 1310 3548 1366 de-

1897 1395 2099 1451 functa
2129 1393 2887 1462 condiuntur,mortali.Nos
2919 1413 3152 1469 quoque
3181 1397 3388 1455 fratres
3411 1397 3547 1467 mei,

1896 1483 2165 1540 eamdem
2213 1484 2570 1540 offerendam
2618 1485 2666 1540 ei
2703 1486 3038 1564 offeramus,
3088 1491 3144 1543 et
3173 1504 3307 1544 eum
3345 1505 3548 1545 verum

1899 1590 2116 1646 regem,
2148 1591 2349 1630 verum
2378 1574 2587 1642 Deum,
2620 1591 2821 1630 verum
2870 1574 3167 1632 hominem
3210 1579 3382 1635 corde
3426 1595 3549 1635 cre-

1900 1661 2193 1728 damus,et
2222 1679 2318 1719 ore
2349 1664 2752 1732 confiteamur,
2773 1669 2946 1738 atque
2976 1666 3249 1738 operibus
3279 1685 3551 1742 compro-

105 1753 325 1826 ipsum
357 1753 667 1810 annihilat.
703 1755 932 1812 Herode;
978 1771 1124 1824 υενο,
1157 1757 1254 1828 qui
1288 1757 1464 1812 locum
1493 1765 1544 1813 ει
1583 1767 1790 1830 tempus
1819 1791 1867 1857 B
1900 1749 2430 1852 bemusMoraliter
2459 1751 2890 1857 etiam:fratres,
2905 1770 3117 1811 aurum
3146 1755 3198 1811 ei
3229 1758 3549 1827 offerimus,

115 1843 338 1899 Christi
380 1844 502 1899 nati
549 1843 846 1913 diligenter
897 1847 1206 1916 inquirens,
1259 1845 1546 1902 malitiam
1595 1847 1788 1903 cordis
1819 1839 1867 1857 ⁵¹
1899 1839 1948 1893 si
1978 1839 2029 1896 ei
2063 1857 2160 1895 cor
2183 1844 2450 1896 nostrum
2472 1841 2761 1897 mundum
2783 1846 3067 1915 etpurum
3091 1846 3548 1906 sanctificamus.

117 1931 322 1988 colore
353 1931 621 2006 depingit
650 1931 1207 2001 humilitatis.Quid,
1241 1935 1450 1991 fratres
1481 1935 1614 2004 mei,
1648 1937 1790 2008 quid

124 2019 246 2076 nisi
282 2020 614 2094 hypocritas
644 2021 934 2095 designat,
969 2022 1070 2095 qui
1099 2024 1276 2079 verba
1303 2024 1562 2080 veritatis
1594 2025 1792 2098 inqui-

125 2113 279 2166 runt
307 2113 364 2166 et
392 2108 658 2178 laudant,
683 2114 740 2167 et
768 2115 964 2168 tamen
995 2111 1294 2168 Christum
1328 2113 1387 2169 in
1419 2114 1545 2170 suis
1574 2131 1794 2188 paupe-

132 2198 305 2255 ribus
335 2199 593 2268 corde,et
621 2201 855 2273 quando
880 2205 1149 2274 possunt,
1177 2219 1347 2275 opere
1377 2204 1645 2277 persequi
1681 2221 1795 2261 non

135 2292 396 2345 cessant.

223 2376 497 2450 Sequitur
526 2395 662 2452 pars
692 2383 921 2451 quarta,
945 2396 1073 2453 quae
1104 2398 1208 2454 per
1235 2381 1568 2438 ductionem
1597 2383 1799 2456 Mago-

148 2484 285 2523 rum
315 2483 418 2540 per
447 2466 677 2524 stellam
726 2469 794 2524 ad
847 2469 1145 2526 Christum
1177 2471 1630 2540 demonstratur,
1663 2490 1798 2529 cum

148 2555 471 2613 subditur:
513 2558 622 2627 Qui
657 2574 784 2614 cum
829 2558 1110 2616 audissent
1159 2577 1358 2630 regem,
1413 2561 1685 2618 abierunt.
1734 2563 1801 2620 Et

147 2662 268 2703 ecce
295 2647 474 2714 stella,
507 2649 615 2703 etc.
650 2646 831 2704 Stella
869 2647 1097 2716 fratres,
1122 2647 1236 2704 ista
1265 2666 1392 2721 quas
1423 2651 1623 2724 Magos
1656 2669 1799 2724 pras-

150 2735 330 2792 cessit
359 2739 417 2791 et
446 2737 518 2792 ad
541 2735 838 2792 Christum
861 2737 1302 2810 perduxit,quid
1324 2738 1482 2794 aliud
1505 2740 1802 2812 significat

150 2841 330 2897 quam
359 2824 612 2898 gratiam
644 2825 901 2898 Dei,qute
933 2844 1062 2892 nos,
1081 2831 1146 2882 ut
1173 2827 1245 2882 ad
1275 2827 1570 2884 Christum
1603 2845 1800 2902 perve-

149 2913 409 2981 niamus,
446 2914 721 2987 praecedit
776 2920 833 2971 et
888 2915 1088 2972 ducit?
1115 2915 1278 2972 Sicut
1331 2916 1488 2972 enim
1545 2917 1644 2973 isti
1695 2935 1801 2975 nec

146 3001 304 3060 viam
349 3001 691 3076 inciperent,
727 3020 832 3060 nec
862 3004 1226 3078 perficerent,
1258 3004 1372 3061 nisi
1403 3023 1439 3062 a
1475 3006 1592 3062 Deo
1642 3007 1801 3063 ducti

149 3107 256 3164 per
285 3090 627 3162 stellam,ita
654 3109 762 3148 nos
794 3109 898 3149 nec
944 3093 1089 3150 bene
1135 3093 1300 3163 velle,
1325 3112 1430 3150 nec
1459 3095 1671 3152 bonam
1703 3113 1802 3152 vo-

1898 1927 2058 2006 Tlius
2106 1928 2157 1984 ei
2203 1929 2526 1996 offerimus,
2560 1930 2610 1984 si
2657 1947 2816 2003 purae
2864 1933 3145 1990 orationis
3183 1935 3378 2005 odore,
3416 1953 3550 1996 eum

1901 2015 2280 2073 delectamus.
2344 2017 2506 2074 Unde
2565 2018 2876 2076 Psalmista
2922 2038 2936 2078 :
2977 2024 3280 2096 Dirigatur,
3337 2026 3551 2100 inquit,

1901 2107 2074 2162 oratio
2103 2123 2226 2163 mea
2252 2107 2395 2163 sicut
2412 2109 2695 2164 incensum
2715 2112 2778 2165 in
2797 2120 3081 2183 conspectu
3105 2121 3196 2170 tuo
3217 2115 3553 2190 (Psal.cxr..)

1905 2193 2202 2267 Myrrham
2229 2193 2280 2249 ei
2313 2195 2636 2263 offerimus,
2669 2199 2903 2270 quando
2929 2197 3037 2257 hoc
3069 2201 3312 2260 mortale
3340 2220 3553 2279 corpus

1907 2300 1942 2338 a
1971 2283 2211 2338 luxuria:
2243 2284 2550 2356 putredine
2581 2302 2685 2359 per
2712 2287 3152 2346 condimentum
3183 2291 3552 2350 continentia!

1908 2372 2448 2440 custodimus.Quid
2471 2373 2626 2430 enim
2651 2373 2811 2432 aliud
2823 2381 2912 2432 est
2930 2394 3034 2450 per
3054 2377 3294 2436 luxurie
3309 2381 3552 2440 fetorem

1907 2477 2120 2534 corpus
2151 2461 2424 2532 deﬂuere,
2459 2481 2638 2536 quam
2683 2465 2878 2538 ipsum
2911 2471 3453 2540 putrescere?Hinc
3482 2473 3554 2530 de

1909 2550 2262 2624 quibusdam
2304 2569 2407 2624 per
2445 2553 2790 2625 prophetam
2837 2554 3090 2613 dicitur:
3124 2563 3466 2619 Putruerunt
3492 2571 3556 2620 ut

1896 2641 2148 2713 jumenta
2180 2642 2238 2696 in
2266 2649 2495 2697 stercore
2527 2643 2676 2714 (Joel.
2712 2643 2770 2715 1).
2804 2643 2886 2700 Ne
2931 2662 3067 2720 ergo
3120 2664 3224 2721 per
3261 2648 3552 2709 luxuriam

1909 2729 2171 2802 quiescat
2210 2747 2444 2802 corpus,
2478 2730 2620 2786 illud
2654 2732 2891 2806 myrrha
2921 2735 3288 2794 abstinentia:
3327 2740 3558 2798 condia-

1909 2835 2063 2874 mus.

1980 2906 2258 2980 Sequitur
2283 2925 2419 2980 pars
2441 2912 2624 2980 sexta,
2645 2909 2704 2965 in
2735 2927 2853 2983 qua
2881 2913 3212 2971 ostenditur
3239 2917 3461 2993 Magos,
3493 2919 3554 2976 in

1910 2997 2133 3053 somnis
2165 2997 2438 3066 monitos,
2470 3014 2574 3070 per
2603 2997 2778 3055 aliam
2809 3001 2964 3057 viam
2996 3003 3240 3060 rediisse
3270 3005 3330 3062 in
3379 3007 3559 3083 regio-

1910 3104 2045 3142 nem
2078 3104 2266 3143 suam.
2301 3086 2418 3144 Nos
2448 3105 2702 3161 quoque,
2735 3090 2964 3162 fratres,
3015 3091 3224 3150 horum
3269 3097 3555 3171 exemplo,

149 3163 436 3238 luntatem
481 3181 756 3254 perficere
783 3181 1067 3250 valemus,
1103 3182 1217 3238 nisi
1268 3183 1650 3255 praeveniente
1701 3185 1802 3242 Dei
1832 3163 1875 3230 C
1913 3177 2144 3249 cognito
2169 3176 2331 3245 Jesu,
2366 3176 2437 3232 ad
2467 3176 2761 3234 caelestem
2791 3180 3065 3252 patriam,
3096 3199 3210 3239 non
3261 3201 3365 3258 per
3400 3163 3555 3246 viam

151 3269 342 3342 gratia
369 3274 430 3326 et
486 3271 900 3344 subsequente.
945 3270 1107 3327 Unde
1163 3271 1474 3345 Apostolus
1507 3290 1521 3329 :
1552 3272 1671 3330 Non
1725 3281 1806 3330 est

150 3359 405 3430 volentis,
436 3359 650 3432 inquit,
679 3359 844 3429 velle,
876 3375 1048 3434 neque
1093 3363 1363 3418 currentis
1411 3379 1662 3423 currere.
1698 3364 1800 3420 sed

153 3447 486 3506 miserentis
529 3447 630 3506 Dei
662 3451 832 3521 (Rom.
865 3449 962 3522 IX).
997 3450 1170 3507 Porro
1200 3450 1352 3507 sicut
1395 3450 1566 3508 stella
1601 3452 1804 3526 Magos

152 3538 224 3593 ad
278 3537 562 3594 Herodem
621 3537 981 3595 declinantes
1030 3539 1305 3608 deseruit,
1355 3545 1411 3596 et
1469 3542 1802 3598 recedentes

152 3625 533 3696 reilluminat,
569 3627 672 3694 ita,
705 3628 932 3696 fratres,
966 3629 1201 3700 quando
1246 3630 1317 3685 ad
1369 3629 1590 3686 malum
1631 3629 1804 3687 decli-

153 3733 389 3784 namus,
422 3717 611 3790 gratia
639 3716 738 3772 Dei
769 3735 882 3772 non
917 3717 1134 3773 deserit
1163 3735 1292 3787 nos,
1318 3718 1435 3775 imo
1457 3737 1563 3776 nos
1582 3720 1802 3776 deseri-

153 3823 290 3862 mus
321 3821 470 3862 eam.
503 3807 744 3874 Quando
782 3823 916 3862 vero
948 3823 982 3862 a
1011 3807 1164 3862 malo
1197 3809 1523 3865 recedimus
1553 3826 1656 3882 per
1685 3827 1803 3883 p03-

152 3894 481 3963 nitentiam,
515 3895 705 3968 gratia
753 3895 852 3951 Dei
886 3913 992 3951 nos
1018 3894 1392 3953 reilluminat.
1427 3897 1606 3954 Stella
1635 3903 1801 3954 ante-

153 3984 396 4040 cedebat
426 3984 647 4057 Magos,
679 3985 860 4041 donec
890 3987 1110 4040 veniens
1152 3993 1319 4041 staret
1348 4002 1516 4057 supra
1559 3987 1658 4042 ubi
1684 3995 1803 4044 erat

147 4091 290 4147 puer
313 4091 327 4142 ;
350 4079 406 4129 et
434 4074 622 4147 gratia
654 4074 753 4130 Dei
784 4075 1074 4130 antecedit
1105 4091 1231 4143 nos,
1268 4092 1569 4147 usquequo
1607 4076 1802 4133 venia-

154 4180 290 4218 mus
319 4163 392 4218 ad
422 4162 743 4231 Christum,
779 4163 878 4236 qui
925 4167 1016 4219 est
1044 4162 1180 4218 finis
1211 4165 1282 4220 ad
1306 4163 1602 4235 justitiam
1642 4167 1802 4223 omni

153 4251 414 4308 credenti
447 4254 619 4325 (Rom.
651 4253 730 4325 x,)
764 4252 917 4308 ultra
969 4269 1146 4324 quam
1197 4269 1313 4308 non
1363 4257 1452 4309 est
1487 4255 1802 4326 proceden-

153 4342 319 4410 dum,
345 4340 486 4414 quia
531 4358 646 4397 non
678 4345 766 4398 est
809 4340 969 4397 aliud
997 4357 1208 4399 nomen
1241 4342 1299 4398 in
1331 4340 1492 4411 coelo,
1524 4359 1714 4416 neque
1743 4345 1803 4400 in

151 4434 328 4499 terra,
362 4431 423 4486 in
455 4447 570 4504 quo
599 4434 862 4504 oporteat
892 4447 998 4486 nos
1047 4429 1258 4486 salvari
1291 4431 1436 4504 (Act.
1470 4432 1565 4504 1v).
1611 4433 1804 4490 Viden-

155 4529 233 4577 tes
276 4526 456 4577 autem
487 4537 610 4576 eam
648 4520 812 4590 Magi,
843 4521 1026 4590 gavisi
1067 4527 1196 4576 sunt
1214 4521 1409 4592 gaudio
1439 4537 1654 4593 magno.
1688 4522 1805 4579 Nos
1835 4535 1881 4601 υ

155 4625 409 4682 quoque,
443 4609 674 4678 fratres,
705 4625 840 4666 cum
887 4607 1207 4664 viderimus
1249 4609 1498 4682 gratiam
1544 4611 1643 4668 Dei
1675 4629 1803 4685 per-

155 4697 394 4754 duxisse
425 4715 531 4754 nos
576 4715 764 4772 usque
807 4697 880 4754 ad
908 4695 1226 4754 videndum
1257 4698 1442 4754 Deum
1472 4699 1716 4755 deorum
1741 4699 1802 4756 in

155 4786 312 4852 Sion,
343 4787 732 4860 gaudebimus
788 4786 1002 4861 gaudio
1053 4803 1267 4861 magno
1319 4792 1376 4845 et
1412 4787 1714 4858 ineffabili,
1747 4793 1806 4847 et

155 4876 438 4948 gaudium
491 4874 638 4932 illud
685 4892 856 4932 nemo
904 4874 1067 4932 tollet
1091 4893 1125 4932 a
1155 4876 1322 4934 nobis
1365 4879 1542 4948 (Joan.
1575 4879 1709 4952 xw).
1741 4881 1806 4935 Et

157 4966 421 5022 intrantes
463 4965 684 5022 domum
729 4968 953 5022 aeternae
1005 4965 1404 5034 beatitudinis,
1438 4965 1804 5024 inveniemus

149 5071 388 5127 puerum
416 5071 542 5111 cum
571 5057 756 5113 Maria
782 5061 957 5110 matre
984 5057 1126 5127 ejus,
1162 5054 1220 5111 id
1242 5059 1330 5111 est
1350 5055 1647 5113 hominem
1669 5075 1803 5114 cum

156 5142 457 5201 divinitate
486 5143 1370 5218 contemplantes,adorantes,et
1398 5145 1806 5204 benedicentes

156 5231 215 5288 in
247 5232 480 5289 secula.

228 5321 510 5396 Sequitur
538 5339 676 5396 pars
703 5322 928 5396 quinta,
962 5322 1022 5378 in
1053 5339 1170 5396 qua
1218 5321 1476 5380 adoratio
1506 5327 1564 5379 et
1593 5323 1806 5381 oblatio

156 5409 459 5484 Magorum
491 5412 840 5481 ostenditur,
864 5428 999 5468 cum
1039 5412 1312 5469 subditur
1344 5431 1357 5468 :
1383 5413 1450 5468 Et
1472 5413 1808 5486 procidentes

157 5499 523 5560 adoraveruut
549 5520 695 5572 eum,
722 5510 775 5560 et
801 5504 1006 5575 apertis
1047 5500 1322 5558 thesauris
1349 5503 1468 5558 suis
1497 5501 1809 5560 obtulerunt

1912 3282 2029 3337 qua
2057 3265 2606 3334 descendimus,sed
2637 3284 2740 3340 per
2769 3267 2941 3325 aliam
2976 3275 3370 3344 revertamur;
3402 3293 3437 3333 a
3466 3294 3556 3334 re-

1910 3353 2080 3427 gione
2110 3354 2267 3409 enim
2294 3359 2492 3411 nostra
2521 3357 2930 3429 superbiendo,
2953 3359 3209 3417 visibilis
3237 3365 3557 3437 sequendo,

1911 3442 2106 3497 cibum
2138 3443 2380 3499 vetitum
2403 3445 2716 3516 gustando,
2741 3451 2980 3518 peccata
2998 3453 3198 3507 nostra
3224 3454 3556 3512 excusando

1910 3530 2388 3588 discessimus.Et
2417 3533 2489 3588 ad
2509 3549 2636 3588 eam
2669 3551 2904 3592 necesse
2925 3541 3015 3593 est
3035 3542 3100 3594 ut
3118 3556 3224 3596 nos
3247 3540 3558 3601 humilian-

1910 3629 2034 3691 do,‘
2060 3621 2404 3688 obodiendo,
2448 3622 2703 3679 visibilis
2751 3628 3200 3696 oontemnando,
3233 3632 3556 3704 appetitum

1909 3709 2102 3766 carnis
2133 3711 2740 3784 refrenando,peccata
2765 3719 2968 3771 nostra
2995 3720 3326 3776 accusando
3354 3722 3558 3780 redea-

1911 3800 2116 3853 mus.A
2145 3799 2403 3871 paradisi
2431 3801 2664 3874 gaudiis
2695 3819 2799 3874 per
2828 3803 3250 3864 delectamenta
3280 3809 3556 3868 discessi-

1909 3903 2044 3941 mus
2074 3905 2087 3956 ;
2119 3887 2190 3942 ad
2223 3887 2344 3943 haec
2371 3905 2474 3961 per
2517 3889 2774 3947 lamenta
2823 3897 3049 3964 oportet
3098 3899 3159 3951 ut
3200 3913 3554 3956 revocemur.

1907 3976 2200 4048 Scriptum
2232 3977 2448 4050 quippe
2478 3982 2568 4034 est
2597 3995 2610 4033 :
2644 3982 2804 4035 Beati
2832 3983 2928 4053 qui
2958 3983 3146 4052 lugent
3173 3987 3435 4055 quoniam
3451 3989 3562 4060 ipsi

1910 4067 2338 4122 consolabuntur
2389 4067 2591 4134 (Matth.
2617 4068 2690 4139 v).
2730 4073 2826 4125 Vw
2866 4071 3016 4126 vobis
3053 4073 3151 4143 qui
3196 4072 3387 4130 ridetis
3425 4078 3558 4148 quia

1911 4154 2194 4226 lugebitis!
2226 4156 2374 4222 (Luc.
2405 4161 2508 4224 vx.)
2539 4155 2683 4212 Hinc
2711 4156 2982 4214 Salomon
3022 4157 3104 4215 ait
3135 4177 3148 4216 :
3181 4161 3340 4218 Risus
3375 4162 3560 4222 dolore

1908 4244 2242 4310 miscebitur,
2275 4252 2324 4299 et
2371 4252 2615 4300 extrema
2661 4245 2866 4316 gaudii
2908 4246 3084 4304 luctus
3123 4261 3345 4323 occupat
3375 4253 3555 4325 (Prov.

1909 4331 2390 4400 x1v).Abluamus
2423 4333 2609 4406 igitur
2629 4332 2942 4406 gemitibus
2971 4339 3028 4392 et
3058 4336 3330 4411 lacrymis
3360 4341 3559 4414 culpa-

1911 4438 2042 4477 rum
2065 4424 2398 4478 nostrarum
2423 4421 3186 4497 maculas,quoniam,utait
3207 4427 3517 4486 Psalmista
3539 4445 3555 4487 :

1910 4508 2264 4582 Sacriﬁcium
2309 4512 2412 4567 Deo
2462 4512 2690 4584 spiritus
2744 4514 3142 4570 contribulatus
3173 4516 3340 4587 (Psal.
3389 4517 3462 4589 L),
3495 4521 3561 4573 ut

1914 4599 1996 4654 ita
2008 4615 2111 4670 per
2127 4598 2303 4654 aliam
2322 4599 2473 4655 viam
2498 4599 2557 4655 in
2580 4603 2842 4657 nostram
2865 4606 3224 4659 revertamur
3241 4605 3556 4677 regionem,

1912 4687 2040 4760 ipso
2070 4688 2338 4757 ducente,
2370 4689 2471 4762 qui
2501 4689 2701 4762 Magos
2731 4691 2803 4746 de
2833 4689 3152 4764 longinquo
3184 4691 3354 4749 hodie
3392 4695 3463 4751 ad
3496 4711 3559 4752 se

1913 4776 2421 4844 adduxit,Domino
2453 4782 2652 4834 nostro
2679 4778 2819 4835 Jesu
2849 4779 3096 4836 Christo.

2473 4884 2774 4941 HOMILIA
2811 4885 3006 4942 XVIII.

2081 4971 2355 5011 DOMINICA
2396 4973 2574 5012 PRIMA
2615 4974 2748 5012 POS'I‘
2784 4974 3134 5016 ΕΡΙΡΗΑΝΙΛΙ
3171 4976 3396 5018 ΒΟΜῙΝῙ.

1984 5043 2208 5101 Obsecro
2237 5061 2347 5114 vos,
2374 5062 2474 5117 per
2516 5047 2956 5103 misericordiam
2994 5049 3112 5118 Dei,
3152 5057 3212 5106 ut
3257 5051 3561 5109 cxhibeatis

1912 5151 2138 5207 corpora
2173 5143 2350 5191 vestra
2389 5135 2621 5191 hostiam
2666 5137 2932 5194 viventem
2979 5139 3153 5207 (Rom.
3207 5144 3332 5210 xu),
3363 5146 3470 5198 etc.
3496 5142 3561 5198 In

1912 5223 2022 5279 hac
2054 5221 2536 5290 lectione,fratres
2567 5223 3166 5295 cbarissimi,instruit
3186 5245 3294 5284 nos
3324 5232 3562 5302 Apostoo

1913 5313 2007 5369 lus
2039 5313 2330 5386 quomodo
2361 5313 2548 5370 vivere
2582 5313 2921 5384 debeamus,
2941 5315 3154 5374 docens
3182 5317 3322 5390 quid
3353 5318 3564 5375 debea-

1916 5420 2051 5459 mus
2083 5403 2272 5472 nobis,
2307 5401 2445 5474 quid
2478 5403 2614 5470 Deo,
2645 5408 2703 5460 et
2748 5405 2888 5476 quid
2939 5404 3240 5478 proximis.
3274 5405 3567 5465 Debemus

1917 5492 2074 5549 enim
2104 5492 2275 5550 nobis
2308 5491 2895 5565 castigationem,Deo
2927 5492 3337 5560 obedientiam,
3371 5496 3570 5565 proxi-

156 5591 210 5653 οἱ
236 5607 488 5663 munera,
519 5597 630 5653 etc.
653 5591 914 5660 Quatuor
937 5589 1178 5663 faciunt,
1201 5590 1532 5667 procidunt,
1566 5590 1812 5653 adorant
1919 5583 2037 5643 mis
2065 5580 2555 5660 compassionem.
2587 5579 2660 5644 Et
2686 5581 2749 5645 in
2775 5581 2872 5644 his
2901 5580 3101 5644 tribus
3118 5578 3394 5660 perfectio
3417 5581 3578 5642 Chri-
