3984 6082
471 240 629 303 1739

1473 235 1869 299 ADDENDA.
1903 270 1981 280 -—
2011 234 2409 299 RADULPHI
2452 235 2870 298 ARDENTIS.

3740 235 3885 297 17$

473 369 786 446 prudentia
807 372 865 426 ct
891 368 1189 442 responsis
1218 368 1616 442 ejus,signum
1646 372 1769 425 erat
1800 368 2003 425 divinae
2034 385 2120 425 sa—
2146 370 2204 438 Α
2233 368 2459 425 tutibus
2488 372 2545 425 et
2572 368 2742 425 bonis
2771 369 3046 442 operibus
3096 383 3427 425 mereamur
3470 367 3817 435 abundare,
3844 374 3891 424 et
3962 368 3971 446 Ι

474 459 730 535 Ρὶθηιὶω,
762 474 890 531 quas
921 458 1355 530 quodammodo
1385 474 1483 513 eos
1514 458 1780 528 docebat,
1815 458 1958 514 dum
1983 475 2123 531 pru-

476 549 680 606 denter
707 562 806 605 eos
837 547 1260 621 interrogabat.

548 636 826 710 Sequitur
848 653 987 709 pars
1016 639 1247 709 quarta,
1279 636 1340 691 in
1376 652 1494 709 qua
1540 636 1822 693 Dominus
1870 636 2127 693 ostendit

477 726 620 800 quid
648 726 806 783 Patri
828 724 1140 794 coelesti,et
1155 724 1297 798 quid
1328 724 1502 781 matri
1533 725 1752 781 carnali
1783 726 2121 783 debeamus.

475 815 624 873 Nam
670 831 805 871 cum
856 815 1027 870 beata
1070 813 1247 887 Virgo
1293 818 1790 886 conquereretur:
1823 816 1961 881 Fili,
1993 814 2126 887 quid

474 905 657 978 fecisti
682 905 842 959 nobis
870 904 950 959 sic
970 904 998 959 ἲ
1025 904 1132 974 Ego
1160 911 1210 958 et
1230 910 1389 975 pater
1417 911 1560 971 tuus,
1578 903 1833 971 dolentes,
1850 905 2127 976 quaereba-

473 1010 598 1049 mus
626 996 716 1049 te?
743 992 1034 1065 Respondit
1063 1011 1082 1047 :
1111 993 1178 1047 Et
1207 991 1339 1064 quid
1368 1000 1444 1048 est
1472 991 1614 1064 quod
1639 1009 1725 1048 me
1754 994 2077 1065 quaerebatis
2099 996 2127 1048 ?

474 1082 819 1150 nesciebatis,
849 1083 983 1154 quia
1014 1082 1073 1137 in
1097 1082 1183 1137 his
1213 1096 1339 1154 qua?
1378 1084 1566 1138 Patris
1610 1084 1722 1137 mei
1745 1088 1892 1149 sunt,
1923 1090 2130 1154 oportet

475 1187 563 1229 me
592 1187 704 1229 esse
724 1170 898 1227 ?Non
928 1175 1127 1227 autem
1158 1169 1219 1227 in
1244 1170 1354 1226 hoc
1384 1171 1538 1243 quod
1571 1187 1704 1226 eum
1737 1170 1905 1243 quasi
1938 1171 2124 1228 ﬁlium

477 1264 748 1334 quaerunt
773 1259 1079 1333 vituperat,
1095 1260 1197 1316 sed
1228 1260 1363 1331 quis
1392 1259 1507 1315 sibi
1537 1275 1709 1315 verus
1738 1264 1903 1332 pater
1925 1258 2020 1325 sit,
2035 1259 2125 1315 in-

476 1350 694 1407 sinuat.
727 1351 794 1405 ln
825 1365 961 1422 quo,
996 1348 1225 1417 fratres,
1254 1365 1362 1404 nos
1408 1348 1597 1417 docet,
1630 1352 1985 1421 praeceptum
2025 1348 2126 1406 Dei

478 1438 664 1496 Patris
695 1441 752 1494 et
778 1437 986 1495 matris
1016 1436 1282 1494 Ecclesiae
1312 1441 1598 1510 praecepto
1646 1436 1899 1494 carnalis
1941 1438 2128 1511 patris

478 1532 538 1585 et
565 1527 773 1584 matris
805 1544 1158 1600 praeponere.
1192 1526 1358 1583 Sicut
1402 1526 1557 1582 idem
1606 1525 1744 1583 alibi
1792 1526 1934 1583 dicit
1964 1544 1977 1582 :
2013 1530 2130 1601 Qui

478 1624 628 1674 amat
649 1624 866 1690 patrem
913 1624 1010 1673 aut
1058 1619 1293 1673 inatrem
1313 1618 1443 1689 plus
1474 1633 1637 1689 quam
1666 1634 1771 1684 me,
1804 1634 1915 1673 non.
1941 1625 2021 1673 est
2040 1635 2127 1674 me

478 1706 677 1809 dignus
703 1705 909 1814 .(Matt‘h.
940 1710 1017 1774 κ).
1049 1706 1290 1805 Quando
1321 1710 1519 1814 tamen
1559 1710 1917 1814 praeceptum
1948 1710 2126 1814 terre—
2155 1748 2204 1814 Β

479 1795 539 1852 ni
568 1795 751 1869 patris
779 1794 869 1852 vel
900 1795 1125 1862 matris,
1160 1811 1276 1851 non
1324 1794 1519 1850 obviat
1554 1798 1840 1867 praecepto
1873 1794 1993 1863 Dei,
2027 1795 2125 1852 de-

478 1886 688 1943 bemus
717 1885 769 1941 ei
799 1882 1102 1941 humiliter
1129 1883 1382 1940 obedire.
1418 1883 1580 1939 Unde
1611 1884 1896 1940 Dominus
1929 1884 2122 1953 Jesus,

478 1992 615 2033 cum
637 1974 807 2048 quasi
838 1974 1193 2046 increpando
1225 1972 1396 2029 matri
1417 1990 1537 2029 suae
1553 1977 1609 2029 et
1623 1973 1839 2046 Joseph
1862 1973 2027 2046 prius
2044 1990 2128 2031 re-

479 2064 836 2138 spondisset,
866 2080 1001 2119 mox
1030 2067 1227 2119 tamen
1258 2063 1317 2118 in
1348 2062 1681 2118 humilitate
1712 2063 1795 2119 eis
1825 2068 2006 2134 paret.
2023 2064 2127 2119 Se-

479 2154 684 2227 quitur
711 2152 869 2210 enim
894 2151 1050 2224 quod
1092 2151 1366 2207 descendit
1394 2167 1517 2207 cum
1548 2152 1665 2207 illis
1692 2160 1745 2207 et
1770 2154 1919 2207 venit
1948 2152 2127 2208 Nam-

476 2245 616 2311 reth,
647 2250 699 2299 et
725 2250 843 2299 erat
870 2242 1119 2297 subdttus
1150 2242 1286 2296 illis.
1319 2241 1629 2308 Erubesce,
1663 2241 1912 2313 superbe
1956 2241 2125 2309 cinis,

481 2332 777 2389 erubesce.
813 2332 964 2387 Deus
995 2347 1057 2386 se
1088 2328 1289 2385 subdit
1316 2328 1560 2397 homini,
1586 2334 1643 2385 et
1671 2332 1735 2385 tu
1765 2330 1942 2385 homo
1973 2331 2132 2386 dedi-

480 2419 682 2494 gnaris
709 2420 885 2476 subdi
916 2418 1162 2475 homini.
1179 2417 1222 2474 Ο
1238 2417 1605 2487 bomo,Deus
1626 2435 1688 2475 se
1720 2419 1983 2475 subdidit
2000 2419 2126 2486 tibi,

485 2525 666 2566 causa
694 2507 907 2565 salutis
932 2511 1199 2577 tute,non
1231 2524 1378 2575 suae;
1412 2512 1469 2564 et
1496 2510 1557 2563 tu
1589 2506 1925 2581 dedignaris
1954 2507 2128 2564 subdi

484 2597 622 2667 Deo,
654 2596 743 2654 vel
772 2595 1019 2663 homini,
1053 2613 1233 2653 causa
1260 2594 1469 2653 salutis
1498 2600 1613 2652 tua:
1639 2614 1754 2652 non
1785 2614 1925 2653 suae.
1958 2597 2124 2665 Hinc,

484 2685 865 2753 fratres,hinc
895 2685 1194 2742 discamus
1222 2686 1393 2742 subdi
1417 2686 1553 2754 Deo,
1570 2686 1741 2741 subdi
1764 2685 2126 2759 parentibus,

481 2779 540 2832 et
568 2775 745 2832 etiam
779 2774 1021 2833 cuilibet
1064 2790 1325 2847 persona:
1375 2778 1609 2848 propter
1652 2775 1857 2831 Deum.
1891 2775 2129 2842 Quoties

480 2863 639 2920 enim
670 2863 769 2921 alii
798 2862 972 2920 subdi
1002 2864 1457 2931 contemnimus,
1473 2863 1736 2935 exemplo
1757 2868 1813 2920 et
1842 2867 2127 2936 praecepto

479 2952 691 3010 Christi
721 2952 1105 3022 contraimus,
1122 2957 1176 3008 et
1198 2952 1413 3009 diaboli
1436 2952 1772 3025 superbiam
1805 2951 2125 3009 imitamur.

472 3041 799 3105 ,Discamus
816 3042 1107 3115 praecipue
1136 3041 1311 3098 subdi
1343 3042 1708 3114 parentibus,
1739 3046 1797 3098 et
1824 3042 1910 3099 eis
1942 3042 2129 3098 nutri-
2167 3035 2171 3039 ’

2232 458 2430 532 ipsum
2452 459 2523 514 de
2552 458 2724 516 bonis
2753 457 2923 515 donis
2955 458 3079 515 suis
3110 457 3170 512 in
3201 461 3483 514 aeternum
3517 457 3890 523 benedicere,

2232 547 2361 621 ipso
2389 548 2674 621 largiente
2702 548 2963 621 quicum
2984 547 3152 604 Patre
3182 552 3239 603 et
3268 546 3490 621 Spiritu
3522 551 3743 605 sancto
3764 546 3893 603 vivit

2232 641 2289 694 et
2318 641 2523 711 regnat
2552 642 2723 695 Deus.
2759 638 2960 694 Amen.

2825 726 3133 783 HOMILIA
3169 726 3287 783 XX.

2357 832 2635 873 DOMINICA
2671 833 2929 873 SECUNDA
2966 832 3107 872 POST
3143 832 3497 872 EPIPHANIAM
3538 832 3785 873 DOHINI.

2303 907 2574 962 Habentes
2603 904 2949 972 donationes,
2978 905 3279 961 secundum
3323 907 3569 975 gratiam
3612 920 3755 979 quae
3779 904 3891 961 data

2231 1002 2311 1051 est
2338 996 2518 1063 nobis,
2547 995 2852 1067 differentes
2887 994 3057 1068 (Rom.
3089 998 3210 1062 xu),
3257 998 3365 1051 etc.
3418 994 3808 1051 Omnisciens
3843 1000 3889 1050 et

2232 1082 2555 1155 praevidens
2572 1083 2856 1141 Dominus
2872 1083 3048 1152 Deus,
3063 1082 3251 1140 noluit
3263 1099 3465 1141 omnes
3475 1083 3721 1157 gratias
3730 1083 3888 1140 alicui

2233 1172 2372 1229 dare
2394 1190 2466 1229 ne
2496 1173 2845 1246 superhiret,
2860 1173 3017 1229 sicut
3045 1172 3313 1246 angelus,
3335 1172 3436 1246 qui
3466 1190 3591 1246 prae
3624 1171 3889 1246 largitate

2234 1262 2577 1335 gratiarum,
2597 1261 2947 1335 superbivit;
2965 1279 3071 1319 nec
3085 1261 3263 1319 voluit
3286 1261 3460 1319 alicui
3475 1261 3723 1318 nullam
3746 1255 3891 1329 dare,

2234 1367 2308 1406 ne
2325 1350 2477 1406 sicut
2492 1352 2804 1424 despectus
2815 1352 3169 1424 desperaret,
3186 1351 3379 1408 sicutJ
3385 1351 3558 1419 udas,
3574 1350 3689 1424 qui
3704 1350 3893 1407 videns

2235 1457 2297 1498 se
2312 1445 2550 1513 propter
2574 1444 2878 1513 peccatum
2900 1440 3060 1496 omni
3081 1440 3272 1513 gratia
3289 1440 3607 1507 nudatum,
3622 1441 3895 1513 despera—

2232 1530 2333 1586 vit.
2367 1529 2476 1585 Sed
2518 1527 2702 1584 voluit
2747 1529 2886 1585 dare
2942 1546 3124 1586 unam
3174 1528 3297 1598 uni,
3327 1527 3580 1586 alteram
3611 1528 3817 1597 alteri,
3846 1534 3899 1585 ut

2234 1619 2485 1691 quisque
2514 1618 2585 1673 de
2615 1617 2815 1674 habita
2848 1619 3058 1675 mereri
3087 1623 3306 1690 posset,
3321 1619 3393 1674 de
3417 1636 3539 1675 non
3570 1618 3795 1674 habita
3810 1619 3901 1674 hu-

2234 1705 2580 1775 miliaretur,
2614 1711 2672 1762 et
2720 1706 3035 1764 habentem
3084 1707 3197 1764 sibi
3246 1707 3567 1779 praeferret,
3603 1711 3673 1764 et
3730 1712 3797 1763 ut
3838 1708 3899 1763 de

2234 1795 2467 1869 propria
2494 1795 2680 1869 gratia
2710 1794 3067 1854 ministraret
3098 1795 3419 1863 aliis,sicut
3443 1795 3693 1853 volebat
3725 1795 3895 1852 alium

2237 1886 2310 1941 de
2341 1885 2467 1941 suis
2494 1885 2701 1958 gratiis
2732 1885 3069 1942 ministrare
3098 1886 3233 1954 sibi,
3268 1891 3335 1941 ut
3380 1902 3546 1943 more
3594 1885 3900 1943 membro-

2234 1990 2366 2029 rum
2400 1973 2795 2029 humanorum
2826 1974 2937 2030 sibi
2969 1974 3213 2031 invicem
3246 1974 3678 2043 subservirent,
3714 1980 3776 2031 et
3805 1992 3899 2048 pro
3980 2000 3981 2048 ξ

2235 2063 2533 2119 communi
2584 2062 2772 2119 salute
2821 2062 3212 2120 communiter
3260 2062 3621 2120 laborarent.
3662 2064 3792 2121 Hoc
3820 2068 3901 2119 est

2234 2168 2372 2225 ergo
2401 2152 2555 2224 quod
2597 2150 2911 2224 Apostolus
2957 2153 3038 2208 ait
3068 2169 3082 2208 :
3113 2153 3381 2209 Habentes
3438 2152 3779 2209 donationes
3822 2169 3899 2208 se-

2235 2242 2475 2298 cundum
2528 2244 2767 2313 gratiam
2817 2257 2944 2314 qua?
2996 2241 3123 2299 data
3185 2250 3265 2299 est
3317 2241 3494 2309 nobis,
3556 2242 3893 2315 differentes,

2236 2331 2293 2387 id
2327 2335 2415 2388 est
2444 2329 2727 2387 habentes
2757 2332 2912 2387 dona
2941 2330 3170 2388 diversa
3213 2331 3543 2388 secundum
3594 2331 3717 2388 hoc
3748 2332 3891 2405 quod

2236 2419 2523 2475 Dominus
2547 2419 2866 2492 unicuique
2895 2424 3163 2477 nostrum
3194 2420 3380 2494 gratis
3411 2420 3599 2476 dedit.
3633 2421 3731 2489 Et,
3767 2421 3892 2477 sub-

2237 2507 2442 2564 dividit
2457 2508 2672 2582 gratias
2690 2508 2844 2577 ;Sive
2865 2510 3211 2582 prophetiam
3240 2509 3549 2576 habentes,
3566 2508 3891 2567 habeamus

2236 2614 2386 2667 eam,
2445 2598 2743 2655 secundum
2796 2601 3064 2655 rationem
3119 2599 3268 2671 ﬁdei.
3326 2597 3716 2672 Prophetiam
3770 2614 3891 2655 vero

2234 2690 2401 2744 vocat
2430 2687 2792 2743 occultorum
2837 2687 3125 2756 notitiam,
3152 2694 3209 2744 et
3237 2687 3694 2761 Scripturarum
3726 2690 3890 2744 inter-

2236 2774 2642 2846 pretationem,
2677 2791 2853 2847 quam
2884 2775 3156 2849 gratiam,
3190 2775 3240 2832 si
3273 2774 3406 2848 quis
3445 2775 3653 2842 habet,
3690 2776 3891 2833 habeat

2237 2879 2365 2920 eam
2399 2864 2723 2920 secundum
2756 2863 3143 2921 intentionem
3172 2864 3409 2930 ﬁdei,ut
3428 2881 3462 2919 a
3483 2863 3627 2920 fidei
3654 2865 3890 2921 veritate

2237 2952 2570 3025 Scripturas
2602 2969 2716 3009 non
2748 2953 3128 3026 distorqueat,
3144 2952 3299 3011 sicut
3324 2952 3893 3020 Arianus,Sabellia—

2236 3059 2369 3109 nus,
2403 3046 2460 3099 et
2489 3042 2679 3098 caeteri
2718 3043 2994 3099 haeretici.
3024 3044 3142 3099 Hoc
3194 3048 3396 3100 contra
3452 3042 3589 3099 illos
3650 3049 3772 3115 est,
3802 3043 3891 3117 qui

478 3135 624 3188 tura:
646 3139 856 3188 nostrae
886 3130 1349 3187 vicissitudinem
1370 3131 1753 3198 reddere.Qui
1772 3131 1928 3187 enim
1953 3131 2130 3188 hono-
2158 3119 2202 3188 C
2240 3131 2573 3204 Scripturas
2616 3149 2731 3188 non
2780 3136 3097 3205 exponunt,
3128 3133 3230 3189 sed
3260 3138 3604 3205 apponunt;
3638 3134 3751 3205 qui
3784 3150 3887 3189 non

481 3224 573 3278 rat
600 3225 837 3295 prepter
865 3221 1051 3277 Deum
1082 3222 1308 3293 patrem
1336 3218 1427 3275 vel
1452 3223 1720 3289 matrem,
1748 3237 1871 3277 non
1901 3220 2012 3277 erit
2038 3221 2127 3277 in-

479 3310 739 3368 honorus
768 3313 902 3367 ante
932 3310 1133 3366 Deum.

549 3399 823 3473 Sequitur
851 3415 988 3471 pars
1018 3398 1244 3470 quinta,
1259 3398 1317 3453 in
1337 3415 1454 3470 qua
1475 3397 1778 3471 diligentia
1801 3403 1858 3455 et
1878 3399 2130 3472 pruden-

478 3489 564 3547 tia
592 3490 773 3546 beatae
802 3487 1062 3561 Virginis
1091 3486 1438 3555 ostenditur,
1460 3503 1594 3543 cum
1625 3487 1924 3544 subditur:
1942 3490 2129 3546 Maria

479 3586 663 3635 autem
688 3578 1040 3634 conservabat
1065 3577 1254 3632 omnia
1280 3577 1443 3631 verba
1464 3577 1583 3633 haec
1600 3579 1879 3650 conferens
1898 3580 1958 3634 in
1972 3580 2128 3636 corde

476 3682 597 3724 suo.
641 3667 768 3722 Non
803 3665 1001 3721 minus
1025 3664 1183 3721 enim
1213 3664 1479 3721 castitate
1507 3666 1627 3722 oris
1655 3683 1834 3739 quam
1865 3669 2126 3740 corporis

478 3754 805 3821 imitabilis,
838 3753 1039 3810 omnia
1080 3770 1208 3826 qua:
1257 3754 1328 3809 de
1375 3753 1641 3823 Domino,
1672 3755 1762 3821 vel
1792 3773 1827 3811 a
1854 3756 2120 3821 Domino,

475 3843 632 3900 facta
652 3842 879 3899 dictave
897 3841 1430 3915 cognoscebat,sive
1448 3842 1933 3916 intelligeret,sub
1954 3845 2127 3901 silen-

473 3931 556 3989 tio
596 3932 657 3987 in
712 3930 997 3988 memoria
1051 3931 1421 3998 recondebat,
1474 3935 1558 3999 ut,
1609 3934 1843 4005 quando
1888 3937 2123 4007 tempus

473 4021 723 4090 adesset,
744 4019 1034 4086 universa,
1065 4023 1237 4092 prout
1265 4024 1430 4093 gesta
1458 4019 1679 4076 dictave
1705 4020 1955 4090 fuerant,
1971 4040 2123 4095 quaa-

475 4109 740 4166 rentibus
755 4114 812 4166 et
828 4108 1221 4166 scribentibus
1241 4106 1571 4181 explicaret.
1586 4109 1763 4180 Cujus
1789 4110 2120 4183 exemplum

472 4216 579 4272 pro
609 4197 848 4255 modulo
879 4202 1102 4265 nostro,
1132 4198 1342 4254 fratres
1389 4197 1743 4266 charissimi,
1777 4215 2119 4272 sequamur,

470 4286 755 4369 habentes
782 4285 939 4343 labia
965 4286 1332 4355 circumcisa,
1350 4287 1791 4359 modestamque
1819 4288 2121 4345 taciturni-

471 4376 1075 4448 tatem,omniumque
1105 4376 1394 4433 bonorum
1416 4375 1475 4432 in
1508 4377 1698 4433 cordis
1729 4377 1911 4434 nostri
1933 4394 2121 4436 arma-

470 4463 614 4521 riolo
646 4463 1133 4521 conservantiam.

539 4553 819 4626 Sequitur
847 4569 983 4625 pars
1015 4555 1178 4609 sexta
1208 4553 1268 4608 in
1300 4570 1420 4625 qua
1447 4553 1776 4611 ostenditur
1822 4555 2117 4628 profectus

469 4643 634 4715 pueri
681 4642 822 4699 Jesu
870 4659 1005 4699 cum
1054 4642 1327 4698 subditur
1360 4660 1373 4699 :
1407 4648 1554 4700 Puer
1583 4652 1765 4699 autem
1800 4646 2115 4717 proﬁciebat

465 4733 763 4804 sapientia,
795 4738 847 4787 et
878 4738 1042 4790 aetate
1069 4738 1120 4787 et
1146 4734 1329 4803 gratia
1357 4731 1503 4804 apud
1534 4737 1711 4788 Deum
1751 4741 1802 4789 et
1848 4734 2110 4790 homines.

468 4822 631 4888 Quod
662 4824 831 4877 tetate
862 4820 1189 4878 secundum
1222 4825 1492 4877 naturam
1524 4821 1908 4879 humanitatis
1938 4824 2112 4895 profi-

467 4911 678 4977 ciebat,
711 4916 970 4982 apparet.
1005 4909 1116 4966 Scd
1149 4927 1264 4982 quo
1296 4911 1709 4980 modo,i‘ratres
1742 4911 1874 4981 mei,
1911 4911 2009 4984 qui
2040 4913 2112 4969 ab

467 5003 681 5054 aeterno
695 4999 980 5070 sapientia
996 4999 1203 5071 plenus
1220 5004 1360 5067 erat,
1376 4999 1494 5055 imo
1511 4997 1638 5072 ipsa
1654 5001 1941 5073 sapientia
1968 5005 2113 5069 erat,

467 5086 757 5158 sapientia
786 5092 843 5143 et
868 5088 1055 5159 gratia
1086 5089 1427 5159 proﬁciebat
1446 5088 1473 5143 ‘?
1506 5089 1846 5145 Proiiciebat
1876 5089 2113 5163 quidem

466 5191 584 5231 non
610 5175 744 5242 sibi,
764 5176 862 5231 sed
897 5176 1029 5233 aliis
1061 5176 1350 5249 sapientia
1378 5182 1435 5232 et
1461 5178 1824 5249 gratia,dum
1853 5196 1952 5236 eas
1977 5197 2118 5252 pau-

463 5262 631 5321 latim
660 5262 1001 5322 hominibus
1033 5265 1384 5322 declarabat.
1420 5265 1583 5322 Unde
1612 5267 1765 5323 Deus
1796 5268 1963 5325 Pater
1988 5268 2114 5343 glo-

462 5352 825 5417 riﬁcabatur,
850 5359 908 5410 et
936 5353 1206 5410 homines
1236 5356 1619 5412 mirabantur.
1640 5356 2115 5429 Utinam,fratres

462 5442 600 5514 mei,
635 5441 903 5515 proﬁciat
931 5448 989 5500 et
1018 5444 1079 5499 in
1107 5443 1298 5513 nobis,
1334 5450 1399 5500 ut
1445 5444 1635 5518 ipsam
1680 5446 2029 5519 sapientiam
2058 5454 2117 5507 et

462 5530 715 5611 gratiam
743 5548 915 5593 suam
945 5532 1115 5594 nobis
1147 5531 1463 5592 clementer
1492 5535 1685 5607 donet,
1701 5540 1989 5613 quatenus
2007 5538 2117 5599 vir-

2235 3221 2514 3289 referunt,
2546 3222 2649 3278 sed
2680 3222 2970 3291 afferunt;
3005 3221 3105 3295 qui
3149 3221 3507 3279 voluntatem
3556 3239 3741 3279 suam
3782 3240 3884 3279 non

2236 3310 2526 3384 explicant
2554 3310 2882 3384 Scriptura,
2916 3311 3019 3367 sed
3053 3311 3413 3384 Scripturam
3455 3311 3773 3384 applicant
3798 3329 3883 3368 vo-

2235 3398 2446 3456 luntati
2478 3417 2619 3457 suae.
2653 3400 2766 3457 Sed
2796 3401 2939 3473 quid
2971 3404 3079 3469 est,
3113 3402 3339 3468 fratres,
3372 3402 3532 3473 quod
3564 3400 3673 3469 ait,
3700 3419 3883 3459 sma-

2233 3488 2365 3545 dum
2394 3492 2662 3547 rationem
2688 3490 2986 3562 ﬁdei,cum
3016 3489 3236 3547 ﬁdesin
3256 3488 3458 3546 multis
3488 3496 3704 3547 contra
3724 3492 3885 3548 ratio-

2236 3596 2392 3648 nem,
2424 3578 2515 3635 vel
2565 3597 2743 3653 supra
2789 3580 3075 3637 rationem
3130 3579 3434 3655 habeatur;
3469 3579 3541 3635 Et
3576 3580 3734 3637 ﬁdes
3774 3597 3880 3636 non

2234 3667 2446 3724 habeat
2477 3667 2775 3735 meritum,
2810 3668 2904 3724 cui
2942 3668 3204 3724 humana
3231 3666 3379 3724 ratio
3410 3669 3635 3741 prebet
3665 3671 3881 3742 expet-io

2234 3762 2521 3813 mentum.
2554 3760 2697 3813 Cum
2727 3756 2884 3814 enim
2914 3757 3131 3814 dicitur
3158 3757 3313 3830 quod
3346 3756 3709 3815 immortalis
3731 3775 3881 3815 more

2232 3850 2373 3903 tuus
2402 3851 2509 3915 est,
2543 3851 2601 3902 et
2630 3847 2786 3919 quod
2816 3846 2978 3920 virgo
3022 3846 3289 3919 concepit
3312 3850 3373 3902 et
3402 3847 3651 3919 peperit,
3685 3852 3884 3904 contra

2231 3935 2519 3992 rationem
2551 3952 2680 3993 esse
2708 3935 2956 4004 videtur,
2970 3937 3072 3992 sed
3103 3940 3160 3992 et
3188 3937 3260 3992 de
3288 3934 3512 3992 ratione
3543 3938 3883 4004 est,fratres

2230 4022 2585 4092 charissimi,
2619 4026 2819 4098 utqui
2858 4025 3146 4082 rationem
3190 4028 3246 4081 et
3294 4029 3569 4081 naturam
3618 4026 3885 4082 condidit

2228 4111 2571 4183 humanam,
2605 4130 2781 4186 super
2808 4131 2939 4170 eam
2971 4114 3140 4181 sit,et
3168 4114 3239 4170 ab
3270 4130 3340 4170 ea
3368 4115 3496 4186 capi
3528 4131 3647 4170 non
3674 4116 3880 4188 possit.

2224 4203 2351 4260 Sive
2380 4203 2753 4260 ministerium
2780 4205 2839 4258 in
2880 4203 3269 4270 ministrando,
3299 4202 3359 4259 id
3411 4208 3502 4260 est
3549 4203 3655 4276 qui
3708 4203 3879 4261 habet

2227 4291 2478 4364 gratiam
2532 4291 2864 4363 ministerii,
2896 4296 2962 4349 ut
3011 4287 3341 4360 sacerdotii,
3372 4291 3463 4348 vel
3504 4292 3877 4359 diaconatus,

2224 4379 2313 4437 vel
2346 4384 2706 4448 caeterorum,
2741 4380 2954 4438 habeat
2981 4398 3111 4439 eam
3142 4381 3201 4436 in
3232 4398 3346 4438 usu
3378 4381 3791 4449 ministrandi,
3824 4390 3879 4439 ut

2144 4488 2196 4556 Β
2227 4469 2447 4556 scilicet
2474 4469 2534 4525 in
2563 4468 2886 4527 ministerio
2912 4488 3027 4529 non
3074 4471 3151 4527 sit
3197 4470 3363 4545 piger
3409 4469 3497 4527 vel
3546 4470 3875 4545 negligens,

2224 4556 2325 4613 sed
2357 4555 2623 4627 sollicite,
2657 4558 2858 4614 devote
2914 4561 2973 4614 et
2999 4557 3253 4631 graviter
3291 4557 3608 4625 ministret,
3640 4560 3791 4632 quia
3818 4566 3876 4616 ut

2223 4645 2305 4700 ait
2333 4645 2619 4704 Jeremias
2652 4662 2666 4702 :
2698 4646 3012 4703 Maledictus
3041 4649 3138 4720 qui
3163 4648 3300 4718 facit
3348 4664 3483 4719 opus
3511 4649 3615 4704 Dei
3640 4648 3876 4720 frauda-

2223 4735 2395 4791 lenter
2423 4739 2559 4805 (Jer.
2591 4739 2803 4805 XLVIII).
2840 4737 2974 4804 lloc,
3003 4736 3230 4804 fratres,
3264 4740 3467 4792 contra
3496 4736 3632 4794 illos
3663 4744 3757 4795 est
3779 4739 3875 4812 qui

2222 4823 2450 4879 malunt
2478 4841 2726 4897 praeesse
2754 4840 2932 4897 quam
2962 4824 3871 4897 prodesse,quisuntsollicitiad

2222 4914 2694 4987 eongregandum
2727 4916 3056 4987 argentum,
3075 4918 3421 4988 spernentes
3448 4914 3747 4972 damnum
3764 4915 3872 4971 sni-

2223 5017 2630 5073 marum,quos
2646 5001 2781 5075 plus
2792 5003 2981 5077 tangit
2991 5003 3239 5077 perditio
3252 5003 3430 5060 asinae
3444 5020 3628 5076 quam
3644 5005 3868 5061 anim.

2221 5090 2346 5146 Sive
2375 5093 2472 5163 qui
2497 5091 2645 5147 docet
2675 5094 2733 5148 in
2762 5093 3028 5161 doctrina,
3057 5092 3115 5148 id
3145 5097 3235 5149 est
3263 5092 3366 5165 qui
3396 5092 3579 5149 habet
3614 5094 3867 5151 ofﬁcium

2223 5179 2489 5250 docendi,
2522 5181 2727 5237 doceat
2767 5182 2827 5238 in
2877 5182 3162 5252 doctrina,
3190 5183 3247 5238 id
3296 5186 3386 5238 est
3432 5182 3506 5238 ad
3548 5183 3867 5240 doctrinam

2221 5270 2579 5327 auditorum.
2613 5271 2683 5327 Et
2710 5271 2819 5328 hoc
2870 5276 3073 5328 contra
3116 5270 3249 5328 illos
3279 5275 3389 5338 est,
3422 5271 3528 5345 qui
3562 5272 3781 5330 docent
3807 5271 3867 5328 ad

2221 5359 2468 5433 gloriam
2488 5359 2576 5417 vel
2598 5361 2669 5416 ad
2700 5359 2951 5416 lucrum.
2969 5361 3077 5429 Qui
3098 5362 3419 5418 exhortatur
3433 5362 3495 5416 in
3514 5360 3867 5427 επιιοτιιωέο,

2221 5448 2281 5504 id
2310 5454 2400 5505 est
2430 5448 2530 5522 qui
2560 5449 2736 5506 habet
2774 5449 3025 5524 gratiam
3072 5449 3441 5518 exhortandi,
3475 5450 3559 5507 sit
3588 5449 3871 5508 sollicitus

2219 5537 2282 5599 in
2312 5538 2687 5613 exhortando,
2707 5555 2781 5600 ne
2810 5540 2883 5599 de
2911 5540 3253 5603 abscondito
3280 5537 3503 5601 talento
3536 5540 3867 5603 damnetur.
