3988 6074
154 288 350 349 1741

864 286 1219 349 ΗΟΜΙΙλΙίΕ
1260 288 1338 347 ΙΝ
1383 287 1636 349 EPIST.
1682 287 1783 348 ET

1943 287 2113 348 ANG.
2162 287 2512 348 DOMINIG.
2543 320 2622 331 —
2647 289 2848 350 PARS
2892 288 2942 349 Ι.

3445 291 3602 352 1742

182 420 333 492 Hoc,
369 419 598 486 fratres,
632 422 834 476 contra
863 418 993 475 illos
1043 423 1134 476 est
1189 419 1287 492 qui
1334 421 1523 493 gratia
1563 420 1842 476 habentes
1871 420 1926 487 Α
1955 418 2186 475 tientes.
2220 418 2337 474 Hoc
2368 424 2570 477 contra
2619 419 2749 476 illos
2799 424 2890 476 est
2937 419 3039 493 qui
3086 419 3365 491 lacessiti,
3399 424 3601 480 statim

178 509 471 583 loquendi
501 509 573 566 ad
595 507 975 583 populum,ex
995 508 1381 583 negligentias
1410 509 1720 578 silent.Qui
1739 511 1845 565 tri-

118 590 131 597 ”
184 599 332 665 buit,
367 598 590 655 tribuat
620 600 679 654 in
708 599 1081 670 simplicitate,
1114 598 1171 653 id
1202 602 1291 654 est
1321 598 1665 671 simpliciter
1712 615 1842 671 pro-

182 693 325 761 pter
366 694 570 757 Deum,
604 705 723 743 non
769 692 1007 761 propter
1052 687 1320 760 gloriam,
1370 687 1457 743 vel
1517 688 1842 744 mercedem

178 778 594 852 temporalem,
630 780 695 832 ut
714 776 939 833 nesciat
967 776 1207 833 sinistra
1235 777 1373 849 quid
1406 777 1578 833 faciat
1612 778 1845 833 dextera

180 869 398 937 (Matth.
431 867 530 940 vx),
562 866 622 922 id
653 870 743 924 est
772 867 853 922 rei
886 870 1122 939 propter
1166 867 1351 922 Deum
1398 868 1583 936 factae,
1616 884 1732 923 non
1782 883 1844 922 se

182 958 535 1024 admisceat,
587 973 694 1011 nec
742 955 802 1010 in
853 954 1161 1028 principio,
1196 973 1301 1011 nec
1334 956 1391 1010 in
1427 956 1617 1012 medio
1650 973 1755 1011 nec
1782 956 1841 1010 in

179 1047 323 1115 ﬁne,
356 1045 606 1102 intentio
638 1044 998 1117 temporalis.
1033 1046 1141 1114 Qui
1162 1051 1386 1117 prmest,
1418 1048 1611 1116 parsit
1639 1045 1749 1115 (l8)
1784 1048 1844 1101 in

172 1135 574 1204 sollicitudine,
595 1135 735 1206 quia
765 1134 1113 1190 maledictus
1144 1135 1420 1207 praelatus
1448 1134 1747 1208 negligens
1778 1139 1845 1192 ut

176 1224 335 1291 Heli,
368 1226 540 1297 cujus
578 1223 954 1299 negligentia,
997 1240 1177 1280 causa
1225 1224 1334 1279 fuit
1377 1225 1742 1296 perditionis,
1786 1230 1845 1282 et

183 1313 302 1384 sui,
325 1319 382 1371 et
410 1312 1050 1371 filiorum.Maledictus
1079 1313 1235 1368 enim
1267 1319 1466 1385 pastor
1494 1314 1842 1385 dormitans,

177 1404 284 1477 qui
317 1404 668 1460 commissas
694 1420 827 1459 oves
858 1402 979 1459 sint
1008 1419 1041 1459 a
1070 1401 1227 1475 lupis
1258 1404 1603 1471 devorari,et
1623 1422 1842 1462 vacuus

173 1494 350 1550 redit.
416 1494 522 1561 Qui
576 1494 883 1559 miseretur,
932 1494 1258 1549 misereatur
1304 1493 1416 1562 (19)
1470 1495 1528 1548 in
1576 1494 1842 1550 hilarita-

174 1586 340 1651 te;—
370 1583 616 1639 Hilarem
643 1583 792 1637 enim
821 1581 1064 1638 datorem
1091 1582 1277 1650 diligit
1305 1583 1446 1637 Deus
1478 1583 1549 1655 (II
1581 1582 1701 1639 Cor.
1737 1587 1836 1653 ιχ).

172 1671 303 1727 Νοιι
334 1671 493 1728 enim
527 1675 737 1743 pensat
767 1671 921 1729 Deus
954 1674 1177 1743 quanta
1206 1669 1284 1727 sit
1314 1669 1705 1744 eleemosyna,
1737 1673 1837 1729 sed

176 1777 249 1817 ex
282 1765 503 1834 quanta
532 1760 834 1816 devotione
868 1760 987 1815 fiat.
1023 1760 1202 1815 Parva
1244 1759 1400 1815 enim
1445 1759 1834 1834 eleemosyna,

174 1850 228 1906 si
263 1850 412 1917 laete,
446 1850 494 1907 si
528 1849 662 1917 cito,
683 1849 731 1904 si
764 1850 964 1905 devote
996 1847 1371 1916 detur,vin:it
1399 1866 1674 1922 magnam
1697 1850 1838 1906 elec-

175 1956 510 2012 mosynam,
543 1939 810 2004 obscure,
843 1937 1006 1992 tarde
1037 1941 1093 1991 et
1124 1937 1314 2010 tepide
1357 1938 1576 1994 datam.
1609 1940 1837 1995 Dilectio

173 2031 301 2084 sine
341 2029 712 2083 simulatione.
747 2025 1036 2082 Simulata
1083 2027 1240 2082 enim
1285 2026 1539 2098 dilectio,
1585 2046 1702 2084 non
1750 2031 1838 2084 est

94 2183 99 2189 η
174 2116 413 2173 dilectio
443 2117 544 2173 sed
570 2116 852 2188 deceptio.
904 2116 1010 2182 Qui
1061 2116 1217 2171 enim
1270 2116 1439 2189 fingit
1487 2133 1549 2173 se
1579 2117 1834 2189 aliquem

175 2206 522 2280 diligere,ad
554 2206 664 2261 hoc
686 2206 855 2277 fingit
875 2209 938 2261 ut
962 2222 1095 2261 cum
1117 2204 1329 2261 melius
1345 2206 1529 2278 possit
1546 2207 1831 2280 decipere.

174 2296 299 2355 Hoc
329 2299 532 2355 contra
559 2294 691 2351 illos
734 2299 823 2350 est
871 2295 972 2366 qui
1019 2295 1252 2351 blandis
1292 2294 1749 2352 salutationibus
1780 2300 1837 2353 et

176 2384 643 2451 invitationibus,
680 2383 841 2440 falsis
871 2384 1178 2457 promissis
1209 2389 1265 2440 et
1293 2385 1593 2456 obsequiis
1633 2403 1694 2443 se
1727 2386 1832 2441 tin-

180 2479 330 2547 gunt
361 2474 580 2530 amicos
609 2473 844 2530 illorum
876 2490 1024 2546 quos
1053 2474 1113 2529 in
1144 2474 1251 2531 hoc
1284 2475 1504 2531 mundo
1528 2476 1730 2532 [iorere
1750 2476 1833 2532 vi-

180 2564 343 2619 dent.
376 2566 587 2620 Contra
615 2581 762 2636 quos
792 2564 1046 2619 Joannes
1092 2563 1172 2619 ait
1222 2580 1235 2619 :
1287 2565 1439 2632 Filii,
1472 2564 1686 2637 inquit,
1723 2581 1834 2622 non

178 2653 481 2723 diligamus
513 2654 690 2722 verbo,
722 2670 895 2725 neque
925 2654 1140 2723 lingua,
1171 2653 1262 2708 sed
1309 2670 1466 2726 opere
1510 2663 1561 2710 et
1610 2657 1835 2711 veritate

179 2743 228 2813 (Ι
250 2746 414 2801 Joan.
448 2744 556 2811 IlI).
590 2742 838 2799 0dientes
873 2743 1106 2811 malum,
1138 2741 1476 2799 adhmrentes
1525 2743 1681 2810 bono,
1722 2743 1832 2800 hoc

180 2836 271 2889 est
299 2849 472 2889 omne
504 2830 726 2887 malum
757 2831 1100 2895 naturaliter
1130 2830 1409 2901 odientes,
1447 2837 1503 2888 et
1534 2849 1705 2888 omne
1734 2833 1833 2889 bo-

178 2938 323 2977 num
357 2919 703 2983 naturaliter
731 2909 1062 2993 diligentes.
1095 2920 1226 2976 Haec
1254 2920 1439 2977 virtus
1485 2920 1703 2976 dicitur
1733 2922 1830 2978 be-

180 3010 457 3084 nignitas.
511 3010 678 3079 Huic,
714 3009 941 3078 fratres,
996 3009 1287 3065 contraria
1342 3015 1430 3066 est
1468 3009 1826 3083 malignitas,

179 3116 307 3171 qua:
340 3101 411 3157 de
436 3099 587 3157 malo
618 3100 855 3173 gaudet,
901 3102 958 3154 et
1008 3099 1079 3154 de
1126 3099 1278 3154 bono
1324 3097 1498 3154 dolet.
1555 3100 1832 3155 Charitate

1954 509 2205 564 reddunt
2219 507 2439 564 malum
2456 526 2559 582 pro
2573 509 3128 582 malo,maledictum
3147 527 3249 583 pro
3268 510 3598 570 maledicto.

1955 596 2202 654 Orationi
2232 600 2516 667 instantes,
2550 602 2608 654 et
2637 598 2685 653 si
2718 615 2948 672 semper
2976 617 3091 656 non
3132 600 3370 668 orando,
3403 603 3600 659 tamen

1953 704 2184 760 semper
2213 687 2360 743 bene
2388 688 2701 760 operando,
2734 692 2791 744 et
2820 688 2966 744 bene
2994 688 3415 746 vivendo.Bene
3442 690 3599 747 enim

1951 775 2135 832 instat
2158 775 2430 846 orationi,
2462 776 2563 848 qui
2594 793 2843 850 semper,
2876 778 3018 832 dum
3047 777 3209 846 vivit,
3241 778 3377 834 facit
3395 779 3602 837 oratio-

1952 882 2087 921 nem
2131 882 2301 921 suam
2351 865 2590 939 dignam
2636 865 2915 922 exaudiri.
2948 867 3361 923 Necessitatibus
3387 876 3601 926 sancto-

1951 972 2078 1011 rum
2104 956 2583 1023 communicantes,
2619 955 2677 1011 id
2709 959 2797 1012 est
2825 972 2947 1011 rem
2977 959 3252 1026 vestram,
3280 956 3371 1013 vel
3402 957 3451 1013 si
3482 975 3600 1015 non

1950 1044 2201 1111 habetis,
2234 1044 2721 1117 compassionem.
2754 1045 2872 1100 Hoc
2915 1049 3116 1101 contra
3160 1044 3291 1101 illos
3330 1049 3440 1114 est,
3474 1047 3596 1119 qui,

1952 1133 2122 1207 quasi
2151 1134 2418 1190 homines
2451 1151 2565 1189 non
2599 1137 2814 1202 essent,
2846 1134 3185 1190 hominibus
3217 1135 3474 1208 compati
3494 1152 3599 1191 ne-

1952 1223 2167 1281 sciunt.
2202 1225 2647 1296 Hospitalitatem
2674 1232 2955 1291 sectantes,
2989 1223 3047 1279 id
3079 1226 3169 1280 est
3198 1240 3314 1280 non
3362 1241 3464 1280 vos
3509 1241 3600 1281 se-

1953 1314 2188 1369 ctemini
2222 1318 2457 1386 propter
2483 1313 2946 1385 hospitalitatem
2980 1313 3383 1381 dandam,imo
3404 1331 3505 1371 vos
3527 1314 3601 1370 si-

1950 1403 2026 1458 tis
2058 1407 2346 1459 sectantes
2377 1406 2433 1458 et
2462 1403 2767 1459 offerentes
2807 1418 2955 1469 eam,
3008 1402 3161 1458 sicut
3199 1403 3494 1459 Abraham
3543 1406 3602 1460 et

1950 1492 2058 1547 Lot
2084 1492 2360 1566 leguntur
2408 1491 2631 1548 fecisse.
2678 1492 2980 1547 Benedicite
3021 1508 3112 1547 ore
3152 1494 3600 1564 persequentibus

1948 1599 2059 1637 vos.
2111 1582 2417 1639 Benedicite
2472 1582 2647 1637 etiam
2691 1581 2884 1650 corde,
2937 1589 2987 1637 et
3037 1582 3206 1638 nolite
3256 1583 3594 1639 maledicere.

1949 1671 2067 1727 Hoc
2098 1675 2301 1727 contra
2332 1670 2464 1727 illos
2496 1674 2584 1727 est
2613 1671 2713 1743 qui
2744 1669 2852 1727 etsi
2883 1686 2979 1726 ore
3009 1670 3359 1728 benedicant
3406 1688 3597 1745 perse-

1947 1759 2268 1827 cutoribus,
2302 1763 2498 1814 tamen
2531 1759 2701 1815 corde
2733 1757 3108 1815 maledicunt.
3130 1761 3391 1816 Gaudere
3419 1759 3595 1816 etiam

1948 1849 2293 1904 studeamus
2324 1864 2457 1903 cum
2486 1847 3190 1920 gaudentibus,srbaudis
3210 1849 3270 1904 in
3301 1850 3417 1906 Deo
3438 1865 3595 1918 ,nam

1947 1953 2080 1993 cum
2114 1937 2510 2010 gaudentibus
2543 1936 2603 1992 in
2637 1937 2870 2005 saeculo,
2903 1954 3018 1993 non
3067 1941 3157 1993 est
3194 1939 3593 2011 gaudendum.

1946 2026 2109 2083 Flere
2135 2043 2261 2082 eum
2282 2028 2561 2097 ﬂentibus,
2594 2026 2677 2083 eis
2721 2026 2992 2083 videlicet
3019 2027 3444 2100 compatiendo.
3478 2028 3596 2086 Hoc

1949 2116 2218 2184 facimus,
2245 2133 2379 2171 cum
2410 2116 2565 2172 bona
2593 2121 2650 2172 et
2680 2116 2896 2172 damna
2926 2116 3345 2189 proximorum,
3395 2121 3598 2174 nostra

1945 2209 2179 2277 propter
2207 2205 2555 2262 charitatem
2585 2206 2948 2278 putamust
2970 2208 3173 2278 ipsum,
3201 2205 3260 2262 id
3286 2210 3377 2262 est
3406 2223 3594 2263 unum

1944 2294 2098 2349 idem
2127 2297 2402 2366 sapientes
2430 2296 2541 2367 (21)
2571 2297 2822 2364 invicem,
2874 2295 2930 2350 id
2980 2298 3069 2351 est
3116 2312 3229 2350 non
3271 2294 3595 2353 dividentes

1942 2400 2043 2439 vos
2075 2401 2177 2456 per
2204 2384 2526 2441 schismata
2555 2388 2612 2440 et
2640 2385 2912 2452 hazreses,
2946 2385 3045 2440 sed
3078 2402 3181 2457 per
3226 2385 3493 2441 eamdem
3524 2385 3594 2440 ﬁ-

1943 2472 2075 2528 dem
2108 2478 2164 2530 et
2193 2491 2358 2546 spem
2404 2478 2462 2529 et
2510 2472 2874 2542 charitatem,
2909 2473 3064 2529 idem
3113 2473 3426 2546 sapientes.
3474 2474 3594 2530 Non

1941 2563 2053 2619 alta
2082 2565 2351 2635 sapientes
2380 2563 2444 2619 de
2472 2562 2705 2633 vobis,id
2737 2566 2826 2618 est
2854 2579 2968 2618 non
3002 2563 3344 2636 superbe,ut
3373 2562 3596 2620 scilicet

1940 2669 2042 2707 vos
2073 2669 2250 2725 super
2277 2670 2380 2709 vos
2402 2653 2657 2725 superba
2681 2651 3065 2709 aestimatione
3094 2669 3211 2709 non
3241 2652 3593 2724 elevetis,sed

1941 2741 2234 2813 sapientes
2263 2741 2567 2798 humiliter
2596 2743 2667 2798 de
2695 2742 2880 2811 vobis,
2932 2741 2990 2797 id
3041 2745 3131 2798 est
3155 2741 3311 2798 infra
3336 2746 3591 2799 vestram
3677 2816 3681 2822 1

1939 2831 2439 2905 imperfectionem
2464 2849 2567 2887 vos
2598 2831 3017 2901 cohibentes,et
3046 2832 3346 2889 humilibus
3365 2848 3588 2889 consen-

1940 2923 2150 2977 tientes.
2186 2922 2303 2977 Hoc
2334 2922 2462 2977 ideo
2490 2921 2649 2992 dicit,
2683 2920 2823 2992 quia
2868 2920 3106 2993 superbi
3152 2921 3423 2994 superbis
3473 2930 3587 2978 nOn

1939 3015 2188 3083 possunt
2216 3010 2677 3079 consentire,nec
2708 3026 2843 3065 cum
2875 3009 2959 3066 eis
2988 3010 3229 3083 paciﬁca
3254 3009 3590 3066 vivere.Hu-

1941 3099 2109 3156 miles
2141 3104 2337 3157 autem
2369 3117 2600 3173 semper
2629 3098 2956 3156 humilibus
2978 3099 3431 3167 consentiunt,et
3452 3117 3587 3156 cum

178 3192 558 3262 fraternitatis
590 3191 825 3245 invicem
853 3188 1161 3258 diligentes.
1189 3188 1305 3243 Hoc
1326 3191 1528 3244 contra
1556 3187 1687 3245 illos
1719 3193 1825 3258 est,
1859 3175 1902 3242 Ο
1940 3189 2025 3246 eis
2056 3189 2295 3261 pacifice
2323 3189 2668 3245 vivunt.[las
2698 3192 2754 3245 et
2782 3193 3019 3245 caeteras
3034 3188 3277 3245 virtutes
3304 3188 3591 3262 largiatur

177 3278 279 3352 qui
310 3297 443 3336 cum
477 3278 758 3335 fratribus
789 3277 991 3334 vivunt
1018 3282 1302 3350 tanquam
1334 3293 1467 3332 cum
1519 3278 1827 3346 extraneis,

174 3367 403 3425 nullum
437 3369 674 3442 signum
707 3366 1035 3423 dilectionis
1056 3370 1112 3422 et
1138 3365 1552 3422 familiaritatis
1573 3366 1655 3422 eis
1677 3367 1831 3423 exhi-

173 3457 410 3514 bentes:
447 3457 554 3515 hos
584 3460 754 3514 vocat
797 3454 1111 3529 Apostolus
1159 3454 1285 3510 sine
1333 3455 1653 3525 affectione,
1702 3456 1829 3513 sine

173 3545 409 3603 fmdere.
454 3549 665 3604 Honore
714 3547 948 3603 invicem
990 3545 1404 3618 prwvenientes,
1445 3546 1828 3603 concedentes

172 3634 394 3692 scilicet
424 3635 556 3692 aliis
579 3635 837 3709 priorem
866 3634 1080 3703 locum,
1114 3633 1367 3707 priorem
1397 3634 1826 3707 honorem,pri-

173 3741 337 3780 mum
370 3725 636 3783 ordinem
662 3726 844 3790 fandi,
869 3724 1131 3793 sedendi,
1162 3723 1483 3792 bibendi,et
1512 3725 1825 3796 hujusmo-

174 3813 254 3882 di,
281 3816 607 3871 secundum
647 3814 824 3871 illud:
849 3818 988 3872 Cum
1021 3815 1282 3870 invitatus
1294 3816 1470 3886 fueris
1496 3815 1565 3870 ad
1579 3817 1824 3886 nuptias,

169 3905 419 3960 recumbe
448 3907 509 3961 in
562 3906 858 3961 novissimo
910 3904 1023 3960 loco
1068 3904 1221 3974 (Luc.
1271 3903 1407 3975 xw),
1457 3904 1621 3960 Sicut
1666 3906 1825 3961 enim

170 3992 404 4065 superbi
436 4010 668 4067 semper
697 3997 900 4050 amant
916 3993 1029 4049 sibi
1048 3992 1365 4061 deferri,ita
1395 3992 1648 4049 humiles
1670 4011 1825 4050 sem-

170 4097 270 4153 per
297 4086 500 4138 amant
529 4082 658 4140 aliis
688 4083 932 4138 deferre.
966 4082 1351 4139 Sollicitudine
1395 4099 1506 4138 non
1548 4085 1718 4155 pigri.
1763 4084 1823 4140 in

172 4170 580 4242 spiritualibus
608 4171 829 4227 scilicet
858 4170 1106 4240 studiis;
1142 4172 1201 4226 in
1224 4170 1645 4242 temporalibus
1667 4172 1824 4228 enim

174 4260 422 4334 negotiis
467 4261 799 4318 sollicitudo
848 4261 1208 4334 prohibetur.
1260 4261 1425 4317 Unde
1470 4261 1755 4318 Dominus
1806 4279 1820 4318 :

172 4350 345 4407 Nolite
389 4351 618 4408 solliciti
668 4367 779 4408 esse
825 4351 1060 4408 dicentes
1091 4370 1110 4407 :
1142 4351 1285 4420 Quid
1329 4351 1691 4421 manducetis,
1730 4360 1825 4409 aut

172 4439 301 4512 quid
331 4442 528 4497 bibetis
559 4441 715 4514 (20)?
755 4441 959 4513 (Matth.
994 4443 1087 4510 νι).
1119 4441 1334 4512 Spiritu
1362 4444 1645 4513 ferventes,
1681 4458 1823 4514 quo-

173 4527 328 4585 niam
354 4530 509 4587 Deus
541 4533 785 4587 nauseat
814 4533 871 4585 et
897 4530 1098 4586 vomit.
1133 4529 1295 4586 Unde
1344 4531 1426 4586 ait
1475 4548 1487 4585 :
1540 4533 1614 4586 Tu
1652 4548 1824 4603 neque
1854 4557 1901 4621 D

173 4619 406 4692 frigidus
423 4636 597 4692 neque
623 4619 836 4676 calidus
855 4627 948 4676 est.
986 4621 1199 4677 Utinam
1228 4620 1468 4691 frigidus
1489 4628 1586 4675 aut
1612 4621 1825 4677 calidus

174 4725 326 4765 esses.
358 4709 481 4777 Sed,
514 4712 646 4782 quia
672 4726 846 4781 neque
874 4709 1113 4781 frigidus
1141 4725 1312 4780 neque
1339 4709 1550 4764 calidus
1580 4726 1656 4778 es,
1683 4712 1824 4766 inci-

172 4799 326 4870 pium
357 4806 406 4853 te
433 4814 678 4855 evomere
706 4799 770 4854 tle
810 4815 903 4856 ore
947 4815 1065 4854 meo
1095 4798 1276 4870 (Apoc.
1308 4798 1413 4870 ιιι).
1446 4801 1675 4855 Domino
1704 4817 1822 4856 ser-

178 4887 395 4951 vientes,
427 4904 542 4942 non
592 4888 834 4955 mundo,
871 4905 985 4943 non
1034 4887 1216 4955 carni,
1266 4904 1381 4942 non
1432 4889 1685 4960 diabolo,
1724 4891 1826 4962 Spe

180 4973 489 5044 gaudentes,
518 4976 694 5032 etiam
726 4977 880 5032 inter
929 4977 1173 5031 adversa
1222 4980 1280 5031 et
1331 4976 1597 5033 tristitias
1643 4978 1822 5051 hujus

183 5062 402 5120 mundi.
437 5063 591 5119 Inter
621 5066 862 5122 adversa
893 5081 995 5138 spe
1026 5066 1280 5138 gaudere
1310 5066 1705 5139 spiritualium
1738 5072 1825 5125 est

181 5152 564 5221 virorum,ubi
596 5155 879 5210 mundani
910 5154 1183 5211 homines
1212 5155 1528 5212 turbantur
1553 5162 1604 5212 et
1630 5159 1828 5231 despe-

182 5245 326 5299 rant.
362 5244 427 5298 In
456 5242 911 5300 tribulationibus
936 5246 1227 5316 patientes,
1260 5244 1319 5300 id
1370 5251 1458 5301 est
1506 5246 1828 5303 tribulatio-

183 5348 281 5389 nes
310 5331 716 5405 aequanimiter
756 5332 1045 5405 patientes
1074 5337 1131 5390 et
1160 5333 1547 5392 inferentibus
1594 5352 1828 5409 compa-

250 5457 358 5531 (l8_)
387 5456 556 5531 Yulg.
594 5475 710 5516 non
741 5457 921 5531 habet
944 5461 1162 5531 praesit.

249 5529 358 5603 (19)
387 5528 561 5603 Χυᾎξς.
593 5546 711 5603 non
744 5529 923 5587 habet
944 5528 1297 5589 misereatur.

249 5531 337 5599 (19
387 5529 561 5603 Vulg.
593 5546 711 5587 non
744 5529 923 5587 habet
945 5529 1297 5589 misereatur.

249 5529 358 5680 eoi
387 5600 560 5678 Vulg.
593 5600 773 5660 habet
801 5603 938 5679 quid
961 5604 1417 5665 munducabimus
1464 5621 1538 5665 au
1586 5606 1718 5682 quid
1748 5608 1831 5668 bi-

1940 3278 2108 3335 nobis
2139 3279 2399 3336 obtinere
2428 3278 2670 3353 largitor
2697 3279 3020 3352 gratiarum
3046 3278 3284 3349 Deus,et
3302 3279 3588 3337 Dominus

1938 3372 2154 3439 noster,
2189 3369 2290 3441 qui
2322 3368 2381 3423 in
2413 3368 2715 3424 Trinitata:
2773 3369 3027 3443 perfecta
3078 3368 3220 3425 vivit
3268 3372 3327 3425 et
3381 3372 3588 3443 regnat

1938 3458 2093 3515 Deus
2123 3475 2224 3531 per
2255 3458 2455 3515 omnia
2482 3457 2698 3515 saecula
2726 3458 3093 3515 sazculorum.
3132 3459 3339 3516 Amen.

2481 3565 2857 3622 HOMICILIA
2894 3565 3034 3620 XXI.

2176 3653 2454 3693 DOMINICA
2492 3653 2749 3693 SECUNDA
2788 3653 2926 3692 POST
2964 3653 3336 3695 ΕΡῙΡΗΑΝῘΑΜ.

2005 3729 2232 3801 Nuptiae
2252 3730 2417 3799 facta?
2444 3735 2572 3783 sunt
2600 3728 2659 3782 in
2689 3727 2839 3782 Cana
2873 3726 3139 3796 Galilww,
3170 3734 3221 3783 et
3249 3734 3371 3783 erat
3408 3735 3583 3786 mater

1935 3818 2083 3887 (Iesu
2110 3818 2189 3873 ibi
2218 3817 2403 3889 (Joan.
2438 3817 2521 3890 ιι),
2568 3819 2624 3872 et
2665 3815 2890 3889 reliqua
2938 3816 3167 3872 Fratres
3224 3816 3579 3887 charissimi,

1934 3911 2168 3980 tempus
2200 3924 2356 3964 nunc
2378 3906 2527 3963 redit
2556 3906 2915 3981 nuptiarum,
2939 3910 2996 3961 et
3019 3906 3089 3962 de
3111 3906 3450 3979 nuptiarum
3476 3908 3580 3964 ho-

1933 4001 2157 4054 nestate
2186 3996 2855 4069 loquiturEvangelium.
2880 3996 3008 4053 Non
3038 3994 3194 4051 enim
3219 3995 3581 4052 damnabiles

1934 4089 2073 4142 sunt
2115 4086 2355 4159 nuptiae,
2399 4090 2462 4141 ut
2511 4085 2749 4157 quidam
2798 4084 3055 4139 haeretici
3100 4083 3579 4157 praedicaverunt,

1933 4175 2035 4231 sed
2087 4178 2152 4230 ut
2197 4174 2279 4230 ait
2335 4174 2647 4246 Apostolus
2698 4192 2711 4229 :
2767 4174 3097 4235 Honorabile
3144 4174 3479 4230 eonnubium
3522 4176 3585 4231 in

1933 4264 2211 4332 omnibus,
2243 4271 2295 4319 et
2342 4271 2491 4319 torus
2523 4261 2915 4319 immaculatus
2945 4263 3126 4333 (Hebr.
3158 4266 3301 4331 χιιι).
3341 4266 3582 4331 Quantae

1933 4352 2088 4408 enim
2106 4351 2430 4408 honestatis
2452 4352 2528 4407 sit
2548 4353 2676 4422 conj
2685 4351 2779 4425 ugi
2790 4368 2909 4421 um,
2927 4352 3184 4409 ostendit
3200 4355 3329 4426 ejus
3349 4353 3585 4410 institu-

1931 4446 2043 4510 tor,
2077 4446 2330 4514 tempus,
2362 4440 2544 4510 locus,
2578 4440 2941 4511 diffinitio,et
2970 4442 3124 4498 bona
3151 4442 3583 4514 ejus,meritum

1932 4536 2400 4605 personarum,et
2429 4530 2616 4604 ipsius
2645 4530 2876 4587 Domini
2904 4530 3231 4604 praesentia.
3255 4532 3393 4599 Quis
3424 4532 3583 4589 enim

1935 4620 2241 4678 constituit
2270 4620 2649 4694 conjugium?
2677 4620 2958 4678 Dominus
2989 4620 3272 4694 Deus,qui
3300 4621 3447 4677 nihil
3468 4620 3583 4678 nisi

1934 4711 2156 4767 bonum
2188 4710 2541 4766 instituit.Et
2562 4710 2836 4783 quando?
2864 4716 3000 4766 ante
3021 4714 3579 4783 peccatum.Bonum

1930 4798 2114 4873 igitur
2141 4803 2247 4868 est,
2280 4803 2337 4856 et
2366 4799 2658 4872 fuit,quod
2692 4803 2825 4855 ante
2856 4804 3159 4872 peccatum
3189 4799 3317 4855 fuit.
3338 4799 3489 4855 Ubi?
3518 4800 3579 4857 in

1931 4889 2225 4960 paradiso.
2260 4888 2367 4944 Ubi
2410 4889 2695 4946 Dominus
2737 4890 2807 4945 de
2854 4889 3033 4945 latere
3076 4889 3182 4944 viri
3234 4889 3579 4946 dormientis

1932 4983 2230 5052 sumptam
2262 4982 2506 5049 costam,
2528 4984 2801 5053 operatus
2830 4983 2919 5035 est
2948 4978 3008 5033 in
3040 4977 3366 5048 mulierem,
3401 4996 3578 5052 quam

1930 5068 2054 5124 viro
2104 5069 2406 5141 conjunxit
2454 5088 2467 5125 :
2521 5069 2684 5126 Unde
2730 5073 2788 5125 et
2835 5069 2999 5140 dixit,
3047 5069 3145 5125 hoc
3189 5086 3338 5125 nunc
3389 5085 3447 5126 os
3511 5086 3581 5126 ex

1934 5160 2144 5215 ossibus
2194 5161 2352 5227 meis,
2405 5167 2455 5216 et
2504 5176 2629 5216 caro
2676 5159 2740 5216 de
2787 5176 2951 5216 carne
3002 5176 3144 5216 mea.
3202 5161 3431 5234 Propter
3483 5159 3584 5216 hoc

1936 5249 2208 5320 relinquet
2236 5248 2391 5305 homo
2414 5257 2629 5324 patrem
2655 5257 2708 5306 et
2733 5258 2986 5319 matrem,
3016 5258 3067 5307 et
3096 5249 3398 5308 adhaerebit
3415 5250 3585 5307 uxori

1938 5338 2135 5412 ejus,et
2164 5346 2327 5395 erunt
2350 5338 2456 5395 duo
2488 5341 2547 5395 in
2577 5355 2745 5398 carne
2772 5358 2883 5398 una
2911 5340 3061 5416 (Gen.
3093 5352 3159 5414 il;
3208 5340 3394 5399 Matth.
3439 5339 3583 5415 xxx.)

1940 5464 2145 5521 bemus.

2011 5536 2091 5614 (2i
2102 5539 2129 5607 )
2146 5535 2319 5612 Vulg.
2345 5538 2655 5597 sentientes.
