3984 6082
124 327 277 392 4m

788 323 1144 389 HOMILL‘E
1188 322 1267 385 ΙΝ
1311 322 1566 387 EPIST.
1612 322 1719 385 ET
1759 321 2047 386 EVANG.
2095 321 2447 387 DOMINIG.
2478 323 2790 387 h-PABS
2832 322 2881 387 Ι.

3377 325 3534 389 1746

117 463 277 533 baut,
290 461 373 520 ita
396 458 703 536 coniuges,
732 475 862 534 quis
891 458 1226 534 frequenter
1254 457 1561 529 excedunt,
1590 456 1682 516 vel
1710 456 1772 516 in
1800 456 1857 524 Α
1885 460 2178 519 mundum
2205 458 2560 535 diligunt,de
2589 457 2806 534 quibus
2825 457 3074 517 dicitur:
3103 457 3357 518 Carnutis
3376 460 3534 519 homo

116 568 313 611 amore
337 551 658 625 coniugum
686 549 775 608 vel
807 549 1087 618 filiorum,
1112 548 1203 606 vel
1232 549 1292 605 in
1325 566 1465 606 cura
1497 549 1579 607 rei
1600 550 1770 606 fami-

115 641 298 713 liaris,
330 658 393 699 se
422 641 638 698 debent
682 639 942 714 quotidie
992 656 1095 713 per
1141 656 1318 712 opera
1361 639 1773 697 misericordia

115 732 330 800 lavare,
364 733 535 805 juxta
588 729 735 787 illud
770 746 785 787 :
819 734 964 788 Date
1012 730 1423 801 elemosynam
1473 739 1530 786 et
1583 730 1778 788 omnia

114 822 333 878 munda
352 830 487 878 sunt
508 819 663 878 vobis
685 820 838 893 (Luc.
860 818 957 892 XI).
973 818 1086 875 Sed
1108 818 1347 892 hydrias
1368 817 1652 875 Dominus
1673 818 1770 874 im-

116 911 264 986 pleri
288 910 462 982 jubet
490 909 551 965 in
582 909 826 983 nuptiis,
861 907 1001 982 quia
1033 925 1134 965 sex
1157 925 1333 982 opera
1360 907 1772 965 misericordiae

107 1001 286 1075 jubet
330 1000 618 1057 nubentes
648 998 990 1072 adimplere,
1027 1001 1086 1055 et
1132 1014 1237 1070 per
1283 1014 1351 1055 ea
1398 996 1774 1071 quotidianos

117 1100 394 1148 excessus
422 1087 732 1145 lsvare.Eo
764 1091 962 1144 autem
1001 1086 1389 1161 praecipiente,
1432 1087 1551 1143 haec
1583 1103 1772 1161 usque

116 1180 192 1237 ad
224 1176 1358 1251 summumimplentur,quiaeojubente
1369 1175 1770 1247 etauxiliante,

116 1285 297 1343 opera
324 1284 427 1326 sex
456 1266 1057 1334 misericordiarum,a
1085 1267 1200 1341 piis
1222 1266 1572 1341 conjugibus
1592 1267 1773 1323 abun-

112 1360 325 1418 danter
349 1361 409 1414 et
456 1366 644 1431 usgue
672 1356 734 1413 in
766 1357 944 1413 ﬁnem
974 1355 1313 1430 implentur.
1332 1356 1479 1421 Quid
1511 1357 1681 1413 debet
1712 1355 1772 1413 in

111 1448 345 1523 nuptiis
372 1446 637 1504 mutari?
666 1463 822 1520 aqua
850 1445 911 1502 in
940 1447 1165 1503 vinum.
1196 1449 1365 1519 Aqua
1405 1446 1770 1521 hydriarum,

111 1539 326 1597 fratres
356 1536 492 1605 mei,
526 1536 586 1592 in
602 1534 806 1592 vinum
826 1537 1353 1609 mutatur,quando
1376 1540 1652 1609 operante
1670 1535 1773 1593 Dei

108 1626 417 1704 gratia,sic
445 1630 588 1682 eunt
613 1626 893 1700 conjuges
916 1625 1207 1699 puriﬁcati
1228 1629 1285 1683 et
1304 1626 1621 1683 virtutibus
1647 1643 1774 1700 per-

108 1717 271 1787 fecti,
304 1720 371 1773 ut
418 1731 583 1789 aqua
633 1714 1169 1771 misericordiarum
1210 1717 1339 1789 jam
1372 1733 1489 1773 non
1519 1715 1775 1773 habeant

104 1807 386 1864 timorem
414 1804 603 1879 culpes
630 1804 958 1876 abluendis,
990 1805 1095 1861 sed
1135 1805 1418 1862 fervorem
1467 1805 1773 1863 charitatis

109 1896 347 1954 divinas.
381 1895 462 1953 De
484 1912 600 1968 quo
631 1893 920 1968 Propheta
954 1911 968 1950 :
997 1896 1065 1953 Et
1084 1896 1245 1953 calix
1286 1911 1448 1952 treus
1481 1895 1771 1953 inebrians

111 1985 634 2060 qumnpmlarus
659 1993 747 2041 est
773 1985 952 2053 (Psal.
1000 1985 1157 2058 xxu).
1191 1985 1342 2042 Bene
1376 1985 1587 2041 fratres
1632 1984 1766 2053 mei,

114 2092 275 2151 aqua
303 2078 569 2132 mutatur
604 2075 666 2131 in
709 2074 934 2144 vinum,
969 2075 1202 2148 quando
1251 2073 1352 2148 qui
1401 2075 1566 2147 prius
1603 2079 1773 2132 erant

112 2164 339 2239 frigidi,
370 2165 523 2221 ﬁunt
550 2162 747 2231 calidi,
779 2164 881 2237 qui
913 2167 1080 2221 erant
1111 2163 1397 2231 carnales,
1429 2163 1578 2220 ﬁunt
1596 2163 1769 2237 spiri-

110 2252 435 2327 tmtes,qni
463 2256 632 2310 erant
661 2251 1147 2321 secularesJiunt
1165 2252 1607 2327 religiosi.Beati
1628 2268 1770 2309 sane

112 2343 224 2419 qui
253 2342 403 2400 tales
431 2342 492 2399 in
533 2341 806 2417 conjugio
833 2341 1053 2413 vivunt,
1083 2342 1186 2415 qui
1236 2347 1474 2417 propter
1508 2359 1768 2400 amorem

112 2433 440 2507 conjugnm
469 2436 529 2489 et
556 2430 833 2498 ﬁliorum,
863 2435 923 2489 et
952 2436 1190 2505 propter
1216 2448 1420 2489 curam
1461 2431 1769 2489 familiaris

109 2522 225 2590 rei,
255 2538 372 2578 non
401 2519 774 2578 retardantur
804 2521 877 2577 ab
927 2536 1126 2578 amore
1176 2520 1295 2578 Dei.
1336 2521 1493 2577 Beati
1529 2521 1766 2595 quidem

105 2611 397 2684 conjung
425 2609 528 2666 Dei
560 2608 931 2683 bujusmodi,
953 2610 1055 2667 sed
1085 2609 1370 2667 beatiores
1398 2609 1652 2685 virgines
1678 2610 1766 2667 vel

103 2700 324 2769 vidua,
354 2714 485 2772 qua
533 2697 958 2771 temporalibus
1001 2698 1225 2771 nuptiis
1248 2699 1480 2772 spretis,
1512 2714 1765 2772 superno

106 2787 415 2847 adhaerent
441 2800 678 2861 sponso.
699 2786 992 2845 Beatiores
1023 2802 1219 2845 revera
1248 2787 1349 2861 qui
1377 2787 1680 2845 liberiores
1710 2792 1768 2844 et

106 2876 462 2943 devotiores.
510 2875 652 2950 quia
706 2880 926 2950 quanto
974 2877 1174 2934 minus
1234 2877 1332 2935 hic
1378 2876 1761 2948 delectantur,

106 2970 285 3025 tanto
311 2964 501 3040 magis
532 2965 793 3023 cmlestia
822 2966 1202 3040 querunt.Ut
1230 2966 1388 3024 enim
1419 2967 1502 3023 ait
1528 2968 1768 3040 Aposto-

108 3056 221 3115 lus
244 3073 261 3112 :
285 3061 532 3126 Tempus
572 3058 741 3113 breve
786 3065 897 3123 est,
950 3064 1008 3113 et
1050 3056 1316 3130 praeterit
1357 3057 1551 3128 ﬁgura
1591 3057 1767 3130 hujus

106 3145 340 3204 mundi.
372 3145 669 3219 Reliquum
693 3154 779 3203 est
823 3155 887 3202 ut
907 3147 1006 3220 qui
1027 3155 1159 3203 sunt
1187 3147 1479 3218 nubentes,
1508 3146 1627 3202 sint
1645 3154 1767 3202 tan-

107 3248 297 3312 quam
320 3251 432 3292 non
458 3236 732 3292 nubentes
760 3244 818 3293 et
845 3219 945 3309 qui
969 3241 1218 3293 utuntur
1245 3236 1477 3305 mundo,
1493 3244 1765 3310 tanquam
1796 3219 1840 3288 C

106 3332 233 3383 nan
260 3332 483 3382 tuentes
515 3324 643 3383 sint.
679 3328 750 3382 Et
777 3326 877 3398 qui
901 3325 1154 3398 gaialent
1181 3335 1454 3400 tanquam
1482 3341 1596 3382 non
1623 3339 1771 3397 σατις

105 3416 317 3474 dentes
342 3413 395 3489 (Ι
424 3414 561 3472 Cor.
590 3412 712 3487 vn)‘.
737 3414 1047 3488 Propterea
1074 3430 1278 3472 omnes
1308 3415 1430 3472 sive
1450 3412 1770 3488 conjugati,

104 3503 243 3563 sive
260 3500 576 3571 .vidui,siV'c
602 3501 1005 3577 virgines,non
1038 3516 1165 3578 quae
1193 3520 1371 3577 super
1398 3507 1637 3572 terram,
1669 3503 1773 3559 sed

101 3610 244 3667 qum
274 3604 515 3649 sursum
537 3595 679 3650 sunt
701 3592 1007 3666 sapiamus
1025 3597 1083 3650 et
1103 3592 1567 3666 quaeramus,ubi
1588 3592 1778 3649 Chris.

105 3687 219 3740 tua
250 3684 340 3739 est
368 3680 433 3736 in
478 3680 715 3738 dextera
761 3681 864 3738 Dei
910 3682 1142 3752 sedens,
1192 3699 1329 3739 cum
1378 3699 1493 3757 quo
1539 3680 1680 3739 vivit
1721 3685 1781 3739 et

117 3773 335 3846 regnat
362 3767 422 3826 in
452 3773 756 3828 aeternum.
788 3774 997 3828 Amen.

697 3876 1011 3935 HOMILIA
1046 3868 1214 3935 XXII.

416 3958 696 4006 υοωικιω
729 3964 926 4006 TERTIA
956 3960 1096 4006 P081|
1130 3958 1499 4013 ΒΡΙΡΗΔΝΙΔΜ.

207 4037 397 4097 Nolite
416 4037 731 4108 prudeiues
749 4048 870 4094 esse
894 4039 1055 4109 apud
1078 4040 1445 4110 vosmetipsos
1472 4037 1783 4111 (Rom.xn),

1883 569 1995 609 non
2024 553 2171 625 sapit
2194 568 2263 608 ea
2292 566 2420 624 quae
2447 558 2575 607 sunt
2606 552 2713 607 Dei
2739 552 2915 621 (Rom.
2945 553 3090 621 vnn).
3122 551 3193 606 Et
3224 548 3371 607 illud
3391 569 3411 608 :
3431 552 3532 609 Sa-

1877 646 2097 718 pientia
2115 644 2280 716 hujus
2310 642 2527 710 mundi,
2548 642 2789 699 stultitia
2840 649 2919 698 est
2964 640 3110 714 apud
3136 642 3308 697 Deum
3326 645 3382 713 (Ι
3408 643 3528 700 Cor.

1882 734 1984 807 Ill).
2009 733 2337 790 Prudentes
2368 733 2522 806 apud
2574 731 2920 805 semetipsos
2953 734 3111 798 sunt,
3146 731 3248 804 qui
3295 736 3533 790 caeteros

1884 824 2052 897 quasi
2084 822 2298 881 stultos
2327 826 2761 896 spernentes,se
2792 820 2947 878 solos
2976 825 3187 895 putant
3214 821 3528 895 sapientes.

1883 913 1966 971 De
1986 912 2204 987 quibus
2233 929 2335 986 per
2364 912 2707 985 prophetam
2730 910 2943 967 dicitur
2967 928 2981 967 :
3017 911 3101 967 Va:
3118 913 3215 983 qui
3237 911 3534 983 prudentes

1880 1005 2012 1061 estis
2042 1002 2189 1076 apud
2234 1003 2602 1074 vosmetipsos,
2633 1008 2685 1058 et
2729 1017 2914 1057 coram
2959 1000 3353 1073 vobismetipsis
3393 1017 3532 1073 pru-

1880 1093 2063 1151 dentes
2094 1093 2248 1165 (Isai.
2282 1095 2364 1161 v.)
2393 1092 2474 1147 De
2504 1089 2720 1163 quibus
2746 1089 2920 1146 etiam
2952 1088 3045 1163 pic
3075 1088 3289 1145 dicitur
3319 1090 3533 1148 :Nolite

1875 1182 2171 1258 prudentes
2202 1198 2313 1238 esse
2344 1181 2493 1254 apud
2520 1182 2867 1252 vosmetipsos
2891 1181 2963 1236 Et
2993 1178 3133 1252 quia
3152 1179 3389 1253 superbi
3420 1180 3530 1236 im-

1879 1271 2166 1347 patientes
2196 1274 2355 1341 sunt,
2388 1269 2636 1326 aliorum
2666 1269 2915 1342 injurias
2946 1269 3093 1326 ferre
3128 1286 3246 1326 non
3286 1273 3534 1342 possunt

1880 1363 2045 1421 addit
2076 1379 2089 1419 :
2123 1362 2285 1418 Nulli
2311 1362 2524 1417 malum
2550 1377 2652 1433 pro
2696 1360 2842 1417 malo
2870 1358 3166 1416 reddentes.
3200 1359 3307 1415 Sed
3334 1359 3529 1433 potius

1880 1458 2065 1512 estote
2095 1451 2392 1527 sapientes
2422 1450 2578 1524 apud
2610 1450 2816 1515 Deum,
2844 1449 3185 1523 providentes
3228 1450 3386 1519 bona,
3416 1466 3527 1506 non

1880 1553 2099 1604 tantum
2153 1558 2339 1600 coram
2391 1545 2520 1607 Deo,
2576 1540 2670 1598 sed
2731 1542 2900 1597 etiam
2954 1555 3137 1596 coram
3192 1539 3525 1596 hominibus.

1879 1639 2084 1693 Coram
2118 1633 2233 1690 Deo
2282 1635 2343 1688 et
2388 1630 2730 1687 hominibus
2777 1630 2933 1685 bona
2980 1627 3261 1702 providet,
3294 1628 3395 1701 qui
3446 1628 3530 1684 ita

1880 1722 2088 1796 quaerit
2116 1736 2315 1777 amare
2352 1719 2560 1787 Deum,
2594 1720 2747 1793 quod
2798 1735 2915 1775 non
2964 1717 3286 1774 contemnit
3331 1734 3530 1775 amare

1800 1840 1848 1906 Β
1883 1811 2214 1906 proximum
2240 1828 2258 1906 ξ
2291 1809 2393 1883 qui
2423 1808 2505 1866 ita
2528 1809 2735 1906 quarit
2765 1807 2993 1906 placere
3021 1807 3319 1906 Deo,quod
3348 1807 3528 1864 etiam

1880 1900 2089 1975 quaerit
2116 1900 2394 1974 prodesse
2411 1898 2674 1973 proximo
2701 1915 2716 1968 ;
2735 1898 2835 1971 qui
2858 1898 2938 1954 ita
2958 1896 3220 1969 providet
3249 1913 3313 1953 se
3332 1913 3527 1953 coram

1879 1991 1993 2048 Deo
2024 1991 2240 2047 bonam
2272 1987 2690 2045 conscientiam
2721 1987 2956 2056 habere,
2986 1985 3143 2059 quod
3191 1986 3368 2043 etiam
3399 2003 3531 2059 pro-

1876 2080 2055 2150 videt,
2095 2096 2198 2153 per
2253 2079 2541 2135 bonorum
2591 2092 2833 2149 operum
2881 2074 3215 2149 opinionem
3265 2075 3529 2149 proximo

1879 2168 2209 2242 exemplum
2267 2169 2542 2242 praebere.
2602 2167 2765 2222 Unde
2812 2164 3134 2222 Dominus:
3167 2166 3281 2232 Sic,
3312 2164 3526 2238 inquit,

1879 2261 2097 2317 luceant
2125 2274 2293 2332 opera
2320 2266 2497 2315 vestra
2526 2258 2876 2325 bona,coram
2903 2254 3243 2322 hominibus,
3271 2262 3336 2310 ut
3360 2255 3529 2327 glori-

1874 2352 2289 2422 ﬁcentPatrem
2322 2354 2575 2405 vestrum
2604 2345 2706 2420 qui
2721 2346 2782 2402 in
2799 2343 2957 2402 caelis
2985 2353 3069 2401 est
3098 2348 3326 2414 (Matth.
3349 2347 3428 2413 v).
3461 2344 3530 2399 Et

1876 2439 2013 2497 alibi
2047 2456 2062 2495 :
2096 2461 2125 2490 «
2157 2436 2421 2495 Cruielis
2441 2441 2532 2493 est
2552 2436 2651 2510 qui
2675 2436 2892 2491 famam
2913 2433 3177 2508 negligit.
3214 2455 3242 2484 »
3264 2433 3372 2498 Qui
3392 2450 3526 2490 vero

1875 2528 2157 2601 proximis
2187 2527 2462 2601 prodesse
2484 2523 2930 2597 contemnit,qui
2953 2523 3172 2579 bonum
3193 2521 3525 2595 exemplum

1874 2617 1960 2675 eis
1992 2618 2245 2691 praebere
2274 2614 2497 2690 spernit
2544 2618 2602 2671 et
2649 2613 2699 2669 si
2731 2630 2927 2670 coram
2959 2613 3073 2670 Deo
3104 2612 3280 2669 habet
3306 2613 3522 2668 bonam

1874 2706 2310 2771 conscientiam,
2349 2709 2548 2760 tamen
2578 2721 2693 2759 non
2744 2702 3008 2776 providet
3054 2701 3276 2758 bonum
3326 2716 3523 2757 coram

1873 2792 2754 2865 hominibus.UndeGregorius:
2771 2814 2797 2843 ‹‹
2816 2790 2925 2856 Qui
2940 2791 3262 2848 humanam
3282 2790 3517 2846 laudem

1874 2884 2098 2942 calcare
2106 2885 2233 2958 jam
2251 2881 2804 2956 sufﬁcit,pcnnaliter
2825 2879 3100 2954 peccat,si
3120 2881 3341 2937 bonum
3364 2880 3519 2952 quod

1873 2973 2290 3050 agit,occultet.
2321 2995 2349 3025 »
2371 2972 2522 3045 Ergo
2542 2970 2726 3027 multo
2757 2970 2966 3043 magis,
2984 2969 3193 3026 fratres
3221 2967 3358 3036 mei,
3390 2984 3523 3041 pec-

1873 3067 1986 3132 cat,
2045 3063 2145 3136 qui
2203 3062 2312 3120 etsi
2357 3061 2605 3118 interius
2659 3063 2812 3116 recte
2858 3056 3018 3123 vivit,
3072 3062 3268 3113 tamen
3328 3071 3525 3113 coram

1875 3151 2091 3227 populo
2136 3153 2208 3208 de
2255 3168 2317 3208 se
2366 3150 2518 3207 male
2566 3147 2792 3223 opinari
2839 3146 3145 3221 permittit,
3198 3162 3379 3219 quam
3426 3145 3527 3218 qui

1877 3258 2073 3300 coram
2101 3241 2378 3297 fratribus
2402 3238 2748 3296 scandalum
2771 3236 2937 3312 ponit
2954 3252 3089 3293 cum
3101 3237 3338 3308 propter
3349 3234 3533 3291 vitan-

1878 3333 2021 3388 dum
2048 3329 2415 3399 scandalum,
2449 3328 2624 3385 etiam
2656 3328 2925 3400 quaedam
2973 3326 3205 3382 minora
3231 3324 3387 3381 bona
3413 3323 3535 3379 sint

1880 3417 2337 3477 dimittenda.De
2365 3414 2707 3488 bujusmodi
2730 3414 3015 3470 Dominus
3038 3411 3180 3469 dicit
3211 3429 3224 3468 :
3261 3412 3369 3481 Qui
3380 3426 3536 3467 scan-

1880 3507 2224 3566 dalizaverit
2245 3522 2422 3563 unum
2465 3523 2540 3561 ea:
2555 3504 2789 3574 pusillis
2825 3504 2916 3560 his
2944 3503 3123 3577 quiin
3151 3518 3244 3558 me
3270 3501 3535 3572 credunt,

1880 3597 2117 3667 expedit
2136 3597 2197 3653 ei
2217 3606 2277 3652 ut
2297 3596 2453 3653 mola
2470 3595 2732 3651 asinaria
2750 3593 3140 3663 suspendatur
3154 3591 3212 3647 in
3229 3591 3376 3647 collo
3388 3591 3538 3661 ejus,

1885 3696 1945 3746 et
1962 3689 2374 3758 submergatur
2403 3685 2465 3741 in
2492 3683 2852 3760 profundum
2878 3681 3061 3738 maris
3092 3681 3317 3754 (Matth,
3337 3677 3493 3751 xvm)
3520 3696 3535 3747 ;

1888 3776 1997 3843 Qui
2027 3774 2184 3832 enim
2214 3774 2555 3848 bujusmodi
2586 3774 2696 3845 est,
2728 3776 2818 3829 tot
2863 3788 2998 3828 reus
3046 3774 3136 3827 est
3185 3769 3540 3835 animarum,

1891 3867 2033 3938 quot
2062 3867 2309 3937 pereunt
2337 3865 2572 3935 propter
2600 3859 2823 3918 malum
2853 3857 3186 3933 exemplum
3209 3874 3406 3915 suum.

1965 3950 2242 4025 Sequitur
2270 3968 2408 4023 pars
2437 3950 2715 4019 secunda,
2746 3948 2808 4005 in
2838 3966 2957 4022 qua
2994 3965 3101 4004 nos
3132 3949 3332 4004 monet
3358 3947 3546 4018 Apos-

1894 4039 2052 4096 tolus
2081 4041 2153 4096 ad
2184 4056 2387 4113 pacem
2420 4039 2622 4095 dicens
2656 4056 2669 4094 :
2702 4040 2767 4095 Si
2792 4039 2917 4109 ﬁeri
2935 4045 3124 4110 potest,
3143 4035 3285 4108 quod
3306 4051 3376 4090 ea:
3397 4033 3549 4089 vobis

128 4132 252 4186 etc.
310 4126 632 4200 Tripartita
656 4131 750 4184 est
790 4126 913 4185 haec
960 4126 1151 4197 lectio,
1201 4128 1412 4185 fratres
1456 4128 1592 4185 mei.
1642 4128 1789 4184 Nam
1897 4136 1996 4197 est,
2010 4145 2136 4183 cum
2161 4128 2415 4184 omnibus
2442 4128 2757 4184 hominibus
2779 4142 2972 4200 pacem
2999 4125 3273 4181 habentes.
3305 4121 3410 4179 Hic
3438 4120 3554 4177 tria

133 4216 343 4293 primo
359 4232 467 4273 nos
515 4219 715 4274 monet
757 4216 1072 4290 Apostolus
1120 4232 1191 4275 ne
1239 4216 1428 4273 simus
1476 4216 1794 4291 prudentes
1902 4216 2327 4275 consideranda
2359 4220 2498 4272 sunt
2525 4215 2710 4285 vobis,
2744 4215 2952 4271 fratres
2990 4212 3126 4282 mei,
3151 4218 3282 4286 quae
3311 4210 3389 4268 sit
3417 4226 3553 4283 pax,

134 4304 307 4380 apud
334 4305 569 4375 uos,sed
599 4305 753 4378 apud
791 4305 1265 4363 Deum.Secundo
1296 4304 1566 4362 hortatur
1585 4322 1692 4362 nos
1723 4305 1796 4362 ad
1904 4309 1963 4364 et
1990 4305 2143 4361 inter
2173 4321 2321 4377 quos
2350 4320 2479 4361 esse
2498 4303 2769 4377 pnssit,et
2788 4318 2923 4358 cum
2945 4300 3244 4374 quibus,et
3262 4297 3554 4373 quomodo

144 4394 585 4452 observandum
605 4394 1031 4467 pacem.Tertio
1046 4398 1244 4455 monet
1262 4411 1369 4452 nos
1389 4411 1464 4451 ne
1483 4394 1800 4452 reddamus
1907 4393 2179 4452 habenda
2209 4393 2306 4450 sit.
2338 4394 2440 4450 Est
2487 4393 2667 4466 igitur
2696 4408 2807 4465 pax
2848 4390 3084 4463 quietus
3114 4402 3309 4446 rerum
3342 4391 3554 4453 status,

145 4482 375 4542 malum
406 4499 511 4556 pro
541 4482 823 4549 malo,sed
862 4483 1059 4557 potius
1087 4484 1306 4540 bonum
1338 4501 1442 4557 pro
1472 4483 1646 4541 malo.
1680 4485 1804 4541 Mo-
1912 4483 2142 4541 cunctis
2172 4481 2285 4540 sibi
2300 4482 2564 4539 ordinate
2579 4477 3179 4546 concordantibus,vel
3199 4477 3405 4534 saltem
3428 4474 3561 4531 aliis

147 4589 302 4629 nens
329 4570 511 4646 igitur
530 4588 637 4629 nos
659 4571 847 4646 primo
868 4586 940 4629 ne
961 4572 1149 4630 simus
1169 4573 1486 4646 prudentes
1502 4574 1657 4647 apud
1674 4590 1802 4643 nos,
1833 4595 1883 4660 Β
1914 4573 2179 4631 ordinate
2208 4570 2568 4629 cedentibus.
2594 4569 2707 4626 Pax
2736 4587 2870 4660 vera
2882 4568 3018 4660 alia
3032 4571 3124 4660 est
3151 4565 3426 4660 perfecta,
3448 4561 3563 4660 alia

146 4662 239 4720 ait
270 4679 285 4718 :
322 4661 512 4719 Nolite
536 4661 848 4732 prudentes
877 4678 999 4719 esse
1030 4662 1188 4733 apud
1217 4663 1608 4734 vosmetipsos.
1641 4662 1808 4719 Sicut
1833 4653 1874 4660 ’”
1916 4661 2279 4735 imperfecta.
2312 4659 2569 4716 Perfecta
2596 4675 2708 4732 pax
2736 4657 2846 4715 erit
2878 4657 2939 4713 in
2970 4656 3083 4712 alia
3112 4659 3325 4711 mterna
3350 4653 3561 4726 patria,

150 4754 363 4808 autem
414 4766 485 4807 ex
539 4749 859 4825 Soripturis
929 4751 1113 4808 sacris
1178 4750 1530 4825 colligimus,
1598 4752 1810 4808 fratres

152 4837 519 4909 charissimi,
542 4838 787 4912 quidam
808 4843 949 4897 sunt
975 4839 1292 4912 prudentes
1337 4841 1492 4913 apud
1524 4840 1730 4909 Deum,
1754 4843 1817 4897 et

153 4926 301 4985 boni
332 4928 758 5000 sunt;quidam
775 4932 916 4986 sunt
935 4929 1250 5002 prudentes
1273 4929 1426 5002 apud
1449 4927 1817 5000 saeculum,et

154 5014 305 5075 mali
325 5020 469 5074 sunt
491 5033 503 5046 °
521 5016 761 5091 quidam
785 5021 926 5075 sunt
940 5017 1256 5092 prudentes
1268 5018 1421 5091 apud
1444 5018 1812 5092 semetipsos,

156 5108 224 5164 et
253 5104 490 5180 superbi
525 5110 685 5163 sunt.
720 5106 1041 5164 Prudentes
1090 5106 1246 5180 apud
1294 5107 1481 5163 Deum
1520 5111 1681 5174 sunt,
1714 5107 1818 5181 qui

157 5194 367 5255 omnia
392 5210 544 5252 vana
570 5198 808 5270 propter
835 5196 1033 5270 ipsum
1061 5199 1466 5253 contemnunt.
1491 5196 1572 5252 De
1601 5195 1818 5269 quibus

158 5284 387 5343 dicitur
416 5300 430 5341 :
458 5285 663 5342 Simile
678 5294 764 5342 est
778 5296 1020 5358 regnum
1039 5288 1309 5344 calorum
1330 5284 1553 5342 homini
1567 5287 1823 5357 negotia-

160 5376 290 5435 tori
315 5375 596 5449 quaerenti
626 5376 803 5433 bonas
822 5377 1204 5450 margaritas.
1227 5380 1465 5434 Inventa
1483 5384 1679 5432 autem
1706 5388 1823 5431 una

160 5465 431 5539 pretiosa
454 5466 809 5538 mgni-ita,
835 5466 995 5523 dedit
1023 5465 1220 5523 oinnia
1245 5481 1374 5537 sua,
1387 5472 1445 5521 et
1469 5464 1823 5533 comparavit

162 5566 309 5614 allia
333 5555 560 5629 (Matth,
587 5555 733 5629 xm).
762 5555 1083 5613 Prudentes
1111 5558 1307 5611 autem
1346 5555 1499 5626 apud
1547 5552 1825 5610 saeculum

168 5645 449 5720 δικ,φί
478 5644 809 5704 nescientes
834 5644 921 5703 vel
950 5648 1292 5718 spernentes
1323 5642 1603 5715 cmlestia,
1635 5642 1827 5701 solum

1919 4750 2020 4808 ubi
2049 4750 2162 4807 erit
2189 4749 2527 4806 omnimoda
2556 4744 3067 4819 consonantia,uhi
3095 4743 3261 4801 electi
3290 4742 3374 4799 ita
3395 4744 3569 4798 erunt

1920 4841 2036 4898 Deo
2067 4839 2386 4908 coniuncti,
2419 4843 2486 4894 ut
2513 4855 2548 4894 a
2597 4837 2891 4894 voluntate
2939 4836 3069 4908 ejus
3117 4834 3421 4890 dissonare
3450 4846 3567 4887 non

1921 4927 2168 5003 possint.
2204 4928 2332 4983 Haec
2354 4930 2443 4983 est
2463 4943 2573 5000 pax
2594 4925 2695 4982 Dei
2712 4942 2840 4999 qua:
2865 4926 3175 4997 exsuperat
3188 4937 3422 4977 omnem
3445 4935 3573 4977 sen-

1923 5035 2057 5076 sum
2090 5017 2319 5088 (Philip.
2343 5017 2442 5084 xv).
2475 5014 2770 5078 Quantum
2803 5013 2873 5069 ad
2919 5011 3082 5068 illam
3110 5026 3314 5083 pacem
3346 5008 3570 5065 dictum

1924 5112 2014 5165 est
2059 5105 2215 5179 quod
2241 5127 2269 5155 ‹‹
2297 5122 2408 5178 pax
2454 5109 2545 5160 est
2592 5102 2828 5176 quietus
2875 5117 3080 5157 rurum
3130 5102 3315 5155 status
3345 5096 3575 5154 cunctis

1927 5197 2000 5253 ad
2032 5195 2281 5251 invicem
2313 5193 2578 5250 ordinate
2605 5190 3117 5248 concordantibus.
3144 5211 3173 5240 »
3196 5189 3453 5246 Paxvero
3472 5185 3579 5243 im-

1929 5284 2184 5359 perfecta
2232 5298 2388 5339 nunc
2435 5285 2544 5348 est,
2577 5280 2853 5354 quoniam
2900 5282 3065 5335 tanta
3108 5282 3201 5335 est
3253 5276 3315 5333 in
3358 5275 3579 5332 mundo

1928 5373 2199 5442 varietas,
2232 5371 2389 5445 quod
2415 5370 2508 5425 vix
2552 5369 2729 5425 etiam
2770 5368 2986 5441 aliquis
3033 5368 3326 5439 perfectus
3353 5380 3585 5436 semper

1933 5463 2120 5538 possit
2149 5460 2261 5518 sibi
2292 5476 2533 5516 concors
2563 5458 2969 5524 esse,necdum
2992 5455 3193 5529 plures
3212 5453 3450 5511 omnino
3472 5451 3583 5508 sibi

1935 5555 2055 5611 sint
2085 5551 2422 5609 concordes.
2454 5548 2563 5604 Sed
2611 5551 2753 5602 tunc
2797 5546 3052 5603 dicimus
3101 5545 3198 5602 hic
3225 5557 3429 5616 pacem
3460 5556 3591 5596 esse

1935 5642 2089 5700 inter
2117 5638 2630 5715 aliquos,quando,
2653 5635 2762 5693 etsi
2794 5653 2911 5694 non
2942 5634 3186 5691 omnino
3213 5628 3590 5694 concordant,
