3984 6082
324 305 328 309 ’
399 337 558 405 m7

1405 337 1800 401 ADDENDA.
1830 371 1911 384 —
1936 336 2338 402 RADULPHI
2379 336 2792 400 ARDENTIS.

3642 334 3812 399 ΓΗΒ

389 478 588 533 tamen
619 471 720 530 alii
749 470 882 530 aliis
909 471 1291 546 acquiescunt
1317 475 1375 529 et
1400 472 1633 539 cedunt,
1666 474 1723 528 et
1751 471 1861 527 hoc
1891 470 2041 527 ordi-
2066 472 2123 539 Α
2150 470 2237 526 dit
2264 470 2589 539 Dominus;
2616 470 2798 539 Beati,
2851 468 3065 543 inquit,
3113 469 3360 542 paciﬁci,
3388 469 3668 544 quoniam
3696 472 3812 543 ﬁlii

392 566 617 632 nate,ut
645 561 867 620 scilicet
896 563 1095 619 minus
1119 562 1266 619 bene
1293 561 1573 631 volentes,
1608 560 1820 618 melius
1840 560 2037 616 volen-

388 652 551 709 tibus
571 652 1103 719 cedant.Quantum
1126 651 1308 725 igitur
1327 651 1399 707 ad
1416 651 1566 708 hanc
1586 667 1788 723 pacem
1811 649 2037 706 dictum

390 745 502 810 est,
530 741 619 799 vel
663 740 871 799 saltem
903 740 1033 798 aliis
1082 739 1347 797 ordinate
1378 739 1737 797 cedentibus.
1771 740 1886 797 Pax
1904 757 2040 797 vera

388 831 543 889 inter
571 830 758 888 malos
789 847 918 887 esse
947 847 1064 887 non
1097 834 1308 903 potest,
1342 830 1482 903 quia
1528 829 1721 886 malus
1769 847 1803 886 a
1845 829 2038 904 seipso

390 919 718 988 dissidet,et
746 918 893 976 alter
921 921 993 976 ab
1025 918 1367 989 altero,cum
1396 918 1537 976 vitia
1563 919 1719 976 vitiis
1750 919 2040 976 contraria

390 1008 656 1066 sint.‘Hic
701 1013 793 1066 est
815 1008 971 1065 enim
997 1026 1228 1080 avarus,
1262 1008 1355 1064 ille
1386 1008 1797 1082 prodigus,hic
1827 1010 2038 1065 crude-

386 1097 589 1167 tis,ille
612 1097 916 1168 remissus,
946 1097 1043 1155 hic
1064 1098 1331 1165 timidus,
1362 1097 1460 1154 ille
1490 1098 1857 1154 temerarius.
1894 1098 2037 1155 Hinc

390 1187 606 1244 dicitur
635 1205 649 1244 :
672 1192 798 1245 Non
815 1197 898 1245 est
922 1204 1042 1259 pax
1062 1188 1423 1258 impiis,dicit
1444 1189 1717 1245 Dominus
1737 1187 2034 1261 (Isa.Lvn.)

389 1277 461 1334 Et
480 1276 540 1335 in
572 1276 881 1351 Evangelio
916 1296 929 1347 ;
963 1281 1141 1337 Omne
1172 1294 1410 1349 regnum
1443 1279 1503 1334 in
1521 1280 1771 1348 seipsum
1790 1278 2037 1335 divisum

386 1367 741 1445 desolabitur
769 1366 1027 1440 (Luem).
1051 1369 1120 1423 Et
1165 1384 1301 1424 cum
1352 1366 1491 1424 mali
1520 1367 1604 1423 ita
1633 1367 1879 1425 invicem
1915 1368 2035 1425 dis-

388 1455 839 1526 sideant,tamen
863 1457 923 1512 in
936 1456 1340 1530 persecutione
1362 1457 1647 1513 bonorum
1661 1457 2033 1525 conveniunt,

386 1548 453 1602 ut
480 1545 733 1602 Herodes
763 1548 820 1601 et
849 1544 1069 1602 Pilatus
1097 1545 1159 1601 in
1189 1550 1438 1603 mortem
1470 1546 1631 1614 Jesu,
1664 1549 1729 1602 ut
1761 1545 2034 1603 Pharisaei

384 1638 443 1692 et
470 1634 732 1692 Saducaei
761 1635 822 1691 in
870 1634 1270 1708 persecutione
1316 1635 1499 1692 Pauli.
1534 1636 1629 1691 Est
1679 1639 1874 1692 autem
1913 1636 2034 1693 haec

383 1741 498 1798 pax
527 1724 703 1793 mala,
733 1728 792 1782 et
828 1724 1010 1797 justis
1054 1724 1314 1781 inimica.
1347 1726 1504 1782 Inter
1532 1726 1716 1782 bonos
1759 1742 1870 1799 pax
1899 1743 2034 1782 vera

382 1816 555 1884 est,et
583 1816 801 1886 quanto
831 1813 1101 1871 meliores
1132 1818 1295 1883 sunt,
1324 1817 1486 1872 tanto
1529 1814 1682 1870 inter
1710 1832 1808 1871 eos
1845 1816 2035 1887 major

383 1902 768 1960 consonantia
795 1908 903 1960 est.
935 1903 1198 1960 Virtutes
1242 1903 1399 1961 enim
1430 1922 1465 1961 a
1494 1922 1556 1961 se
1599 1905 1883 1961 dissidere
1914 1922 2031 1962 non

383 1996 650 2066 possunt.
684 1992 831 2050 Hinc
859 1997 948 2050 est
995 1994 1147 2066 quod
1182 1994 1240 2050 in
1290 1998 1505 2051 aeterna
1534 1995 1740 2068 patria,
1774 1994 1875 2050 ubi
1924 1993 2033 2050 erit

383 2080 722 2139 omnimoda
746 2082 1033 2139 virtutum
1064 2084 1467 2155 consonantia,
1491 2102 1601 2157 pax
1618 2084 1727 2140 erit
1750 2082 2033 2156 tranquil-

381 2169 717 2229 lima.Nunc
743 2170 1043 2245 vero,quia
1072 2171 1166 2227 hic
1198 2189 1314 2228 non
1344 2176 1483 2228 sunt
1514 2172 1761 2230 virtutes
1792 2172 2031 2229 omnino

378 2262 737 2334 temperatae,
769 2259 866 2316 hic
916 2276 1021 2317 nec
1069 2264 1159 2317 est
1203 2278 1315 2333 pax
1356 2262 1628 2334 perfecta.
1661 2266 1819 2319 Inter
1846 2263 2031 2320 bonos

382 2352 582 2405 autem
612 2351 670 2405 et
699 2347 886 2405 malos
913 2366 1023 2422 pax
1051 2364 1322 2416 esse,non
1354 2354 1573 2424 potest;
1607 2351 1747 2425 quia
1772 2352 1838 2408 hi.
1855 2351 2028 2425 justi,

381 2436 468 2493 illi
497 2436 792 2510 injusti,hi
819 2437 921 2511 pii,
944 2437 1029 2495 illi
1058 2439 1322 2497 crudeles
1347 2458 1361 2509 ;
1385 2439 1446 2496 hi
1471 2440 1637 2512 casti,
1662 2440 1747 2496 illi
1778 2440 1986 2497 incesti
2013 2460 2026 2510 ;

380 2525 441 2583 hi
471 2526 782 2600 patientes,
804 2527 890 2583 illi
933 2526 1326 2602 impatientes.
1368 2529 1484 2586 Nec
1514 2533 1704 2603 potest
1740 2547 1867 2587 esse
1898 2547 2032 2586 vera

380 2617 692 2675 concordia
740 2618 893 2675 inter
950 2634 1098 2690 quos
1146 2622 1235 2675 est
1284 2622 1450 2676 tanta
1494 2619 1860 2677 dissidentia.
1913 2620 2031 2676 Hoc

381 2705 642 2764 sentiens
670 2707 984 2780 Apostolus
1014 2707 1095 2763 ait
1127 2708 1225 2765 ε.ςί
1246 2709 1377 2780 ﬁeri
1403 2717 1587 2780 potest
1606 2725 1739 2768 cum
1767 2710 2031 2768 omnibus

380 2796 701 2854 hominibus
727 2813 929 2868 pacem
961 2799 1253 2868 habentes,
1279 2799 1445 2872 quasi
1482 2798 1701 2856 diceret
1732 2818 1745 2856 :
1780 2800 1882 2856 Hic
1914 2816 2031 2856 non

382 2887 575 2960 potest
619 2886 765 2955 ﬁeri,
800 2887 958 2961 quia,
1008 2887 1117 2944 etsi
1163 2905 1265 2944 vos
1308 2887 1601 2945 haberetis
1648 2906 1851 2962 pacem
1897 2905 2031 2945 cum

386 2974 581 3045 malis,
631 2974 718 3031 illi
767 2993 884 3033 non
932 2976 1215 3033 haberent
1260 2976 1584 3034 vobiscum.
1636 2977 1876 3051 Propter
1922 2977 2033 3034 hoc

385 3063 693 3138 subjungit
718 3081 732 3121 :
765 3066 930 3136 Quod
948 3082 1024 3122 ea:
1050 3065 1203 3122 vobis
1231 3075 1337 3123 est.
1369 3066 1531 3123 Tunc
1562 3066 1769 3123 fratres
1817 3066 2035 3123 charis-

2144 560 2246 617 Dei
2273 560 2626 618 vocabuntur
2654 563 2879 631 (Matth.
2908 560 2987 629 v).
3022 558 3089 615 Et
3135 558 3424 633 Propheta
3456 576 3470 615 :
3500 565 3570 618 Et
3606 563 3809 633 factus

2146 660 2231 708 est
2258 652 2318 707 in
2346 667 2487 722 pace
2516 652 2671 709 locus
2707 652 2832 723 ejus
2864 651 3041 721 (Psat.
3068 649 3323 722 Lxxv),id
3356 654 3446 706 est
3476 651 3807 724 tranquillo

2145 740 2344 797 animo
2374 743 2431 797 et
2457 739 2775 814 tranquilla
2803 737 3248 813 congregatione
3277 757 3290 808 ;
3314 738 3440 812 ipse
3468 739 3630 796 enim
3665 739 3809 796 facit

2146 830 2307 887 solus
2334 831 2644 886 unanimes
2673 829 2939 886 habitare
2969 828 3030 884 in
3061 829 3233 883 domo
3267 828 3441 902 (Psat.
3467 828 3666 901 vau).

2216 918 2495 992 Sequitur
2524 936 2659 992 pars
2687 917 2944 987 tertia,in
2977 934 3094 991 qua
3123 920 3321 974 monet
3346 934 3453 974 nos
3480 918 3819 992 Apostolus

2145 1027 2263 1066 non
2294 1010 2533 1065 reddere
2581 1008 2802 1064 malum
2846 1025 2950 1081 pro
2998 1006 3175 1076 malo,
3208 1008 3311 1063 sed
3350 1008 3548 1081 potius
3574 1008 3802 1066 bonum

2142 1115 2248 1172 pro
2280 1098 2450 1166 malo,
2481 1116 2614 1154 cum
2648 1098 2848 1155 subdit
2880 1114 2893 1153 :
2929 1102 3051 1155 Non
3080 1097 3448 1166 vosmetipsos
3493 1098 3804 1169 defenden-

2144 1198 2247 1259 tes,
2280 1188 2626 1257 charissimi,
2658 1186 2718 1244 id
2760 1189 2848 1244 est
2878 1186 3279 1255 vindicantes;
3314 1184 3595 1260 repellere
3644 1188 3799 1244 enim

2143 1278 2424 1351 injuriam
2454 1279 2581 1335 sine
2630 1276 2871 1334 alterius
2923 1275 3158 1332 laesione
3205 1274 3360 1332 licet.
3394 1277 3546 1333 Sunt
3572 1281 3796 1346 autem,

2143 1368 2351 1424 fratres
2380 1366 2516 1434 mei,
2535 1370 2787 1440 quatuor
2816 1363 3250 1434 retributiones,
3279 1365 3521 1422 reddere
3570 1365 3797 1423 malum

2143 1474 2247 1530 pro
2279 1455 2454 1524 malo,
2489 1457 2646 1529 quod
2676 1454 3045 1512 mediocriter
3074 1454 3362 1511 malorum
3392 1458 3501 1512 est.
3536 1455 3801 1513 Reddere

2143 1545 2364 1602 malum
2390 1563 2494 1619 pro
2524 1546 2697 1617 bono,
2712 1545 2867 1618 quod
2900 1543 3465 1617 malignissimorum
3497 1549 3615 1603 est.
3649 1545 3800 1602 Red-

2144 1635 2277 1692 dere
2305 1636 2527 1692 bonum
2554 1653 2657 1708 pro
2688 1635 2860 1701 bono,
2894 1634 3049 1707 quod
3098 1633 3466 1690 mediocriter
3504 1633 3801 1690 bonorum

2144 1729 2249 1781 est.
2284 1726 2546 1781 Reddere
2572 1726 2791 1781 bonum
2823 1741 2928 1797 pro
2959 1722 3146 1795 malo,
3161 1723 3316 1796 quod
3349 1740 3599 1780 summa:
3633 1724 3803 1780 boni-

2062 1851 2110 1917 Β
2140 1815 2279 1871 tatis
2303 1815 2661 1881 est.Quando
2690 1830 2822 1871 vero
2854 1814 3009 1917 Deps
3029 1814 3216 1885 judex
3234 1812 3413 1917 infert
3433 1830 3674 1886 pennam
3702 1831 3804 1887 pro

2141 1908 2398 1977 peccato,
2431 1921 2547 1960 non
2599 1904 2789 1960 reddit
2836 1900 3063 1959 malum
3094 1920 3197 1975 pro
3246 1900 3422 1970 malo,
3456 1903 3561 1958 sed
3600 1902 3807 1975 potius

2132 1994 2364 2066 justum
2398 2011 2500 2066 pro
2531 1992 2771 2065 injusto.
2796 1992 2989 2048 Monet
3013 1991 3195 2064 igitur
3222 1990 3538 2062 Apostolus
3568 2008 3709 2059 nos,
3740 1998 3807 2048 ut

2141 2100 2258 2139 non
2291 2083 2607 2139 reddamus
2638 2081 2861 2138 malum
2892 2098 2997 2154 pro
3029 2079 3200 2136 malo.
3235 2079 3349 2136 Sed
3391 2080 3547 2148 date,
3577 2080 3802 2154 inquit,

2141 2174 2326 2230 locum
2355 2172 2543 2239 ira,id
2576 2175 2666 2227 est
2693 2170 2959 2227 vindictae
2991 2169 3333 2235 divinaeQui
3362 2169 3523 2227 enim
3548 2187 3674 2226 non
3706 2171 3806 2228 dat

2139 2260 2334 2318 locum
2364 2260 2631 2317 vindictae
2671 2259 2794 2327 Dei,
2826 2259 3134 2332 tripliciter
3178 2263 3401 2333 peccat.
3449 2259 3627 2329 Tum,
3664 2261 3803 2333 quia

2139 2367 2327 2424 prwsu
2335 2349 2441 2407 mit
2453 2350 2607 2423 quod
2622 2366 2796 2406 suum
2810 2367 2925 2406 non
2939 2352 3179 2417 est,tum
3192 2347 3609 2422 quiatempusj
3622 2350 3801 2406 udicii

2140 2439 2434 2513 praevenit,
2466 2443 2593 2495 tum
2624 2438 2763 2513 quia
2792 2439 2863 2495 de
2890 2440 3145 2507 verbere,
3179 2439 3251 2495 de
3280 2454 3398 2511 quo
3429 2436 3645 2494 melior
3673 2455 3800 2495 esse

2140 2529 2393 2597 deberet,
2424 2528 2675 2586 deterior
2703 2532 2811 2585 est.
2838 2528 3134 2600 Scriptum
3164 2537 3249 2584 est
3286 2528 3439 2584 enim
3462 2546 3482 2593 ;
3502 2528 3649 2584 Mihi
3677 2529 3798 2585 vin—

2138 2617 2665 2688 dictam,subaudis
2688 2622 3057 2686 reservate,et
3082 2633 3187 2690 ego
3215 2619 3557 2674 retribuam.
3575 2618 3651 2673 Et
3682 2634 3798 2675 non

2138 2708 2548 2765 tantummodo
2567 2724 2680 2763 non
2705 2707 2915 2764 reddas
2929 2706 3153 2763 malum
3174 2723 3278 2780 pro
3296 2705 3601 2775 malo,imo
3618 2707 3799 2763 etiam

2141 2798 2352 2854 reddas
2384 2798 2604 2853 bonum
2634 2814 2739 2871 pro
2770 2795 2945 2853 malo.
2971 2796 3042 2851 Et
3089 2795 3199 2853 hoc
3229 2800 3319 2853 est
3346 2796 3504 2868 quod
3534 2797 3660 2853 ait:
3692 2796 3803 2852 Sed

2140 2888 2193 2944 si
2221 2887 2495 2944 esurierit
2523 2888 2794 2945 inimicus
2820 2885 3067 2956 tuus,vel
3097 2885 3475 2959 corporaliter
3502 2885 3592 2943 vel
3622 2886 3801 2960 spiri-

2140 2976 2530 3047 tualiter,ciba
2558 2979 2739 3035 illum.
2758 2978 2822 3034 5i
2849 2978 2995 3047 sitit,
3017 2985 3216 3048 potum
3240 2977 3320 3033 da
3349 2977 3463 3032 illir
3492 2981 3618 3034 Hoc
3645 2978 3803 3033 enim

2139 3068 2381 3140 faciens,
2411 3084 2685 3141 congeres
2734 3069 3009 3125 carbones
3049 3066 3196 3138 ignis
3224 3082 3400 3136 super
3437 3075 3618 3138 caput
3649 3068 3800 3138 ejus,

387 3152 543 3221 simi,
576 3169 712 3211 cum
741 3155 1019 3212 omnibus
1065 3154 1405 3211 hominibus
1450 3159 1736 3228 quantum
1768 3172 1836 3212 ex
1865 3155 2036 3212 nobis
2074 3221 2105 3229 _
2143 3155 2203 3212 id
2263 3162 2352 3214 est
2419 3158 2684 3215 ardorem
2757 3156 3058 3214 charitatis
3122 3155 3182 3211 in
3254 3160 3449 3212 mente
3517 3157 3678 3229 ejus,
3740 3160 3804 3211 ut
3842 3178 3851 3187 ο

385 3245 701 3315 est,pacem
733 3244 1041 3310 habemus,
1074 3244 1310 3315 quando
1358 3221 1506 3300 nulli
1556 3244 1826 3314 facimus,
1877 3246 2033 3301 unde
2065 3221 2107 3290 α
2144 3250 2513 3303 convertatur
2541 3251 2598 3303 et
2642 3246 2748 3303 tibi
2796 3244 3218 3303 reconcilietur.
3267 3244 3370 3301 Vel
3421 3244 3470 3301 si
3517 3221 3801 3312 noluerit,

388 3331 595 3389 debeat
613 3349 743 3390 esse
768 3332 937 3389 nobis
967 3333 1267 3402 inimicus,
1301 3334 1536 3405 quando
1568 3334 1831 3390 omnium
1880 3335 2035 3389 bona

383 3419 658 3478 volumus
688 3426 745 3478 et
774 3420 1093 3495 querimus
1123 3423 1357 3495 quando
1405 3439 1509 3495 pro
1558 3423 1785 3480 Christo
1833 3424 1918 3480 eis
1946 3422 2035 3479 lu-

385 3509 622 3566 crandis
650 3526 686 3565 a
714 3509 1065 3583 perfectione
1114 3515 1314 3567 nostra
1343 3527 1458 3566 non
1501 3510 1852 3568 relaxamus.
1886 3511 2032 3568 Cum

384 3596 603 3669 quibus
646 3598 930 3653 debemus
985 3590 1197 3656 habere
1255 3615 1458 3671 pacem
1514 3617 1648 3656 cum
1701 3600 1836 3669 Deo,
1897 3618 2031 3657 cum

383 3684 582 3742 anima
605 3689 827 3755 nostra,
861 3702 995 3742 cum
1043 3688 1329 3760 proximis
1381 3688 1618 3756 nostris,
1664 3692 1785 3744 tam
1824 3690 2032 3748 amicis

380 3790 561 3847 quam
592 3773 1207 3833 inimicis.Habeamus
1236 3776 1419 3850 igitur
1444 3793 1646 3850 pacem
1678 3794 1812 3834 cum
1834 3778 1948 3835 Deo
1979 3781 2031 3838 ei

380 3862 726 3932 obediendo,
757 3866 815 3921 et
839 3865 967 3937 ejus
1008 3864 1317 3937 voluntati,
1350 3870 1636 3939 quantum
1687 3884 2026 3940 possumus,

381 3953 1115 4011 concordando.Habemus
1146 3972 1349 4027 pacem
1380 3956 1711 4025 nobiscum,
1744 3957 2028 4015 animales

379 4046 577 4100 motus
588 4047 867 4101 etsensus
889 4043 1121 4117 spiritui
1144 4045 1803 4113 subdendo,habeamus
1822 4064 2026 4120 pacem

378 4147 513 4188 cum
546 4131 773 4201 amicis,
805 4132 939 4190 illos
968 4133 1084 4190 Deo
1115 4133 1444 4202 amicando,
1466 4134 1793 4191 habeamus
1824 4154 2025 4210 pacem

378 4238 515 4279 cum
544 4221 968 4290 inimicis,illos
1000 4223 1116 4279 Deo
1139 4224 1586 4281 reconciliando.
1619 4227 1705 4281 Ad
1738 4226 1847 4284 hoc
1867 4229 2023 4285 enim

376 4309 659 4367 debemus
674 4310 1133 4368 familiaritatem
1157 4312 1529 4383 malorum,et
1549 4331 1808 4371 amorem
1832 4316 2026 4373 inimi-

376 4413 579 4456 corum
610 4402 863 4473 captare,
898 4403 964 4458 ut
1009 4418 1108 4459 eos
1154 4402 1306 4459 bono
1334 4402 1530 4472 verbo,
1574 4408 1632 4460 et
1674 4404 1937 4479 exemplo
1967 4411 2024 4463 et

375 4488 810 4548 conversatione
838 4489 1135 4564 possimus
1152 4491 1268 4548 Deo
1284 4490 1798 4551 lucrifacere.Hinc
1818 4511 2025 4567 praece-

373 4576 463 4651 pit
491 4577 706 4635 Paulus
744 4578 923 4646 fideli,
952 4583 1021 4635 ut
1067 4579 1290 4637 habitet
1335 4596 1470 4635 cum
1518 4580 1762 4649 infideli,
1818 4600 2015 4640 secum
2048 4596 2096 4661 Ι)

371 4665 636 4725 habitare
664 4667 1138 4725 consentienti.Ei
1172 4667 1221 4725 si
1252 4685 1368 4725 non
1397 4671 1709 4741 consentit,
1734 4672 2014 4730 discedat.

371 4755 582 4815 Melius
609 4761 701 4814 est
728 4757 885 4814 enim
936 4773 1231 4831 quemque
1279 4756 1472 4815 solum
1504 4758 1725 4817 salvare
1755 4762 2015 4819 animam

370 4862 560 4917 suam,
590 4862 769 4921 quam
798 4863 933 4903 cum
964 4845 1076 4903 alio
1107 4847 1316 4920 perire.
1351 4846 1492 4904 Inde
1537 4849 1818 4908 Dominus
1843 4868 1856 4907 :
1888 4856 2014 4909 Non

367 4935 733 5008 veni,inquit,
762 4952 961 5006 pacem
990 4936 1223 4993 mittere
1250 4937 1309 4993 in
1339 4945 1582 5005 terram,
1604 4940 1706 4995 sed
1732 4941 2011 5011 gladium.

372 5024 515 5082 Veni
528 5025 686 5081 enim
726 5041 1015 5096 separare
1041 5026 1225 5099 filium
1259 5042 1299 5083 a
1325 5035 1496 5096 patre
1527 5029 1753 5101 (Matth.
1787 5031 1867 5101 Χ),
1900 5035 2009 5087 etc.

367 5112 516 5168 Cum
545 5113 777 5170 diabolo
807 5132 939 5174 vero
977 5120 1036 5173 et
1081 5133 1215 5172 cum
1262 5115 1439 5186 vitiis,
1475 5134 1590 5172 non
1642 5134 1865 5189 pacem,
1911 5120 2013 5176 sed

367 5200 586 5257 bellum
636 5218 870 5277 semper
912 5204 1254 5273 habeamus,
1288 5205 1518 5263 diabolo
1566 5206 1912 5276 resistendo,
1960 5213 2017 5264 et

364 5288 511 5346 vitia
537 5290 609 5347 de
638 5290 807 5348 nobis
837 5297 893 5349 et
917 5293 1048 5350 aliis
1077 5295 1446 5352 eradicando.
1476 5295 1591 5350 Nec
1620 5296 1901 5354 debemus
1929 5299 2015 5355 vi-

365 5378 467 5435 tiis
495 5382 553 5436 et
581 5380 836 5454 peccatis
866 5382 1084 5438 nostris
1113 5382 1436 5458 indulgere,
1454 5384 1554 5441 sed
1576 5385 1709 5459 plus
1739 5389 2013 5461 persequi

366 5468 428 5524 in
453 5469 622 5527 nobis
643 5485 821 5543 quam
850 5468 909 5525 in
942 5470 1073 5528 aliis
1102 5476 1158 5528 et
1175 5472 1471 5529 inimicam
1493 5491 1727 5532 carnem
1752 5482 2013 5535 nostram

366 5557 627 5624 domare,
679 5561 744 5614 ut
798 5558 1051 5631 spiritui,
1098 5562 1207 5619 etsi
1258 5578 1373 5617 non
1425 5566 1751 5636 concordet,
1804 5568 2012 5625 saltem

367 5646 855 5713 cedat.Quantum
878 5647 954 5706 sit
978 5652 1174 5706 autem
1196 5652 1519 5723 appetenda
1538 5669 1672 5711 vcra
1693 5672 1806 5727 pax
1822 5661 2016 5715 osten-

2141 3353 2418 3411 congeres
2449 3336 2729 3393 carbones
2760 3335 2956 3391 aeterni
2980 3335 3253 3408 supplicii
3278 3335 3336 3389 in
3359 3340 3541 3408 caput
3560 3336 3803 3407 ejus.Eo

2140 3425 2296 3482 enim
2315 3426 2469 3497 quod
2484 3442 2589 3481 nec
2608 3443 2712 3498 per
2723 3423 3002 3481 beneflcio
3024 3422 3278 3497 mitigari
3304 3422 3799 3497 noluerit,p1usin

2140 3513 2367 3571 inferno
2397 3512 2771 3570 cruciabitur.
2804 3515 2937 3571 Noli
2958 3514 3170 3571 vinci‘a
3198 3514 3372 3569 malo.
3399 3514 3447 3568 A
3477 3511 3643 3570 malo
3674 3512 3799 3569 vin-

2140 3603 2309 3673 citur,
2367 3604 2466 3677 qui
2516 3604 2739 3661 malum
2787 3620 2893 3677 pro
2952 3603 3106 3660 malo
3153 3604 3393 3660 reddere
3436 3608 3737 3674 conatur;
3768 3621 3801 3659 a

2140 3693 2295 3750 malo
2323 3693 2592 3762 vincitur,
2617 3693 2717 3767 qui
2747 3694 2819 3750 de
2848 3692 3012 3749 illata
3042 3692 3259 3765 injuria
3287 3692 3694 3749 deterioratur
3722 3711 3738 3762 ;
3766 3710 3799 3748 a

2140 3782 2294 3840 malo
2317 3783 2591 3854 vincitur,
2614 3782 2711 3857 qui
2747 3782 3140 3857 malignorum
3166 3781 3539 3856 prosperitati
3560 3783 3803 3840 aemula-

2137 3873 2369 3932 tur.Sed
2398 3873 2579 3943 vince,
2614 3873 2828 3945 inquit,
2861 3873 2920 3928 in
2951 3874 3093 3930 bona
3119 3874 3357 3930 malum.
3393 3873 3560 3928 Tunc
3613 3872 3798 3929 vincis

2137 3962 2196 4018 in
2227 3962 2378 4019 bono
2411 3960 2655 4029 malum,
2690 3962 2925 4035 quando
2970 3961 3195 4018 illatam
3242 3961 3526 4034 injuriam
3558 3979 3671 4034 per
3700 3979 3801 4035 pa-

2135 4051 2402 4108 tientiam
2435 4068 2699 4124 superas,
2730 4052 2965 4124 quando
3010 4050 3318 4108 inimicum
3347 4067 3453 4123 per
3509 4050 3804 4108 beneficia

2132 4141 2240 4197 tibi
2289 4139 2649 4210 reconcilies,
2700 4140 2934 4212 quando
2992 4139 3180 4196 malos
3211 4140 3366 4195 bono
3417 4138 3699 4213 exemplo
3729 4139 3800 4197 ad

2132 4228 2375 4285 meliora
2420 4228 2651 4285 invitas.
2684 4229 2846 4293 Quod
2879 4228 3068 4296 nobis,
3114 4229 3325 4285 fratres
3352 4227 3495 4297 mei,
3522 4232 3584 4284 et
3631 4230 3799 4287 vobis

2132 4317 2451 4391 adimplere
2481 4320 2760 4375 concedat
2789 4317 2889 4391 qui
2921 4335 3025 4391 pro
3072 4316 3330 4375 inimicis
3360 4317 3487 4373 suis
3518 4319 3801 4388 oravit,et

2131 4409 2392 4465 animam
2407 4426 2576 4466 suam
2589 4408 2806 4483 posuit,
2844 4407 3126 4465 Dominus
3157 4411 3355 4464 noster
3385 4407 3565 4465 Jesns
3600 4407 3801 4466 Chris-

2129 4502 2246 4555 tus.
2274 4500 2481 4555 Amen.

2682 4584 2987 4642 HOMILIA
3025 4584 3217 4642 XXIII.

2413 4692 2677 4733 DOMINICA
2711 4693 2912 4732 TERTIA
2951 4692 3090 4732 ΡΟΒΤ
3125 4690 3493 4731 ΕΡΙΡΗΛΧΙΑΠ.

2194 4765 2574 4822 Descendente
2590 4769 2731 4823 Jesu
2752 4766 2823 4821 de
2842 4772 3265 4831 monte,secutaz
3283 4773 3417 4821 sunt
3440 4779 3577 4820 eum
3603 4767 3793 4823 turba:

2121 4856 2318 4911 multm
2365 4856 2585 4927 (Matth.
2619 4855 2757 4925 vnn),
2799 4857 2857 4910 et
2907 4851 3150 4925 reliqua.
3210 4850 3451 4909 Duobus
3506 4854 3789 4926 capitulis

2124 4943 2508 5017 distinguitur
2537 4942 2656 4998 haec
2682 4941 3093 5010 lectio,fratres
3116 4940 3545 4999 charissimiln
3568 4944 3788 5015 primo,

2122 5036 2375 5106 quatuor
2403 5031 2798 5088 ostenduntur
2829 5047 2842 5085 :
2868 5029 3057 5102 primo
3095 5028 3432 5086 ostenditur
3472 5028 3693 5088 Jesum
3724 5032 3789 5088 de

2123 5124 2322 5177 monte
2352 5119 3036 5188 descendentem,turbas
3062 5116 3279 5174 multas
3300 5122 3535 5175 secutas
3558 5117 3785 5187 fuisse;

2124 5210 2400 5277 secundo,
2426 5225 2697 5265 accessus
2726 5207 2939 5282 leprosi
2970 5208 3042 5264 ad
3064 5207 3266 5264 Jesum
3291 5224 3305 5275 ;
3338 5204 3532 5274 tertio,
3554 5207 3787 5264 curatio

2122 5298 2284 5370 ejus;
2321 5301 2528 5370 quarto
2557 5296 2891 5370 przecipitur
2918 5296 2967 5352 ei
3002 5313 3073 5353 ne
3105 5294 3199 5353 cui
3232 5295 3409 5361 dicat,
3442 5296 3546 5351 sed
3588 5313 3783 5352 sacer-

2122 5386 2358 5443 dotibus
2379 5404 2441 5443 se
2466 5387 2754 5443 ostendat.
2777 5386 2870 5442 Ait
2890 5384 3071 5459 igitur
3102 5401 3116 5440 :
3152 5385 3533 5442 Descendente
3547 5389 3699 5451 Jcsu
3716 5388 3785 5442 de

2119 5486 2546 5543 monte,secutaz
2573 5486 2705 5534 sunt
2732 5493 2866 5534 eum
2896 5477 3081 5533 turbae
3108 5478 3324 5533 multm.
3358 5475 3509 5541 Quid
3542 5477 3781 5543 est,t‘ra-

2120 5572 2241 5625 tres
2297 5567 2432 5635 mei,
2468 5568 2620 5641 quod
2677 5567 2880 5624 Jesum
2939 5567 3393 5623 descendentem
3448 5565 3522 5621 de
3575 5570 3781 5622 monte

2123 5660 2331 5715 secutae
2364 5660 2502 5715 sunt
2558 5673 2692 5715 eum
2748 5657 2932 5715 turba:
2990 5656 3209 5727 multae,
3243 5654 3356 5713 nisi
3397 5654 3541 5727 quia
3566 5655 3779 5714 Jesum
