3984 6082
401 342 552 406 1751

1397 344 1796 413 ADDENDA.
1833 377 1910 386 —
1947 341 2350 414 BADULPHI
2394 343 2812 412 ARDENTIS.

3664 343 3694 403 1
3707 345 3829 406 753

405 477 548 544 dum
569 491 698 534 esse
711 474 1241 546 demonstraret;ob
1265 475 1525 550 mysterii
1546 475 2060 549 significationem,
2091 475 2148 544 Α
2175 478 2314 538 dare
2349 475 2472 536 solo
2500 479 2677 538 verbo
2707 478 3020 539 sanitatem
3067 477 3334 547 credidit,
3369 477 3616 537 credens
3645 478 3832 536 etiam

407 570 476 624 ut
512 566 801 622 malorum
849 571 1218 639 peccatorum
1276 566 1523 638 lepram,
1573 566 1834 639 indigere
1883 584 2055 640 opere

410 655 828 724 satisfactionis
865 656 1237 728 signiﬁcaret.
1285 655 1552 711 Veniales
1612 659 1808 712 autem
1851 657 2056 729 culpae,

412 745 542 802 sine
569 745 762 817 operis
794 744 1370 817 satisfactionc,sazpe
1402 745 1880 802 dimittuntur.At
1898 746 2062 818 lepra

412 835 654 906 majoris
685 833 946 889 criminis
976 834 1201 906 indiget
1233 852 1409 890 manu
1443 835 1880 892 satisfactionis.

487 923 764 996 Sequitur
789 939 926 994 pars
955 928 1184 995 quarta,
1219 941 1350 980 cum
1385 924 1632 981 dicitur:
1673 925 1816 990 Vide,
1848 926 2062 982 nemini

416 1013 644 1070 diceris.
676 1013 778 1069 Sed
795 1013 946 1079 vade,
981 1014 1194 1069 ostende
1250 1021 1299 1072 te
1352 1015 1634 1081 sacerdoti,
1668 1023 1718 1070 et
1766 1015 1900 1086 offer
1936 1031 2062 1069 mu-

415 1119 522 1159 nus
551 1101 690 1173 quod
731 1102 994 1173 praecepit
1037 1105 1253 1173 Moyses
1312 1105 1371 1159 in
1428 1105 1797 1159 testimonium
1827 1104 1963 1160 illis.
1999 1104 2062 1160 1n

419 1192 528 1249 hoc
554 1195 774 1257 autem,
806 1191 1016 1246 fratres
1047 1190 1400 1258 charissimi,
1454 1192 1608 1263 quod
1648 1193 1920 1265 praecepit
1950 1193 2067 1248 Do-

419 1281 620 1337 minus
648 1283 849 1337 curato
879 1278 1128 1351 leproso,
1180 1281 1288 1336 hoc
1343 1280 1694 1336 miraculum
1753 1281 1944 1349 silere,
1978 1281 2064 1338 in-

421 1369 596 1426 struit
625 1372 826 1437 nos,ut
853 1369 914 1423 in
943 1369 1112 1425 bonis
1143 1387 1270 1441 quae
1301 1369 1701 1437 facimus,non
1732 1371 2061 1441 hominum,

421 1461 524 1516 sed
555 1457 736 1516 solius
765 1457 864 1514 Dei
895 1457 1100 1514 laudes
1132 1476 1484 1531 quaeramus.
1511 1461 1572 1516 In
1604 1461 1713 1517 hoc
1743 1478 1876 1517 vero
1910 1461 2063 1533 quod

419 1548 518 1604 ille
549 1547 899 1604 miraculum
961 1547 1239 1620 publicat,
1275 1550 1714 1606 demonstratur
1769 1552 1921 1622 quod
1955 1552 2065 1606 Do-

422 1639 620 1696 minus
651 1642 988 1693 sanctorum
1019 1638 1262 1694 virtutes
1320 1656 1434 1694 non
1464 1638 1590 1695 vult
1617 1639 1820 1708 latere,
1851 1641 1948 1696 sed
1983 1641 2067 1697 eis

421 1727 620 1786 invitis
651 1729 722 1783 ad
754 1725 1066 1783 utilitatem
1087 1727 1336 1784 aliorum
1351 1728 1882 1801 manifestat,juxta
1913 1732 2067 1803 quod

424 1817 551 1891 ipse
581 1817 702 1873 ait:
730 1819 892 1873 Nemo
939 1817 1183 1873 accendit
1239 1819 1540 1884 lucernam,
1570 1828 1620 1875 et
1662 1821 1718 1874 in
1760 1821 2068 1877 abscondito

420 1909 602 1982 ponit,
633 1909 725 1964 sed
751 1925 916 1980 super
937 1909 1346 1976 candelabrum,
1381 1917 1440 1964 ut
1487 1909 1661 1966 luceat
1699 1911 1948 1966 omnibus
1978 1911 2076 1982 qui

427 1999 489 2055 in
511 1997 666 2054 domo
692 2000 984 2069 sunt(Luc.
1017 1997 1096 2070 ιι).
1133 1997 1399 2071 Praecipit
1421 2015 1554 2054 vero
1605 2013 1741 2055 eum
1771 2001 2075 2056 ostendere

430 2107 493 2147 se
524 2089 830 2159 sacerdoti,
872 2093 938 2144 ut
966 2105 1137 2145 nemo
1168 2089 1240 2144 de
1289 2106 1399 2145 sua
1427 2089 1768 2161 poenitentia
1795 2090 2070 2156 confidat,

433 2181 535 2237 sed
567 2181 639 2236 ad
669 2179 977 2235 arbitrium
1011 2179 1332 2236 sacerdotis
1362 2179 1720 2248 satisfaciat;
1753 2183 1811 2235 et
1841 2181 2077 2252 propter

431 2269 785 2328 inobedienti
795 2287 888 2326 am
906 2274 964 2326 et
979 2274 1379 2342 contemptum
1401 2271 1622 2344 lepram
1645 2271 1909 2328 criminis
1931 2272 2077 2329 redi-

431 2362 627 2414 turam
658 2358 882 2426 timeat,
910 2359 1023 2416 nisi
1080 2360 1368 2416 sacerdoti
1425 2378 1528 2432 per
1555 2362 1981 2418 confessionem
2015 2380 2076 2419 se

429 2449 717 2505 ostendat.
749 2449 1016 2522 Praecipit
1045 2449 1224 2506 etiam
1275 2450 1480 2506 offerre
1519 2468 1756 2520 munus,
1791 2457 1855 2508 ut
1885 2452 2074 2527 legem

427 2555 490 2595 se
519 2555 635 2594 non
659 2538 881 2595 solvere
912 2541 1199 2607 ostendat,
1235 2543 1301 2595 ut
1356 2541 1708 2597 mundatum
1758 2560 1792 2598 a
1840 2547 2075 2616 peccato

427 2629 544 2684 Deo
567 2644 736 2701 agere
787 2632 982 2702 grates
1028 2629 1283 2696 edoceat,
1319 2633 1384 2684 ut
1437 2630 1762 2687 oblationes
1807 2633 2075 2688 sacerdo-

428 2716 588 2772 tibus
620 2715 916 2774 faciendas
941 2717 1324 2790 demonstret,
1358 2723 1424 2774 ut
1467 2719 1552 2776 eis
1582 2719 1640 2775 in
1674 2721 2075 2778 testimonium

431 2805 554 2874 fiat,
587 2804 674 2861 vel
706 2805 860 2874 ﬁdei,
895 2806 943 2862 si
975 2808 1230 2877 credant,
1264 2807 1354 2864 vel
1403 2809 1816 2878 damnationis,
1869 2812 1919 2867 si
1959 2829 2075 2868 non

433 2896 691 2954 credant.

503 2989 642 3044 Cum
660 2995 842 3044 autem
870 2989 1124 3043 intrasset
1161 2987 1568 3060 Capharnaum,
1604 2992 1711 3045 etc.
1745 2991 1811 3046 In
1843 2990 1951 3046 hoc
1982 3007 2078 3047 se-

434 3077 628 3132 cundo
659 3077 932 3149 capitulo,
969 3077 1178 3134 fratres
1208 3078 1562 3149 charissimi,
1595 3078 1784 3152 primo
1815 3082 2078 3136 conside-

432 3167 630 3222 randas
661 3170 799 3222 sunt
823 3167 1066 3222 virtutes
1096 3166 1277 3234 hujus
1299 3167 1891 3235 centurionis,deinde
1923 3170 2077 3226 circa

2171 569 2326 642 quod
2350 569 2503 628 sicut
2525 571 2648 642 ipse
2678 570 2803 628 suis
2829 571 3120 628 militibus
3150 571 3499 643 imperabat,
3524 575 3580 626 et
3603 586 3714 642 per
3734 587 3835 626 eos

2167 659 2528 718 voluntatem
2561 678 2728 718 suam
2763 659 3060 732 implebat,
3079 659 3160 716 ita
3175 660 3458 717 Dominus
3481 663 3718 732 poterat
3737 677 3836 715 an-

2141 747 2314 821 ‘gelis
2346 749 2652 821 imperare,
2679 753 2736 804 et
2766 767 2869 821 per
2898 766 2996 806 eos
3028 750 3185 821 quod
3217 748 3387 805 vellet
3416 749 3834 813 facere,diesre

2171 838 2504 914 aegritudini
2554 843 2619 894 ut
2665 839 2919 908 recedat,
2946 843 3004 896 et
3050 839 3366 906 recederet,
3398 844 3453 894 et
3493 838 3744 894 sanitati
3771 842 3834 893 ut

2169 930 2383 992 veniat,
2418 932 2473 984 et
2496 928 2736 984 veniret.
2772 929 2840 984 Et
2891 929 3032 1000 quia
3077 927 3164 986 sic
3211 927 3476 996 credidit,
3515 945 3551 982 a
3576 927 3831 983 Domino

2172 1019 2388 1076 meruit
2433 1019 2682 1086 laudari,
2713 1022 2771 1076 et
2817 1019 2973 1091 quod
3033 1016 3430 1091 postulaverat
3486 1017 3826 1089 impetrare.

2172 1108 2478 1164 Discamus
2527 1111 2584 1164 et
2631 1125 2758 1175 nos,
2800 1109 3008 1165 fratres
3057 1105 3410 1173 charissimi,
3442 1106 3668 1162 habere
3697 1105 3828 1161 ﬁdei

2173 1196 2476 1263 fervorem,
2511 1196 2787 1268 quoniam
2824 1197 2952 1269 ipse
2981 1195 3266 1252 Dominus
3297 1195 3406 1252 ait:
3438 1197 3639 1252 Omnia
3663 1196 3810 1266 passi

2176 1286 2314 1341 bilia
2339 1293 2467 1342 sunt
2496 1285 2736 1342 credenti
2769 1287 2966 1358 (Mare.
2987 1288 3086 1354 xx).
3111 1284 3514 1342 Humilitatem
3548 1300 3825 1357 magnam

2174 1374 2400 1442 habuit,
2429 1375 2708 1449 quoniam
2749 1375 3060 1449 indignum
3112 1391 3176 1433 se
3223 1373 3532 1447 reputavit,
3565 1373 3728 1445 quod
3759 1372 3826 1428 ad

2175 1479 2308 1520 eum
2337 1463 2657 1532 accederet,
2691 1465 2846 1536 quod
2879 1482 2983 1537 per
3012 1481 3075 1523 se
3113 1481 3250 1521 eum
3295 1466 3545 1535 rogaret,
3580 1461 3742 1536 quod
3772 1461 3825 1519 in

2178 1569 2345 1612 suam
2380 1553 2621 1608 domum
2653 1552 2938 1610 Dominus
2957 1553 3220 1611 intraret.
3237 1555 3380 1610 Cum
3405 1552 3568 1610 enim
3591 1549 3830 1624 gentilis

2176 1645 2350 1711 esset,
2384 1657 2499 1696 non
2531 1657 2634 1713 per
2659 1644 2858 1708 se,sed
2889 1660 2992 1715 per
3021 1643 3281 1700 seniores
3312 1642 3643 1699 Dominum
3669 1656 3830 1713 ruga-

2175 1734 2354 1790 verat.
2389 1729 2506 1784 Hoc
2565 1729 2828 1802 exemplo
2885 1731 3185 1790 discamus
3235 1734 3294 1786 et
3334 1747 3462 1796 nos,
3496 1730 3736 1794 fratres,
3766 1727 3833 1784 de

2102 1842 2150 1923 Β
2183 1818 2352 1874 nobis
2377 1816 2678 1874 humiliter
2697 1819 2934 1885 sentire,
2951 1820 3010 1876 in
3028 1819 3306 1877 omnibus
3327 1836 3433 1878 nos
3450 1815 3834 1923 indigncsju-

2185 1909 2398 1976 dicare,
2425 1923 2540 1970 non
2572 1925 2701 1966 esse
2727 1910 2938 1983 dignos
2967 1910 3069 1982 qui
3099 1926 3196 1967 ore
3226 1912 3426 1966 nostro
3457 1906 3686 1981 polluto
3703 1922 3832 1964 eum

2182 2015 2476 2071 rogemus,
2509 1999 2612 2056 sed
2645 2016 2746 2072 per
2783 2000 3262 2059 intercessionem
3308 2003 3652 2057 sanctorum
3701 2012 3829 2056 eum

2183 2089 2257 2152 ad
2277 2088 2462 2144 nostri
2493 2089 2954 2148 misericordiam
2985 2089 3360 2148 inclinemus.
3378 2087 3608 2160 Corpus
3633 2089 3688 2140 et
3708 2100 3832 2139 san-

2183 2179 2423 2251 guinem
2455 2179 2725 2247 suum,in
2754 2181 2970 2236 fmdum
3002 2178 3324 2252 hospitium
3356 2176 3624 2250 corporis
3652 2172 3828 2234 nostri

2185 2268 2633 2326 reformidemus
2664 2268 2980 2342 suscipere,
3009 2285 3124 2325 non
3153 2268 3282 2325 ideo
3305 2267 3460 2340 quod
3484 2266 3546 2322 in
3571 2264 3828 2324 foeditate

2187 2375 2420 2416 manere
2449 2357 2836 2426 velimus,sed
2867 2363 2933 2415 ut
2963 2358 3152 2432 magis
3183 2357 3392 2422 mundi
3421 2359 3480 2414 et
3510 2356 3678 2429 digni
3709 2370 3827 2412 esse

2184 2449 2560 2506 desudamus.
2594 2448 2758 2512 Ecce,
2793 2447 3020 2512 fratres,
3053 2450 3111 2504 et
3150 2447 3262 2504 iste
3315 2446 3580 2504 centurio
3633 2449 3692 2502 et
3733 2445 3826 2501 Ζι-

2185 2538 2380 2594 οὴοιειιδ
2411 2537 2729 2594 Dominum
2759 2537 3210 2604 honoraverunt,
3241 2537 3343 2593 sed
3375 2535 3608 2592 diverso
3642 2534 3828 2592 modo.

2182 2626 2456 2684 Zachsaus
2475 2643 2611 2682 eum
2633 2625 2747 2682 late
2776 2627 3170 2699 suscipiendo,
3190 2626 3299 2682 iste
3321 2642 3382 2682 se
3401 2624 3717 2698 indignum
3748 2639 3828 2679 re-

2185 2717 2467 2790 putando.
2498 2715 2802 2773 Zachaeum
2834 2715 3121 2782 imitatur,
3155 2714 3253 2788 qui
3279 2711 3716 2771 Euoharistiam
3737 2712 3831 2768 trc-

2186 2810 2431 2879 quenter
2460 2809 2516 2861 et
2544 2805 2672 2864 laete
2697 2805 2962 2877 suscipit,
2996 2805 3402 2862 centurionem
3426 2819 3561 2861 vero
3591 2801 3828 2857 imitan-

2185 2900 2301 2963 tur,
2317 2896 2418 2968 qui
2451 2912 2513 2952 se
2545 2894 2816 2967 indignos
2846 2895 3170 2967 reputando
3198 2892 3634 2950 Eucharistiam
3656 2889 3828 2948 susci-

2185 3002 2321 3058 pere
2352 2988 2625 3041 metuunt
2651 2987 2709 3040 et
2757 3001 2818 3040 se
2865 2984 3192 3041 retrahunt.
3227 2983 3372 3040 Hinc
3414 2981 3831 3057 Augustinus:

2187 3073 2588 3143 Quotidianae,
2612 3073 2800 3146 inquit
2826 3074 3042 3133 missas
3070 3073 3380 3141 celebrare,
3400 3089 3508 3134 nec
3529 3071 3714 3128 laudo
3735 3086 3834 3126 nec

2186 3165 2467 3235 vitupero,
2502 3163 2560 3218 id
2600 3168 2688 3219 est
2737 3180 2842 3220 nec
2890 3162 3067 3220 laudo
3115 3161 3396 3236 indignis,
3429 3178 3537 3217 nec
3567 3162 3836 3233 vitupera

433 3271 568 3312 eum
599 3272 773 3326 opera
802 3255 1038 3310 Christi.
1061 3256 1194 3310 Fuit
1224 3256 1378 3312 enim
1409 3257 1504 3312 hic
1534 3258 1794 3314 centurio
1825 3263 2076 3330 quatuor
2105 3237 2146 3303 (ἶ
2186 3252 2398 3326 dignis.
2418 3253 2776 3324 Sapientiam
2803 3269 3077 3326 magnam
3097 3269 3232 3308 vero
3253 3251 3644 3323 habuit,quia
3665 3266 3834 3323 quem

433 3344 665 3416 magnis
684 3342 999 3399 virtutibus
1016 3342 1263 3416 insignis
1276 3344 1513 3401 ctnobis
1534 3344 2080 3403 imitabilisllabuit

433 3435 647 3506 quippe
677 3432 1158 3499 misericordiam,
1197 3432 1393 3498 fidem,
1449 3433 1840 3489 humilitatem
1891 3439 1948 3491 et
1980 3454 2078 3490 sa-

432 3522 731 3594 pientiam.
766 3521 1246 3590 Misericordiam,
1281 3539 1398 3588 qua
1447 3522 1772 3578 infirmitati
1806 3526 1895 3580 sui
1929 3525 2077 3581 servi

432 3609 805 3682 compatitur,
840 3610 981 3665 dum
1012 3626 1115 3682 per
1143 3610 1401 3666 seniores
1431 3612 1788 3681 Judaeorum,
1821 3619 1889 3670 ut
1927 3614 2080 3670 alius

432 3697 788 3771 evangelista
815 3702 1082 3766 testatur,
1109 3699 1420 3756 Dominum
1453 3705 1636 3774 rogat,
1659 3706 1734 3769 et,
1772 3707 1837 3758 ut
1881 3704 2078 3759 Domi-

437 3804 578 3843 num
611 3786 801 3859 magis
832 3788 902 3843 ad
937 3787 1399 3844 misericordiam
1431 3789 2076 3858 commoveat,dolorem

435 3876 584 3933 servi
611 3875 1021 3932 miserabiliter
1049 3881 1378 3950 exaggerat.
1425 3881 1490 3932 In
1533 3878 1724 3933 tribus
1755 3879 1913 3936 enim
1945 3897 2080 3936 eum

434 3966 826 4022 miserabilem
854 3967 1248 4024 demonstrat:
1284 3966 1438 4038 quod
1465 3967 1648 4038 jacet,
1673 3969 1828 4039 quod
1860 3969 2082 4042 paraly-

433 4056 606 4121 ticus,
640 4057 794 4127 quod
828 4055 978 4111 male
1011 4059 1335 4128 torquetur.
1383 4056 1543 4112 Sicut
1586 4057 1742 4113 enim
1773 4059 1970 4129 jacere
1993 4063 2083 4114 est

434 4144 663 4216 requies
696 4161 858 4212 sano,
893 4144 975 4200 ita
1016 4149 1106 4200 est
1146 4149 1504 4202 tormentum
1553 4146 1786 4202 infirmo
1810 4165 1822 4216 ;
1850 4147 2080 4221 paraly-

432 4232 670 4298 ticus,id
701 4236 790 4288 est
805 4232 996 4289 officio
1018 4235 1416 4291 membrorum
1438 4235 2080 4309 dissolutus.Paralysis

432 4321 609 4388 enim,
642 4321 926 4379 dissolutio
975 4321 1410 4394 interpretatur.
1445 4325 1516 4379 Et
1544 4325 1684 4396 quia
1725 4325 1809 4382 sic
1841 4330 2080 4398 possent

432 4411 597 4468 arida
625 4411 887 4468 membra
919 4428 1047 4467 esse
1093 4411 1247 4484 quod
1295 4429 1363 4468 ea
1421 4429 1537 4468 non
1597 4413 1835 4482 doleret,
1869 4414 1985 4471 ait:
2018 4417 2087 4470 Et

429 4503 575 4559 male
601 4508 903 4574 torquetur.
938 4501 1129 4572 Hujus
1156 4500 1442 4573 exemplo,
1476 4501 1683 4558 fratres
1723 4501 2076 4571 charissimi,

2186 3361 2289 3415 per
2316 3342 2740 3400 humanitatem
2770 3341 2829 3397 in
2862 3359 2980 3397 uno
3011 3341 3136 3397 loco
3172 3341 3406 3397 videbat
3434 3357 3584 3406 esse,
3620 3338 3834 3396 intelli-

2187 3433 2359 3505 gebat
2390 3431 2532 3500 nulli
2566 3432 2826 3487 locorum
2859 3448 2961 3502 per
2989 3431 3355 3497 divinitatem
3394 3431 3618 3486 deesse.
3656 3430 3836 3499 Hujus

2188 3521 2452 3594 exemplo
2485 3522 2812 3586 credamus,
2830 3521 3037 3577 fratres
3070 3519 3834 3590 charissimi,Chri.stumita

2188 3629 2292 3684 per
2320 3610 2745 3666 immanitatem
2777 3628 2904 3666 esse
2934 3610 2994 3666 in
3021 3610 3204 3678 caelis,
3237 3611 3390 3683 quod
3420 3627 3526 3682 per
3564 3608 3832 3664 divinita-

2187 3703 2305 3756 tem
2329 3700 2494 3755 adest
2515 3701 2790 3756 omnibus
2811 3699 2975 3756 locis.
3001 3698 3452 3756 Consideremus
3470 3716 3504 3753 θ
3523 3697 3833 3762 contrario,

2189 3789 2395 3845 fratres
2426 3787 2758 3846 charissimi
2790 3789 2848 3843 in
2876 3788 3412 3860 Christo,quatuor,
3437 3786 3838 3860 dignationem

2190 3877 2345 3944 ﬁdei,
2379 3877 2736 3933 centurionis
2768 3877 3361 3945 commendationem,
3383 3876 3760 3950 prophetiam
3777 3875 3840 3930 de

2189 3966 2468 4024 electione
2497 3966 2781 4040 gentium,
2803 3969 2860 4022 et
2877 3966 3280 4039 reprobatione
3309 3967 3680 4030 Judaeorum,
3703 3964 3839 4038 peti-

2189 4055 2368 4112 tionis
2397 4055 2847 4118 exauditionem.
2882 4056 3094 4128 Magna
3140 4055 3403 4128 dignatio
3449 4053 3670 4111 Christi
3717 4055 3838 4116 fuit,

2189 4145 2424 4217 quando
2443 4143 2743 4218 respondit
2760 4161 2770 4197 :
2787 4145 2894 4215 Ego
2915 4147 3154 4212 veniam,
3171 4153 3223 4201 et
3241 4145 3446 4199 mtabo
3463 4160 3588 4199 eum
3601 4143 3712 4198 ,Λᾶ
3728 4159 3838 4198 ser-

2187 4234 2571 4299 vum,fratres
2602 4233 2871 4304 mei,non
2901 4238 3140 4301 vocatus
3162 4251 3225 4291 se
3245 4233 3466 4290 iturum
3497 4232 3794 4305 promittit
3822 4247 3833 4284 :

2187 4323 2270 4378 Ad
2304 4323 2490 4378 tilium
2537 4340 2671 4380 vero
2721 4322 2909 4396 reguli
2959 4323 3311 4396 rogatusire
3351 4320 3565 4387 noluit.
3595 4321 3676 4379 Ut
3703 4321 3834 4396 quid

2187 4412 2298 4468 hoc
2318 4413 2346 4468 ?
2373 4411 2496 4469 Nisi
2528 4417 2594 4468 ut
2623 4418 2886 4474 nostram
2916 4412 3355 4484 perversitatem
3401 4411 3710 4474 retundat,
3742 4408 3836 4483 qui

2188 4501 2395 4557 divites
2421 4501 2781 4557 honoramus
2804 4505 2861 4557 et
2881 4517 3167 4574 pauperes
3194 4499 3730 4558 contemnimuan
3746 4500 3836 4555 ho-

431 4591 728 4647 discamus
760 4589 1035 4662 pietatem
1067 4589 1281 4644 habere
1312 4588 1372 4644 in
1429 4606 1624 4644 servos
1674 4595 1927 4657 nostros,
1961 4609 2076 4648 non
2108 4610 2156 4674 D
2189 4607 2329 4646 nore
2370 4589 2678 4646 hominum
2727 4589 2980 4658 divitias,
3015 4607 3131 4650 non
3162 4595 3455 4657 naturam,
3488 4589 3830 4662 potentiam,

434 4697 531 4736 eos
562 4696 856 4751 spernere,
891 4695 1006 4736 non
1038 4695 1137 4735 eos
1168 4679 1312 4734 dure
1362 4681 1631 4746 tractare,
1667 4696 1781 4734 non
1813 4679 2079 4738 inﬁrmos

433 4768 636 4824 statim
665 4767 970 4840 expellere,
1004 4767 1156 4824 sicut
1185 4766 1426 4839 quidam
1459 4768 1693 4840 superbi
1717 4768 1938 4824 solent:
1975 4771 2075 4826 sed

434 4855 751 4929 diligamus
780 4872 878 4913 eos
910 4858 1189 4927 tanquam
1221 4855 1489 4912 homines
1527 4861 1585 4912 et
1615 4857 1842 4924 fratres,
1876 4875 2076 4915 neces-

435 4945 589 5001 saria
614 4945 698 5001 eis
747 4945 1250 5012 administrcmus,
1284 4945 1560 5001 meritum
1619 4947 1952 5016 reddamus,
1987 4947 2074 5003 in-

436 5033 622 5089 ﬁrmis
654 5035 1209 5091 condescendamus.
1262 5035 1528 5090 Sufficiat
1572 5034 1741 5092 nobis
1771 5038 1925 5108 quod
1959 5037 2076 5093 Deo

435 5123 671 5190 sufficit,
704 5122 753 5177 si
785 5124 855 5177 ab
905 5125 988 5180 eis
1019 5123 1269 5179 colimur
1319 5128 1377 5179 et
1424 5141 1711 5179 amamur.
1745 5126 2078 5198 Cogitemus

435 5211 606 5266 etiam
639 5229 748 5268 nos
779 5215 838 5267 et
865 5228 962 5268 eos
988 5213 1203 5268 habere
1232 5229 1416 5268 unum
1447 5212 1762 5270 Dominum
1793 5215 2076 5272 Deum.Et

433 5299 479 5354 si
513 5301 838 5372 cogitamus
868 5317 966 5357 eos
1019 5317 1214 5358 servos
1271 5301 1599 5374 hominum,
1627 5304 1950 5379 cogitemus
2001 5322 2073 5361 ne

429 5388 574 5443 forte
605 5405 709 5444 nos
742 5388 918 5460 (quod
950 5388 1183 5460 gravius
1201 5392 1500 5462 est)simus
1515 5394 1660 5448 servi
1679 5399 2070 5466 peccatorum.

427 5476 507 5530 Ne
539 5481 1006 5542 contemnamus,
1038 5477 1191 5548 quod
1218 5495 1334 5534 non
1365 5483 2073 5552 contempsitJob,subire

428 5581 564 5620 cum
596 5581 754 5620 servo
787 5568 986 5622 nostro
999 5569 1056 5621 et
1076 5565 1290 5622 ancilla
1311 5569 2068 5639 nostrajudiciumFidem,

437 5652 663 5718 fratres,
709 5652 916 5710 habuit
957 5653 1242 5721 centurio,
1286 5655 1386 5725 qui
1430 5655 1727 5714 Christum
1778 5663 2076 5732 potentem

2188 4696 2304 4735 non
2325 4679 2428 4734 Dei
2451 4678 2768 4751 imaginem
2799 4679 3184 4734 attendentes.
3217 4678 3518 4742 Evitemus
3548 4695 3713 4751 ergo,
3733 4680 3833 4734 fra-

2186 4772 2324 4835 tres,
2359 4785 2742 4841 personarum
2787 4767 3204 4840 acccptionem,
3239 4771 3296 4823 et
3327 4767 3633 4824 discamus
3661 4768 3834 4824 hono-

2186 4875 2314 4914 rare
2338 4858 2396 4912 in
2420 4857 2758 4914 hominibus
2775 4861 3196 4925 naturam,non
3213 4857 3832 4924 fortunam,virtutem,

2187 4964 2303 5004 non
2325 4950 2692 5019 potestatem.
2711 4947 2916 5002 Fidem
2940 4963 3072 5002 vero
3102 4944 3466 5004 centurionis
3493 4946 3712 5010 laudat
3738 4947 3834 5003 Dc-

2187 5036 2405 5103 minus,
2431 5037 2666 5108 quando
2697 5035 2999 5092 admirans
3029 5035 3415 5108 sequentibus
3435 5051 3500 5091 se
3529 5035 3832 5092 dixitzﬂoa

2186 5127 2374 5181 inveni
2411 5133 2624 5181 tantam
2664 5124 2826 5196 ﬁdem
2856 5127 2916 5180 in
2943 5125 3131 5182 Israel.
3167 5125 3294 5181 Non
3326 5128 3523 5188 autem
3552 5126 3612 5180 in
3643 5143 3710 5183 se
3739 5125 3831 5182 mi—

2187 5218 2351 5270 ratur
2381 5214 2482 5286 qui
2512 5213 2564 5269 ei
2604 5213 2780 5270 fidem
2829 5213 2993 5269 illam
3039 5214 3295 5282 dederat,
3327 5215 3432 5278 sed
3462 5230 3603 5270 eum
3635 5215 3702 5270 in
3735 5215 3832 5270 ﬁde

2184 5303 2521 5360 mirandum
2547 5305 2604 5358 et
2632 5303 2988 5360 imitandum
3020 5304 3403 5369 demonstrat,
3421 5303 3522 5376 qui
3553 5304 3692 5361 sine
3721 5304 3828 5376 lege

2183 5397 2241 5450 et
2269 5391 2572 5465 prophetis
2604 5393 2804 5460 credit,
2835 5409 2970 5447 cum
3022 5391 3197 5449 Israel
3248 5409 3352 5465 per
3393 5391 3587 5465 legem
3617 5398 3680 5449 et
3708 5409 3826 5466 pro-

2184 5483 2388 5555 phetas
2420 5481 2660 5537 edoctus
2691 5482 2922 5537 credere
2953 5479 3120 5537 nolit.
3163 5481 3284 5537 Non
3313 5483 3503 5537 inveni
3530 5491 3748 5539 tantum
3769 5483 3826 5553 ﬁ-

2182 5572 2301 5628 dem
2330 5575 2389 5628 in
2419 5570 2607 5641 Israel,
2627 5569 2684 5625 id
2716 5574 2805 5628 est
2831 5571 2894 5626 in
2925 5571 3010 5627 eis
3042 5570 3260 5643 quibus
3289 5575 3432 5627 tunc
3459 5571 3823 5646 praedicabat.

2184 5661 2489 5718 lnvenerat
2535 5658 2694 5726 enim
2737 5659 2900 5733 prius
2929 5659 2988 5717 in
3021 5659 3391 5732 patriar-oms,
3422 5661 3747 5734 prophetis,
3773 5663 3824 5714 et
