3984 6082
189 371 344 442 1ἷ53

191 605 249 656 et
269 600 342 658 de
361 595 770 670 reprobatione
789 596 1147 663 Judaaorum,
1173 612 1308 652 cum
1335 595 1676 667 subjungit:
1707 597 1842 653 Dico

192 698 376 748 autem
405 689 573 752 vobis,
607 686 748 759 quod
773 687 940 746 multi
981 687 1199 742 venient
1243 686 1310 741 ab
1360 684 1582 743 Oriente
1609 693 1660 741 et
1692 685 1841 743 Occi-

189 781 366 846 dente,
400 786 452 836 et
494 776 804 834 recumbent
849 792 975 832 cum
1022 775 1316 840 Abraham,
1359 777 1530 841 Isaac,
1563 783 1615 831 et
1654 776 1835 832 Iacob.

191 870 328 936 Filii
373 875 556 924 autem
601 867 757 938 regni
799 866 1092 936 ejicientur
1145 866 1204 920 in
1260 865 1474 920 tenebas
1520 867 1836 921 exteriores.

191 960 356 1027 Ecce,
390 958 596 1016 fratres
627 953 981 1020 charissimi,
1000 953 1121 1010 haec
1151 953 1456 1026 prophetia
1484 954 1656 1010 hodie
1687 971 1844 1010 com-

194 1047 350 1122 pleta
379 1049 486 1104 est.
520 1045 666 1104 Nam
695 1042 861 1100 electi
889 1060 958 1100 ex
987 1043 1260 1117 gentibus
1289 1060 1358 1100 ex
1387 1046 1508 1099 toto
1539 1043 1839 1112 orbe,cum

196 1137 551 1206 moriuntur,
584 1134 910 1191 ascendunt
951 1133 1012 1188 in
1070 1132 1302 1200 cmlum,
1334 1137 1390 1189 et
1441 1131 1843 1205 gloriﬁcantur

194 1245 331 1285 cum
381 1223 752 1300 patriarchis,
786 1240 1036 1296 quorum
1086 1239 1280 1280 mores
1329 1227 1386 1278 et
1432 1223 1608 1278 fidem
1655 1222 1842 1278 secuti

195 1321 356 1376 sunt.
386 1314 572 1373 Judwi
603 1329 736 1370 vero
767 1313 826 1368 in
857 1313 1074 1385 quibus
1104 1312 1256 1369 Deus
1287 1311 1478 1384 primo
1499 1312 1846 1386 reguavit,et

197 1406 414 1481 quibus
444 1402 758 1476 promissio
791 1401 955 1475 regni
989 1402 1140 1458 facta
1170 1402 1377 1471 fuerat,
1410 1418 1545 1458 cum
1578 1401 1844 1458 moriun-

195 1501 314 1566 tur,
338 1494 656 1554 mittuntur
683 1494 743 1549 in
764 1493 1036 1550 tenebras
1055 1492 1229 1548 exteri
1239 1491 1496 1564 ores,qui
1517 1491 1613 1547 hic
1635 1496 1843 1565 sponte

196 1586 574 1644 incurrerunt
617 1583 891 1640 tenebras
939 1581 1265 1638 interiores.
1306 1583 1391 1638 Ibi
1433 1584 1542 1638 erit
1584 1583 1744 1652 ﬂetus
1795 1589 1847 1638 et

195 1675 404 1734 stridor
431 1674 696 1731 dentium.
727 1673 836 1730 Per
865 1671 1067 1729 ﬂetum
1099 1670 1406 1728 oculorum
1438 1676 1496 1727 et
1531 1671 1844 1728 stridorem

197 1763 464 1824 dentium
495 1762 789 1820 indicatur
829 1777 1136 1834 corporum
1187 1778 1324 1818 vera
1373 1761 1721 1818 resurrectio
1754 1761 1844 1816 fu-

197 1859 354 1946 tura.
387 1855 605 1946 Dentes
629 1851 1014 1946 strident-qui-
1029 1851 1138 1946 hic
1180 1852 1252 1946 de
1281 1850 1584 1946 edacitate
1629 1851 1845 1924 gaude-
1875 1881 1926 1946 Β

199 1943 362 2010 bant,
387 1941 541 2000 oculi
572 1942 714 1998 ﬂent
743 1941 844 2014 qui
877 1939 1082 1998 illicita
1111 1940 1654 2014 cupiebant,lingua
1681 1942 1850 1998 ardet

199 2050 330 2106 quae
361 2031 788 2098 detrahebat,et
818 2029 1090 2087 similiter
1117 2034 1323 2086 caetera
1351 2031 1847 2098 membra,secun-

200 2123 345 2179 dum
369 2121 708 2178 varietatem
735 2119 1349 2186 vitiorum,incurruut
1365 2120 1702 2176 varietatem
1726 2137 1848 2192 pce-

201 2226 435 2268 narum.
471 2209 816 2266 Petiticuem
845 2225 980 2265 vero
1011 2209 1374 2266 centurionis
1411 2209 1636 2282 perficit
1684 2209 1849 2265 Chri-

202 2305 352 2368 stus,
383 2315 519 2356 cum
568 2298 711 2356 dicit
743 2313 756 2352 :
796 2298 950 2363 Vade,
975 2305 1028 2356 et
1061 2300 1206 2354 sicut
1247 2298 1547 2366 credidisti,
1581 2300 1678 2370 ﬁat
1725 2299 1846 2356 tibi.

204 2391 434 2448 Fratres
465 2387 600 2456 mei,
635 2403 917 2460 maguum
939 2391 1028 2443 est
1055 2387 1330 2444 meritum
1361 2388 1517 2454 ﬁdei,
1545 2388 1852 2460 dum,pro-

201 2483 334 2554 pter
359 2479 513 2551 quod
544 2475 790 2535 credidit
818 2477 1005 2532 Deum
1033 2477 1233 2534 omnia
1263 2494 1456 2550 posse,
1474 2477 1693 2534 indicat
1714 2494 1848 2534 eum

203 2567 510 2636 meruisse,
545 2570 601 2624 et
648 2583 751 2638 pro
799 2581 1076 2622 mensura
1123 2566 1256 2622 fidei
1309 2566 1445 2623 facit
1491 2566 1564 2622 ei.
1591 2566 1756 2622 Unde
1793 2569 1852 2622 et

203 2655 478 2712 subditur
508 2671 522 2710 :
551 2657 617 2712 Et
641 2663 869 2711 sanatus
897 2663 976 2711 est
1020 2672 1162 2728 puer
1188 2657 1248 2712 in
1280 2657 1383 2712 illa
1403 2655 1852 2712 hora.Probatur

201 2745 350 2801 ﬁdes
381 2743 636 2811 Domini,
670 2745 810 2799 dum
843 2744 1112 2817 sequitur
1142 2745 1364 2802 sanitas
1409 2745 1578 2800 servi.
1614 2749 1678 2800 In
1711 2761 1846 2817 quo,

204 2834 436 2901 fratres,
481 2832 973 2892 considerandum
1006 2838 1096 2890 est
1114 2837 1401 2906 quantum
1421 2833 1609 2890 valeat
1629 2833 1853 2889 unicui-

203 2939 318 2996 que
351 2923 495 2980 fines
520 2921 774 2995 propria,
810 2939 945 2979 cum
975 2926 1206 2980 tantum
1235 2922 1425 2978 valeat
1470 2922 1675 2979 aliena.
1711 2921 1851 2978 Imi-

200 3017 400 3070 temur
426 3029 563 3084 er-go
592 3010 842 3070 virtutes
871 3012 1044 3068 istius
1064 3012 1510 3080 ceuturionis,et
1529 3011 1855 3068 misericor-

207 3102 387 3172 diam,
421 3101 616 3169 tidem,
649 3100 1064 3172 humilitatem,
1096 3118 1200 3174 per
1227 3101 1543 3158 Dominum
1583 3106 1852 3157 nostrum

205 3193 412 3250 Jesum
437 3189 755 3257 Christum,
788 3191 888 3263 qui
919 3207 1050 3246 cum
1084 3191 1252 3247 Patre
1279 3195 1337 3247 et
1385 3191 1606 3262 Spiritu
1650 3195 1852 3247 sancto

204 3279 350 3338 vivit
378 3283 435 3336 et
463 3283 669 3352 regnat
695 3280 849 3336 Deus
877 3280 936 3335 in
968 3283 1268 3336 aeternum.
1300 3281 1506 3336 Amen.

763 3386 1072 3442 HOMILIA
1117 3387 1304 3442 XXIV.

479 3475 751 3516 DOMINICA
791 3476 1012 3522 QUARTA
1049 3476 1190 3514 POST
1225 3474 1591 3515 BPIPHANIAM.

282 3549 500 3605 Nemini
527 3547 826 3620 quidquam
847 3548 1105 3616 debeatis,
1135 3549 1252 3603 nisi
1280 3556 1341 3604 ut
1371 3550 1606 3604 invicem
1652 3549 1855 3620 dilige»

208 3642 280 3696 tis
311 3638 483 3710 (Rom.
515 3641 660 3704 xm),
694 3641 751 3694 et
797 3636 1042 3710 reliqua.
1079 3639 1144 3692 In
1193 3637 1302 3692 hac
1349 3637 1614 3704 lectione,
1650 3639 1857 3697 fratres

205 3725 684 3794 cbariseimi,tria
713 3726 852 3786 facit
871 3726 1188 3799 Apostolus
1209 3741 1224 3782 :
1249 3726 1444 3782 Primo
1465 3745 1570 3784 nos
1591 3728 1860 3785 hortatur

205 3817 281 3874 ad
305 3815 623 3888 justitiam,
652 3815 914 3871 secundo
938 3815 1011 3871 ad
1043 3815 1434 3883 dilectionem,
1460 3816 1630 3872 tertio
1653 3819 1860 3889 probat

204 3903 579 3962 dilectionem
608 3920 738 3961 esse
765 3903 912 3978 legis
940 3904 1364 3977 impletionem.
1396 3905 1724 3963 Exhortans
1751 3907 1859 3981 igi-

201 3998 305 4050 tur
346 4009 454 4049 nos
501 3993 576 4050 ad
617 3993 931 4049 tenendam
954 3992 1252 4065 justitiam
1283 3992 1366 4048 ait
1397 4009 1410 4048 :
1438 3993 1659 4049 Nemini
1696 3995 1858 4066 quid-

205 4100 373 4157 quam
400 4081 658 4139 debeatis.
694 4082 795 4138 Est
828 4082 984 4138 enim
1012 4080 1264 4151 justitiar
1292 4081 1614 4153 proprium,
1646 4083 1856 4140 fratres

205 4171 345 4242 mei,
379 4170 602 4240 nemini
624 4170 949 4243 quidquam
982 4170 1210 4238 debere,
1236 4170 1340 4226 sed
1362 4170 1681 4243 unicuique
1701 4173 1857 4246 quod

209 4277 389 4319 suum
420 4263 528 4329 est,
561 4260 819 4322 reddere,
853 4263 919 4315 ut
947 4258 1170 4318 scilicet
1199 4259 1536 4329 reddamus,
1561 4259 1713 4316 sicut
1732 4261 1857 4334 ipse

207 4349 525 4424 Apostolus
563 4348 644 4406 ait
689 4349 960 4422 superius
992 4365 1006 4405 ε
1040 4350 1136 4405 cui
1158 4349 1433 4416 honorem,
1467 4350 1743 4418 honorem,
1766 4354 1860 4408 cui

210 4441 500 4504 tnibutum,
534 4439 823 4507 tributum,
851 4440 944 4494 cui
969 4438 1218 4510 vectigal,
1252 4438 1490 4512 vectigal
1519 4437 1858 4510 (Ibid.).}laeo

211 4531 410 4585 autem
432 4525 670 4599 justitia
693 4530 784 4583 est
811 4524 1205 4582 conservatrix
1251 4525 1412 4598 pacis
1458 4531 1516 4582 et
1561 4527 1859 4584 societatis

211 4615 506 4672 hminum.
541 4614 705 4676 Sicut
733 4613 1055 4670 econtrario
1077 4613 1370 4685 injustitia
1413 4632 1528 4670 non
1578 4616 1858 4673 reddendi

212 4704 390 4771 alicui
409 4721 537 4773 sua,
570 4707 661 4760 est
689 4702 1030 4775 dissipatrix
1054 4703 1218 4775 pacis
1243 4707 1303 4759 et
1328 4705 1670 4761 concordiae.
1690 4705 1860 4768 Unde-

213 4793 392 4864 euim,
423 4795 640 4850 fratres.
661 4792 798 4860 mei,
830 4791 904 4848 lis
931 4794 989 4848 et
1015 4791 1328 4861 discordia,
1353 4793 1509 4849 unde
1539 4794 1854 4854 seditiones

215 4886 280 4939 ob
302 4881 634 4951 caedes,nisi:
657 4898 728 4938 ex
753 4881 866 4938 hoc
893 4880 1050 4953 quod
1081 4897 1239 4936 unus
1265 4898 1381 4937 non
1418 4882 1558 4938 facit
1580 4882 1678 4939 alii
1700 4886 1853 4956 quod

213 4972 403 5029 debet.
436 4972 676 5044 Propter
701 4970 832 5040 hoe,
864 4969 1092 5039 fratres,
1123 4969 1310 5026 voluit
1343 4971 1627 5030 Dominus
1656 4973 1716 5028 in
1746 4973 1856 5030 hoc

213 5061 444 5118 mundo.
463 5059 726 5126 ordinari
743 5059 974 5133 judices
1002 5063 1061 5116 et
1088 5062 1424 5131 potestates,
1449 5065 1515 5116 ut
1535 5063 1856 5136 unusquis-

213 5167 349 5224 que,
381 5150 432 5206 si
463 5149 666 5218 nollet,
697 5153 1001 5223 cogeretur
1027 5148 1269 5208 reddere
1299 5147 1475 5206 alicui
1504 5151 1660 5222 quod
1691 5153 1860 5209 debeo

858 370 1212 434 HOMILL‘E
1251 371 1332 436 IN
1377 369 1628 435 EPIST.
1673 371 1774 434 ET
1817 371 2104 433 EVANG.
2150 369 2500 434 DOMINIG.
2533 370 2836 434 --PARS
2879 371 2930 433 Ι.

189 506 492 584 apostolis.
524 503 919 579 Prophetabat
939 509 1136 564 autem
1153 505 1225 564 de
1244 503 1522 564 electione
1553 505 1836 579 gentium,
1871 504 1916 572 Α
1948 526 2158 584 peccas,
2192 511 2358 578 time;
2386 525 2497 565 non
2546 509 2696 565 enim
2749 508 2870 564 sine
2915 521 3078 563 causa
3124 502 3374 579 gladium
3419 516 3576 580 porta

3443 373 3604 524 1764‘

1951 601 2160 670 (Ibid).
2191 599 2307 657 Vos
2339 599 2519 672 igitur
2547 598 2774 666 fratres,
2807 600 2873 652 ut
2903 596 3247 652 mereamini
3278 598 3351 653 ab
3383 601 3598 655 esterno

1950 695 2006 748 et
2039 708 2272 748 summo
2294 688 2496 761 judice
2527 687 2760 744 laudem
2788 690 3172 758 spontaneum
3193 686 3489 758 justitiam
3521 691 3604 744 te-

1950 797 2087 837 nere
2119 798 2132 835 :
2170 779 2410 836 Reddite
2440 795 2550 834 sua
2577 775 3169 848 unicuique.Reddite
3199 775 3315 832 Deo
3347 793 3526 848 quam
3547 775 3600 832 ei

1951 871 2175 927 debetis
2203 868 2568 942 religionem,
2591 865 2862 922 Ecclesiae
2894 863 3140 932 cultum,
3163 863 3599 938 vobismetipsis

1951 959 2326 1026 munditiam,
2359 957 2684 1029 majoribus
2719 954 3124 1020 reverentiam,
3154 953 3482 1010 minoribus
3511 954 3599 1010 dl-

1951 1050 2309 1124 gnationem,
2331 1045 2656 1120 aequalibus
2677 1043 3386 1116 societatem,parentibus
3417 1043 3600 1099 hono-

1951 1156 2096 1208 rem,
2129 1138 2265 1194 ﬁliis
2295 1135 2689 1208 disciplinam,
2721 1132 3110 1190 familiaribus
3151 1131 3599 1205 providentiam,

1951 1227 2351 1302 indigentibus
2383 1226 2680 1298 pietatem,
2713 1223 2918 1279 amicis
2949 1221 3602 1290 dilectionem,inimiois

1952 1317 2318 1392 patientiam,
2359 1315 2632 1372 omnibus
2689 1313 3046 1386 aequitatem.
3097 1311 3193 1367 Sic
3237 1311 3395 1368 enim
3439 1312 3602 1383 juste

1955 1408 2108 1482 apud
2140 1407 2324 1462 Deum
2356 1409 2414 1462 et
2442 1404 2714 1460 homines
2750 1401 2976 1469 vivetis,
3009 1401 3229 1458 nemini
3277 1401 3600 1475 quidquam

1955 1499 2252 1556 debentes.

2026 1588 2304 1660 Sequitur
2333 1603 2469 1659 pars
2499 1584 2777 1649 secunda,
2809 1580 2869 1638 in
2909 1597 3026 1653 qua
3072 1579 3342 1636 hortatur
3388 1595 3496 1636 nos
3527 1579 3599 1635 ad

1955 1677 2345 1741 dilectionem,
2376 1675 2529 1731 sicut
2557 1671 2866 1745 subjungit
2897 1688 2909 1726 :
2944 1671 3066 1726 Nisi
3106 1677 3168 1726 ut
3207 1671 3442 1726 invicem
3467 1669 3602 1725 ltili-

1953 1770 2202 1838 gatis.Ae
2233 1766 2283 1822 si
2313 1766 2529 1822 diceret
2560 1781 2574 1819 :
2609 1762 2852 1818 Reddite
2881 1760 3199 1826 unicuique
3229 1775 3356 1824 sua,
3371 1762 3436 1814 ut
3456 1757 3603 1814 nulli

1954 1857 2180 1929 aliquid
2213 1855 2493 1920 debeatis,
2526 1853 2640 1909 nisi
2672 1851 2858 1908 solam
2888 1849 3278 1908 dilectionem.
3303 1847 3422 1904 Hoc
3449 1847 3600 1916 ideo,

1957 1949 2165 2004 fratres
2195 1945 2332 2011 mei,
2365 1944 2505 2000 dicit
2531 1940 3034 2014 Apostolus,q.uia,
3067 1956 3203 1996 cum
3235 1942 3439 1995 cetera
3466 1938 3603 1994 red-

1956 2037 2079 2093 dita
2125 2054 2241 2092 non
2299 2036 2642 2100 debeantur,
2676 2031 2908 2088 dilectio
2959 2045 3194 2102 semper
3239 2027 3504 2084 redditur
3547 2030 3606 2082 ct

1957 2144 2189 2200 semper
2209 2125 2473 2182 debetur.
2507 2123 2601 2179 Sic
2631 2121 2787 2177 enim
2818 2119 3215 2176 necessarium
3240 2117 3461 2178 bonum
3491 2119 3600 2185 est,

1958 2218 2113 2290 quod
2143 2217 2204 2271 in
2236 2213 2396 2271 omni
2427 2217 2690 2285 tempore
2720 2211 2797 2267 sit
2827 2209 3218 2266 necessariam
3251 2223 3379 2264 eam
3418 2206 3602 2262 babe-

1957 2325 2040 2377 re,
2073 2310 2130 2362 et
2158 2306 2229 2361 ad
2263 2321 2468 2360 omnes
2501 2303 2561 2356 in
2593 2300 2888 2358 omnibus.
2913 2300 2976 2354 In
2998 2297 3160 2354 omni
3178 2295 3606 2370 tempore,quia

1957 2395 2111 2453 sicut
2140 2393 2357 2450 animal
2388 2393 2516 2448 sine
2545 2389 2810 2448 anhelitu
2852 2405 2960 2444 nee
2989 2386 3289 2443 dormiens
3319 2401 3424 2442 nec
3451 2383 3602 2458 vigi-

1958 2486 2107 2551 lans,
2139 2484 2328 2539 vivere
2373 2485 2582 2554 potest,
2625 2484 2684 2536 et
2729 2496 2796 2535 eo
2841 2478 3186 2549 intercepto,
3219 2473 3488 2540 moritur,
3521 2473 3605 2530 sic

1959 2573 2156 2630 anima
2185 2573 2312 2628 sine
2342 2563 2540 2627 amore
2571 2569 2671 2626 Dei
2694 2572 2753 2624 et
2773 2566 3021 2640 proximi
3041 2565 3230 2621 vivere
3252 2580 3367 2620 non
3391 2566 3602 2634 potest,

1959 2667 2017 2720 et
2046 2680 2114 2719 ea
2143 2661 2365 2718 amissa
2394 2658 2911 2730 moritur.Semper
2939 2654 3334 2728 ergo,fratres,
3362 2651 3604 2726 diligam

1961 2753 2326 2818 debemus,et
2347 2751 2533 2809 sinon
2564 2763 2804 2820 semper
2826 2762 3003 2818 opera
3032 2742 3360 2800 dilectionis
3390 2741 3604 2798 habere

1957 2841 2242 2908 valemus,
2265 2841 2337 2896 ad
2367 2855 2571 2896 omnes
2603 2853 2836 2910 quoque
2860 2834 3231 2892 dilectionem
3260 2832 3476 2888 habere
3503 2831 3606 2887 de-

1959 2933 2190 3000 bemus,
2225 2931 2297 2985 ad
2329 2928 2614 2995 Deum,ad
2647 2943 2774 2991 nos,
2809 2925 2880 2980 ad
2913 2923 3354 2998 proximos,tam
3384 2920 3606 2976 amicos

1961 3038 2139 3094 quam
2167 3019 2459 3074 inimicos.
2493 3019 2564 3074 Et
2593 3015 2642 3072 si
2673 3016 2745 3071 ad
2777 3015 3032 3087 aliquem
3071 3011 3439 3069 dilectionem
3487 3025 3605 3064 non

1960 3111 2362 3174 observamus,
2395 3107 2612 3163 frustra
2641 3122 2770 3161 eam
2819 3104 2892 3159 ad
2931 3103 3076 3159 alios
3106 3101 3505 3158 observamus.
3540 3099 3608 3154 In

1963 3199 2244 3256 omnibus
2259 3198 2432 3254 etiam
2451 3195 2727 3269 operibus
2749 3211 2878 3250 eam
2900 3193 3116 3249 habere
3139 3187 3607 3261 debemus,quia,

1965 3289 2120 3346 sicut
2147 3306 2296 3361 opus
2328 3287 2454 3343 sine
2482 3285 2803 3341 intentione
2833 3283 2948 3340 Deo
2977 3280 3205 3354 placere
3235 3295 3351 3336 non
3394 3279 3607 3351 potest,

1966 3379 2051 3435 ita
2081 3395 2186 3434 nec
2215 3377 2342 3434 sine
2378 3375 2704 3432 dilectione.
2737 3375 2964 3430 Bonum
3016 3370 3254 3444 quidem
3303 3371 3394 3425 est
3437 3383 3607 3440 opus,

1966 3469 2175 3524 fratres
2202 3465 2554 3534 charissimi,
2585 3465 2722 3520 dare
2751 3457 3496 3534 eleemosynam,honorare
3515 3472 3612 3529 pa-

1967 3562 2182 3625 rentes,
2213 3555 2454 3629 diligere
2503 3554 2676 3619 ﬁlios,
2709 3553 3080 3626 frequentare
3127 3547 3455 3615 ecclesiam,
3487 3563 3610 3603 cre-

1966 3647 2101 3716 dere
2129 3643 2654 3717 Deum,przedicare
2683 3640 3146 3715 Evangelium,et
3163 3643 3360 3694 tamen
3382 3635 3611 3693 nullum

1965 3736 2177 3792 horum
2209 3735 2335 3790 sine
2364 3733 2670 3792 dilectione
2701 3730 2803 3789 Dei
2833 3734 2890 3787 et
2911 3727 3162 3803 proximi
3185 3725 3372 3784 valere
3397 3729 3609 3799 potest.

1965 3826 2130 3882 Unde
2157 3823 2508 3897 Apostolus:
2542 3823 2603 3879 Si
2633 3823 2842 3891 linguis
2883 3819 3168 3876 hominum
3216 3818 3412 3890 loquar
3436 3824 3490 3872 et
3514 3833 3614 3870 an-

1963 3915 2228 3987 gelorum,
2257 3914 2584 3968 charitatem
2629 3917 2812 3967 autem
2856 3925 2973 3964 non
3009 3907 3256 3973 habeam,
3285 3908 3466 3978 factus
3491 3921 3615 3960 sum

1964 4005 2113 4060 velut
2157 4017 2238 4060 aes
2282 4018 2481 4058 sonans
2521 4007 2620 4056 aut
2663 3998 2978 4072 cymbalum
3025 3997 3286 4052 tinniens.
3319 3995 3386 4050 Et
3411 3994 3464 4048 si
3511 3993 3614 4048 ha-

1968 4095 2134 4149 buero
2161 4107 2372 4148 omnem
2399 4091 2560 4161 ﬁdem
2581 4097 2634 4145 ct
2660 4104 2874 4144 omnem
2901 4086 3208 4151 scientiam,
3240 4091 3292 4140 et
3336 4083 3389 4138 si
3424 4081 3613 4137 distri-

1968 4183 2128 4238 buere
2158 4181 2447 4253 facultates
2476 4195 2625 4235 meas
2651 4179 2709 4233 in
2742 4178 2888 4232 cibos
2924 4189 3248 4247 pauperum,
3281 4179 3334 4230 et
3357 4172 3410 4228 si
3439 4169 3614 4227 tradi-

1964 4271 2096 4326 dero
2147 4286 2338 4341 corpus
2379 4284 2561 4324 meum
2611 4269 2692 4323 ita
2741 4273 2801 4321 ut
2847 4265 3074 4322 ardeam
3111 4263 3245 4336 (23),
3279 4261 3426 4317 nihil
3472 4259 3617 4316 mihi

1963 4360 2180 4434 prodest
2208 4361 2258 4425 (Ι
2287 4360 2412 4414 Cor.
2447 4357 2590 4428 xm).
2624 4357 2693 4411 Et
2723 4353 3068 4420 econtrario,
3101 4353 3330 4420 fratres,
3361 4366 3498 4406 vera
3527 4349 3614 4404 di-

1964 4449 2138 4507 lectio
2168 4465 2301 4504 cum
2325 4447 2556 4502 modico
2585 4461 2778 4518 Opere,
2810 4443 2896 4500 vel
2927 4442 3105 4498 etiam
3137 4441 3262 4498 sine
3291 4455 3464 4512 opere
3495 4454 3613 4494 non

1965 4538 2204 4596 habenti
2234 4536 2590 4602 facultatem,
2623 4532 2843 4589 sufficit
2872 4532 2944 4588 ad
2969 4531 3149 4587 vitam
3183 4526 3618 4585 mternamﬁou

1887 4641 1934 4705 D
1967 4629 2124 4685 enim
2157 4630 2364 4701 pensat
2411 4625 2564 4680 Deus
2613 4626 2922 4696 quantum,
2956 4620 3060 4678 sed
3088 4635 3157 4676 ex
3189 4621 3410 4692 quanta
3441 4615 3601 4672 dil‘ec-

1961 4718 2119 4774 tione
2147 4715 2459 4772 tribuatur.
2493 4713 2642 4770 Hinc
2669 4715 2758 4769 est
2782 4710 2940 4784 quod
2989 4710 3166 4766 vidua
3205 4708 3452 4764 offerens
3501 4705 3618 4760 Deo

1965 4806 2214 4874 minuta,
2248 4804 2553 4878 prmfertur
2581 4800 2860 4857 divitibus
2892 4800 2992 4874 qui
3024 4813 3240 4871 magna
3283 4796 3439 4852 dona
3482 4809 3618 4850 cou-

1963 4895 2220 4951 tulerant
2253 4895 2407 4967 (Luc.
2441 4894 2580 4964 xxx).

2037 4984 2319 5057 Sequitur
2366 4999 2503 5055 pars
2549 4980 2742 5046 tertia,
2775 4979 2834 5034 in
2885 4994 3002 5051 qua
3048 4975 3260 5048 probat
3305 4971 3627 5047 Apostolus-

1964 5074 2120 5147 quod
2150 5089 2286 5129 vera
2317 5069 2546 5128 dilectio
2579 5074 2669 5127 est
2688 5069 2835 5142 legis
2857 5065 3281 5139 impletio,cum
3307 5061 3616 5120 subditur:

1969 5164 2075 5232 Qui
2103 5163 2253 5218 enim
2279 5161 2466 5232 diligit
2489 5161 2828 5232 proximum,
2864 5157 3036 5226 legem
3064 5151 3499 5226 implevit.Quod
3532 5154 3618 5220 ut,

217 5242 323 5295 ret.
355 5235 464 5308 Qui
494 5242 690 5295 autem
721 5254 826 5311 per
853 5255 916 5294 se
935 5239 1138 5310 justus
1169 5240 1280 5302 est,
1311 5240 1368 5292 et
1412 5242 1624 5310 sponte
1668 5241 1848 5297 reddit

1969 5251 2197 5316 fratres,
2232 5248 2442 5305 melius
2471 5246 2895 5320 intelligamus,
2919 5244 3226 5300 videamus
3260 5241 3404 5315 quid
3435 5239 3512 5295 sit
3541 5238 3626 5295 di-

219 5327 542 5401 unicuique
588 5344 716 5396 ωι,
741 5327 942 5400 indice
991 5342 1110 5382 non
1153 5324 1394 5398 indiget»
1427 5329 1484 5381 θῒ
1513 5331 1861 5398 Doms“:th
1967 5339 2234 5396 lectio.Et
2265 5338 2558 5411 quomodo
2588 5335 2821 5392 dilectio
2853 5333 2954 5390 Dei
2986 5337 3043 5390 et
3071 5331 3324 5406 proximi
3353 5346 3624 5387 connexa:

219 5433 337 5474 non
368 5417 558 5485 timet.
590 5416 755 5474 Unde
783 5414 1100 5490 Apostolus
1129 5430 1144 5472 :
1173 5416 1260 5472 Vis
1288 5431 1398 5471 non
1423 5417 1613 5502 timere
1637 5426 1848 5489 potesta-

1971 5429 2174 5501 sint,et
2197 5426 2488 5500 quomodo
2516 5441 2620 5497 per
2647 5421 3018 5479 dilectionem
3050 5421 3152 5477 Dei
3169 5420 3263 5476 lex
3289 5416 3624 5490 impleatur.

221 5507 367 5564 tem?
395 5511 614 5565 Donum
631 5509 743 5580 fac,
774 5513 826 5562 et
853 5505 1072 5562 habebis
1119 5505 1338 5562 laudem
1381 5521 1451 5562 ea:
1496 5505 1617 5562 illa.
1646 5510 1714 5564 Si
1738 5525 1848 5568 veri

1971 5519 2075 5575 Est
2121 5533 2258 5591 ergo
2315 5514 2570 5571 obaritas
2627 5510 2879 5581 dilectio,
2913 5527 3033 5583 qua
3089 5506 3394 5582 diligimus
3443 5505 3630 5563 Deum

294 5685 584 5778 (23Yulgs.
613 5686 802 5760 addit,
832 5685 1152 5746 chaﬁtatem
1179 5692 1364 5746 cum
1392 5701 1508 5751 non
1533 5685 1790 5752 habuere.
