3988 6074
332 341 484 411 1⁵155

1350 350 1750 415 ADDENDA.
1782 383 1861 399 ο·-
1891 352 2292 418 BADULPHI
2336 352 2750 418 ARDENTIS.

3578 356 3757 421 1756

330 490 571 561 propter
600 501 686 556 se,
713 490 771 544 et
817 487 1147 563 proximum
1197 495 1434 564 propter
1482 494 1678 551 seum.
1713 494 1840 552 Una,
1886 496 1976 551 est
2002 489 2056 556 Α
2088 505 2180 545 res
2213 489 2461 557 furatur,
2496 506 2609 545 non
2643 486 2694 544 ei
2721 487 3022 557 mentitur,
3057 504 3159 546 nec
3187 493 3393 547 caetera
3431 490 3752 561 mandata,

330 595 466 652 ergo
524 577 776 647 dilectio,
811 581 911 636 sed
969 582 1082 637 duo
1142 584 1436 640 mandata.
1469 585 1629 641 Unus
1683 590 1770 641 est
1818 586 1975 641 enim

330 668 504 734 Deus,
538 667 759 725 scilicet
808 687 983 741 quem
1014 670 1313 743 diligimus
1341 673 1428 729 vel
1462 675 1520 729 in
1553 676 1764 747 seipse,
1796 677 1885 732 vel
1916 678 1974 732 in

329 756 612 829 proximo.
646 758 752 821 Qui
784 759 940 814 enim
972 759 1029 814 in
1064 761 1324 831 proximo
1351 762 1508 818 aliud
1540 782 1715 836 quam
1764 766 1971 833 Deum,

329 844 440 913 vel,
474 846 545 902 ob
575 842 733 901 aliud
765 864 941 918 quam
977 854 1211 921 propter
1241 851 1449 915 Deum,
1473 870 1605 908 eum
1640 854 1973 927 diligit,non

325 951 458 991 vere
483 952 619 990 eum
657 935 864 1008 diligit.
899 936 1220 1009 Diligamus
1267 957 1401 1013 ergo
1450 943 1801 1014 proximum,
1837 945 1975 1016 quia

328 1024 517 1080 bonus
546 1029 635 1081 est
661 1025 750 1081 vel
781 1044 908 1082 esse
938 1031 1148 1097 potest,
1184 1029 1321 1100 quia
1351 1048 1498 1102 opus
1544 1032 1643 1087 Dei
1690 1038 1798 1101 est,
1835 1034 1974 1106 quia

328 1115 481 1170 Deus
503 1114 674 1185 jubet
705 1130 839 1170 eum
872 1115 1054 1189 diligi.
1088 1119 1239 1173 Sunt
1290 1123 1484 1175 autem
1527 1121 1755 1177 dilectio
1787 1123 1885 1178 Dei
1918 1127 1975 1179 et

284 1198 287 1199 ⁷
328 1203 578 1276 proximi
605 1205 689 1260 sic
719 1205 1063 1275 coniunctae,
1099 1209 1252 1281 quod
1282 1214 1430 1265 Deus
1460 1228 1576 1266 non
1619 1216 1811 1282 potest
1842 1230 1973 1268 vere

329 1292 492 1366 diligi
523 1294 648 1349 sine
679 1294 962 1365 proximo,
996 1313 1103 1351 nec
1150 1298 1447 1369 proximus
1480 1299 1604 1355 sine
1637 1300 1773 1356 Deo.
1812 1301 1973 1357 Unde

324 1382 600 1438 Joannes.
635 1383 743 1448 Qui
775 1401 886 1437 non
921 1384 1111 1457 diligit
1134 1387 1463 1458 proximum
1491 1406 1663 1444 suum
1693 1407 1867 1461 quem
1888 1391 1971 1445 vi-

326 1471 633 1536 det,Deum
656 1489 829 1542 quem
853 1490 967 1528 non
990 1473 1145 1529 videt
1168 1478 1461 1546 quomodo
1491 1477 1731 1550 diligere
1753 1479 1974 1550 potest?

326 1558 433 1623 Qui
464 1577 597 1616 vero
632 1562 810 1617 Deum
842 1579 956 1618 non
989 1563 1199 1635 diligit,
1234 1581 1341 1620 nec
1374 1583 1435 1623 se
1468 1584 1571 1621 nec
1615 1567 1793 1623 alium
1843 1586 1974 1625 vere

326 1647 535 1721 diligit.
570 1650 717 1707 Cum
747 1668 881 1725 ergo
914 1652 1055 1708 dicit
1084 1654 1392 1725 Apostolus
1438 1656 1806 1713 dilectionem
1840 1676 1971 1729 pro-

325 1738 488 1805 ximi,
520 1739 778 1813 intellige
810 1742 988 1798 simul
1034 1742 1404 1801 dilectionem
1453 1745 1575 1813 Dei,
1609 1764 1742 1801 eum
1793 1747 1974 1803 altera

2086 595 2213 650 quae
2246 580 2318 634 de
2349 580 2609 651 proximo
2642 582 2799 647 sunt,
2824 579 3418 653 transgreditur.Sine
3436 597 3571 636 vero
3593 580 3755 637 dile-

2084 668 2273 724 ctione
2303 686 2438 724 vera
2470 668 2698 741 impleri
2731 687 2845 725 non
2879 670 3297 742 possunt.Nam
3331 670 3451 726 sive
3482 669 3751 727 honores

2086 762 2331 829 patrem,
2365 758 2483 814 sive
2517 775 2631 814 non
2660 758 2910 828 occidas,
2946 760 3064 814 sive
3095 776 3211 815 non
3251 760 3580 825 mmcheris,
3611 762 3749 816 sive

2084 848 2237 919 quod
2272 848 2429 903 aliud
2462 849 2804 903 mandatum
2838 848 3089 915 facias,si
3115 850 3240 904 sine
3262 848 3544 904 charitate
3565 849 3746 918 facis,

2084 935 2229 991 nihil
2263 936 2484 1009 przemii
2516 926 3048 993 meieris.Charitas
3070 938 3226 993 enim
3247 944 3335 993 est
3354 938 3539 994 latum
3570 956 3747 994 man-

2083 1026 2289 1081 datum
2340 1026 2593 1093 Domini,
2626 1027 2685 1081 in
2736 1043 2851 1098 quo
2881 1030 3003 1081 tota
3032 1026 3122 1081 lex
3152 1030 3619 1084 consummatur.
3658 1029 3744 1084 De

2082 1131 2198 1185 quo
2233 1116 2513 1187 Propheta
2545 1134 2558 1171 :
2595 1115 2786 1171 Omnis
2831 1118 3335 1172 consummationis
3383 1118 3501 1173 vidi
3534 1119 3739 1186 ﬁnem,

2084 1206 2264 1260 latum
2295 1206 2639 1261 mandatum
2666 1216 2828 1261 tuum
2854 1206 3025 1261 nimis
3055 1207 3228 1276 (Psal.
3264 1208 3597 1275 cxvm).Est
3628 1224 3740 1261 au-

2082 1298 2198 1349 tem
2232 1294 2485 1350 charitas
2516 1294 2701 1350 latum
2734 1296 3099 1363 mandatum,
3124 1295 3266 1368 quia
3295 1296 3631 1351 extenditur
3660 1296 3736 1351 ab

2083 1384 2291 1439 amicis
2322 1402 2508 1457 usque
2537 1385 2608 1439 ad
2635 1383 2986 1450 inimicos,et
3017 1385 3153 1457 quia
3178 1384 3356 1441 etiam
3386 1384 3595 1440 dilatat
3626 1401 3739 1440 nos

2082 1473 2151 1528 ad
2192 1475 2567 1540 currendum,
2601 1478 2657 1530 et
2703 1473 3145 1545 adimplendum
3194 1473 3380 1547 legem
3433 1475 3554 1530 Dei.
3587 1474 3737 1530 Cum

2083 1563 2259 1618 etiam
2291 1563 2383 1619 via
2412 1562 2511 1619 Dei
2556 1563 2973 1635 insipientibus
2998 1564 3075 1618 sit
3102 1563 3295 1636 gravis
3326 1567 3382 1618 et
3407 1563 3618 1628 ardua,
3650 1567 3740 1619 ta-

2084 1670 2239 1721 men,
2275 1652 2411 1725 quia
2441 1654 2660 1708 amanti
2685 1653 2831 1707 nihil
2866 1657 2955 1708 est
2985 1651 3241 1718 difficile,
3275 1652 3324 1708 ei
3359 1652 3425 1707 ﬁt
3452 1652 3647 1707 facilis
3678 1656 3739 1708 et

2080 1741 2367 1813 1ata,juta
2386 1742 2532 1797 illud
2559 1760 2572 1797 :
2599 1743 2758 1798 l’iam
2780 1743 3191 1799 mandatorum
3213 1751 3448 1797 tuorum
3467 1743 3734 1809 cucurri,

325 1827 452 1884 sine
482 1829 663 1886 altera
688 1847 824 1887 vera
873 1849 1000 1895 esse
1043 1850 1159 1889 non
1209 1834 1414 1905 possit.
1451 1835 1556 1891 Per
1601 1836 1970 1892 dilectionem
2002 1869 2050 1934 B
2080 1849 2210 1889 cum
2238 1834 2499 1888 dilatasti
2525 1848 2627 1889 cor
2654 1850 2845 1888 meum
2877 1833 3089 1901 (Ibid).
3121 1831 3238 1887 Vos
3268 1831 3464 1904 itaque
3495 1831 3733 1901 fratres,

327 1933 464 1990 ergo
494 1919 595 1974 Dei
643 1922 701 1975 et
748 1920 1016 1993 proximi,
1050 1922 1141 1979 lex
1188 1924 1485 1996 impletur,
1520 1926 1579 1980 id
1630 1930 1718 1981 est
1772 1927 1969 1982 decem

327 2009 606 2064 mandata
632 2008 800 2082 legis,
829 2028 1079 2083 quorum
1103 2014 1295 2085 prima
1316 2020 1568 2087 quatuor
1587 2015 1875 2087 pertinent
1897 2016 1970 2070 ad

326 2096 533 2165 Deum,
569 2097 794 2171 reliqua
850 2117 951 2157 sex
1011 2103 1083 2157 ad
1143 2104 1497 2174 proximum.
1536 2105 1792 2160 Primum
1832 2107 1922 2159 est
1954 2121 1967 2159 :

325 2185 467 2242 Audi
493 2187 683 2255 Israel,
716 2205 862 2244 unus
906 2198 986 2246 est
1028 2193 1170 2247 Deus
1216 2200 1339 2247 tuus
1386 2193 1559 2261 (Deut.
1591 2193 1690 2263 v1).
1725 2192 1783 2247 Si
1817 2209 1971 2247 unus

323 2279 415 2331 est
458 2274 685 2339 fratres,
720 2293 856 2348 ergo
905 2278 1187 2335 mentitur
1232 2280 1519 2353 insipiens
1569 2281 1671 2353 qui
1717 2280 1862 2336 dixit
1910 2280 1969 2335 in

325 2363 496 2419 corde
546 2380 653 2420 suo
686 2381 698 2418 :
732 2366 846 2421 Non
877 2372 959 2422 est
987 2368 1127 2424 Deus
1158 2371 1332 2437 (Psal.
1361 2371 1509 2441 xm).
1543 2370 1603 2425 Si
1654 2388 1808 2425 unus
1857 2373 1967 2437 est,

325 2448 608 2505 mentitur
634 2451 871 2524 gentilis
903 2454 1003 2525 qui
1033 2454 1175 2511 dicit
1199 2456 1395 2529 plures
1428 2458 1641 2514 esse.Si
1674 2476 1828 2513 unus
1860 2463 1966 2526 est,

322 2554 557 2610 semper
585 2541 867 2598 mentitur
894 2542 1327 2618 haereticus,qui
1357 2563 1489 2602 eum
1520 2547 1859 2603 variabilem
1883 2564 1972 2602 as-

324 2627 486 2696 serit,
518 2632 608 2685 est
637 2630 794 2686 enim
825 2649 980 2688 unus
1028 2633 1209 2703 solus,
1243 2635 1550 2702 indivisus,
1584 2636 1967 2693 invariabilis.

325 2717 661 2775 Secundum
683 2724 772 2776 est
804 2738 816 2776 :
848 2722 969 2779 Non
996 2724 1175 2795 facies
1208 2725 1313 2781 tibi
1339 2726 1603 2795 sculptile
1635 2727 1836 2799 (Exod.
1861 2743 1967 2793 xx;

328 2812 493 2875 Deut,
522 2809 601 2879 v),
633 2809 693 2866 id
733 2814 822 2866 est
868 2828 975 2868 nec
1022 2814 1314 2886 opinione,
1347 2832 1450 2871 nec
1499 2834 1717 2882 amore,
1748 2815 1969 2888 aliquid

323 2900 441 2954 Deo
471 2899 1031 2970 praeferes.Tertium
1063 2908 1152 2960 est
1183 2921 1197 2959 :
1230 2905 1349 2961 Non
1379 2906 1626 2974 accipies
1645 2922 1852 2961 nomen
1872 2904 1973 2960 Dei

322 2986 413 3043 tui
439 2988 499 3044 in
521 3005 731 3045 vanum
758 2991 970 3063 (Ibid.),
1004 2991 1061 3047 id
1107 2996 1195 3048 est
1243 2994 1302 3050 in
1351 2999 1775 3066 contemptum.
1808 2994 1969 3058 Quod

324 3074 463 3132 facit
491 3077 589 3149 qui
621 3079 692 3134 ad
723 3078 1129 3137 testimonium
1160 3084 1437 3140 vanitatis
1464 3083 1553 3140 vel
1586 3081 1970 3145 falsitatis,ve1

323 3163 568 3231 fraudis,
602 3166 746 3223 illud
778 3168 1024 3225 inducit.
1060 3172 1341 3236 Quartum
1373 3177 1461 3228 est
1494 3190 1506 3228 :
1542 3177 1823 3229 Memento
1840 3186 1971 3225 san-

320 3254 569 3325 cti/icari
594 3257 747 3312 diem
773 3258 1364 3331 Sabbati(1bid.).Hoc
1384 3263 1623 3318 Judaeus
1644 3259 1969 3317 observavit
1999 3241 2040 3307 Ο

323 3340 608 3416 legaliter,
642 3362 797 3401 nunc
826 3364 960 3403 vero
991 3365 1098 3403 nos
1138 3348 1519 3420 spiritualiter
1566 3351 1966 3415 observamus,

324 3447 459 3488 cum
480 3448 582 3505 per
596 3435 783 3489 totum
807 3435 1128 3491 Sabbatum
1149 3437 1328 3508 hujus
1348 3438 1539 3504 vitaa,a
1560 3438 1751 3494 servili
1776 3455 1965 3509 opere,

323 3519 383 3576 id
414 3524 504 3577 est
533 3525 766 3593 peccato
796 3523 1097 3591 feriamur,
1128 3529 1192 3579 ut
1222 3526 1279 3580 in
1312 3527 1508 3581 futuro
1557 3528 1629 3582 ab
1677 3527 1835 3582 omni
1885 3526 1967 3581 la-

323 3609 463 3665 bore
491 3609 943 3683 sab‘batizemus.
979 3614 1259 3679 Quintum
1294 3620 1383 3671 est
1414 3634 1427 3671 :
1459 3620 1688 3673 Honora
1735 3619 1968 3673 Patrem

323 3706 486 3755 tuum
515 3708 571 3754 et
599 3707 848 3756 matrem
875 3707 1039 3757 tuam
1067 3704 1276 3773 (Ibid),
1313 3706 1467 3777 quod
1500 3706 1569 3761 de
1596 3705 1814 3762 honore
1846 3711 1967 3761 tam

323 3786 645 3855 deferendi,
690 3804 867 3860 quam
917 3789 1314 3849 benefaciendi
1358 3794 1802 3869 intelligendum
1854 3798 1964 3850 est.

324 3875 562 3931 Sextum
590 3879 714 3932 est:
748 3878 870 3935 Non
896 3881 1116 3936 occides
1147 3883 1369 3950 (Ibid.),
1405 3900 1510 3939 nec
1554 3883 1872 3950 voluntate,
1905 3887 1971 3938 ut

324 3962 425 4036 qui
456 3963 579 4020 odit
608 3965 845 4024 fratrem
885 3984 1080 4036 suum,
1116 3986 1222 4025 nec
1269 3987 1459 4042 opere,
1493 3975 1557 4025 ut
1596 3972 1685 4026 vir
1730 3971 1967 4044 sangui-

324 4069 490 4120 num,
518 4070 623 4110 nec
668 4054 825 4111 mala
866 4056 1149 4124 doctrina,
1186 4062 1253 4114 ut
1300 4058 1627 4127 haereticus,
1664 4076 1768 4115 nec
1815 4060 1967 4116 malo

324 4141 610 4214 exemplo.
644 4148 710 4199 ut
738 4145 1082 4217 praedicator
1130 4146 1281 4203 male
1328 4148 1547 4214 vivens,
1587 4166 1689 4205 nec
1737 4150 1967 4205 subtra-

325 4229 517 4287 ctione
548 4232 960 4305 temporalium
990 4236 1301 4302 bonorum,
1329 4241 1394 4292 ut
1422 4254 1650 4307 avarus,
1684 4256 1791 4295 nec
1826 4239 1968 4295 sub-

323 4319 610 4375 tractione
638 4322 1090 4392 praedicationis,
1116 4326 1544 4397 utpraedieatur
1572 4326 1869 4383 occultans
1890 4332 1972 4384 ta-

326 4405 911 4482 lentum.Septimum
943 4416 1031 4468 est
1063 4430 1075 4467 :
1107 4412 1231 4469 Non
1261 4417 1632 4472 mazchaberis
1655 4417 1970 4487 (Ibid.),nec

325 4496 537 4568 spiritu
569 4513 673 4571 per
700 4498 1113 4571 idololatriam,
1148 4519 1253 4557 nec
1302 4520 1541 4577 corpore
1592 4522 1694 4576 per
1721 4506 1970 4562 fornica—

2082 1922 2130 1978 si
2161 1926 2345 1978 totam
2376 1922 2642 1995 legem,si
2672 1925 2859 1978 totum
2890 1920 3269 1995 Evangelium
3301 1921 3449 1976 scire
3478 1938 3597 1976 non
3628 1938 3733 1993 po-

2080 2010 2267 2076 testis,
2296 2009 2503 2066 saltem
2537 2014 2728 2066 tenete
2759 2010 3125 2065 charitatem.
3161 2008 3307 2076 Quia
3336 2008 3431 2064 ille
3460 2014 3644 2079 tenet,
3676 2012 3736 2065 et

2081 2100 2235 2170 quod
2267 2103 2506 2171 patet,et
2535 2101 2691 2171 quod
2713 2099 2852 2154 latet
2880 2098 2943 2154 in
2973 2099 3184 2154 divinis
3215 2099 3612 2169 sermonibus,
3628 2099 3731 2171 qui

2080 2188 2422 2244 eharitatem
2455 2192 2610 2244 tenet
2640 2188 2699 2244 in
2737 2189 3017 2244 moribus.
3041 2187 3275 2245 liilectio
3305 2188 3461 2244 enim
3493 2204 3599 2243 vos
3624 2188 3738 2243 do-

2079 2276 2230 2332 cebit
2260 2279 2499 2334 reddere
2529 2278 2685 2349 quod
2706 2278 2931 2334 debetis
2953 2278 3253 2350 Deo,quod
3279 2277 3732 2350 proximo,quod

2080 2367 2289 2435 amico,
2324 2368 2478 2437 quod
2510 2366 2843 2423 inimico.Et
2872 2367 2922 2421 si
2954 2367 3013 2422 in
3046 2366 3243 2438 aliquo
3275 2365 3471 2421 minus
3497 2365 3733 2438 sapitis,

2080 2455 2224 2510 illud
2264 2456 2521 2511 cbaritas
2569 2457 2892 2522 excusabit,
2924 2461 2980 2511 et
3028 2456 3317 2528 quidquid
3366 2454 3581 2519 facitis,
3616 2455 3733 2511 Deo

2080 2544 2307 2617 placere
2338 2545 2531 2611 faciet,
2561 2545 2690 2618 ipso
2722 2545 3003 2618 largiente
3035 2545 3133 2616 qui
3164 2544 3305 2600 vivit
3324 2548 3383 2600 et
3401 2548 3611 2616 regnat
3631 2561 3735 2618 per

2079 2634 2282 2690 omnia
2310 2635 2523 2690 saecula
2553 2634 2922 2691 saeculorum.

2645 2742 2947 2797 HOMILIA
2993 2740 3155 2796 xxv.
3290 2812 3299 2821 κ

2212 2828 2490 2869 ΒΟΜῙΝῘΟΛ
2527 2830 2751 2877 QUARTA
2790 2830 2928 2869 POST
2972 2829 3324 2868 ΒΡῙΡΗΔΝῙΑΜ
3361 2827 3589 2868 DOMINI.

2150 2903 2494 2959 Ascendente
2520 2905 2651 2960 Iesu
2680 2904 2739 2959 in
2767 2902 3110 2970 naviculam,
3133 2902 3315 2957 secuti
3337 2909 3626 2956 suntcum
3648 2901 3735 2955 di-

2077 2993 2285 3062 scipuli
2306 2995 2429 3066 ejus
2459 2997 2682 3061 (Matth.
2715 2994 2859 3061 VIII),
2889 2996 2947 3047 et
2975 2990 3357 3064 reliquaHmc
3387 2988 3581 3059 lectio,
3609 2990 3732 3044 fra-

2078 3085 2197 3136 tres
2228 3081 2580 3149 charissimi,
2607 3083 2776 3152 juxta
2804 3080 3058 3137 litteram
3091 3080 3332 3136 instruit
3361 3096 3469 3135 nos
3498 3080 3572 3135 de
3616 3079 3732 3135 ﬁde

2079 3169 2410 3227 Mediatoris
2443 3170 2541 3226 Dei
2568 3175 2625 3226 et
2655 3170 2963 3225 hominum
3001 3170 3142 3226 Jesu
3188 3168 3426 3225 Christi.
3459 3167 3734 3224 Ostendit

2077 3260 2235 3315 enim
2270 3260 2328 3313 in
2360 3276 2426 3315 eo
2446 3277 2643 3315 veram
2665 3259 3025 3315 divinitatem
3048 3258 3105 3314 et
3126 3257 3553 3313 humanitatem
3575 3273 3729 3312 esse.

2077 3348 2236 3411 Quod
2271 3349 2427 3404 enim
2467 3348 2733 3405 vehiculo
2758 3348 2921 3403 navis
2953 3365 3087 3403 cum
3115 3345 3338 3402 caeteris
3381 3345 3730 3401 hominibus

2075 3435 2391 3503 vehitur,et
2420 3438 2574 3509 quod
2608 3438 2824 3492 dormit
2852 3434 3240 3492 humanitatis
3269 3439 3377 3490 est.
3403 3433 3567 3497 Quod
3590 3452 3727 3490 vero

2078 3528 2483 3598 tempestatem
2516 3527 2763 3593 sedet,et
2787 3526 2930 3580 mari
2968 3526 3239 3597 imperat,
3262 3522 3584 3578 divinitatis
3613 3528 3723 3578 est.

2077 3615 2251 3670 Juxta
2279 3633 2411 3671 vero
2443 3617 2757 3688 mysticum
2787 3629 3219 3679 sensum,mare
3252 3628 3508 3685 praesens
3540 3629 3725 3667 saecu-

2077 3702 2201 3760 lum
2232 3705 2625 3776 est,quoniam
2657 3706 2730 3760 ad
2760 3704 3002 3759 modum
3032 3702 3233 3769 maris,
3258 3702 3396 3757 fetet
3425 3704 3481 3756 et
3510 3704 3722 3767 tumet,

2077 3792 2301 3848 salsum
2332 3797 2389 3847 et
2417 3792 2690 3849 instabile
2721 3797 2827 3847 est.
2865 3793 3025 3848 Fetet
3055 3807 3156 3864 per
3184 3789 3498 3856 luxuriam,
3534 3793 3727 3845 tumet

2077 3898 2181 3954 per
2209 3882 2566 3954 superbiam,
2601 3881 2824 3937 salsum
2854 3885 2942 3937 est
2989 3897 3092 3952 per
3120 3878 3601 3945 amaritudinem,
3637 3879 3724 3933 in-

2078 3970 2285 4027 stabile
2316 3975 2405 4026 est
2436 3988 2539 4042 per
2566 3970 2982 4026 vanitatem.Et
3009 3969 3162 4024 sicut
3192 3969 3252 4022 in
3284 3966 3433 4023 mari
3464 3968 3725 4038 majores

2078 4060 2268 4133 pisces
2298 4058 2555 4132 glutinat
2584 4059 2860 4124 minores,
2886 4058 2971 4114 sic
3000 4057 3060 4113 in
3093 4058 3201 4113 hoc
3224 4056 3435 4113 saculo
3458 4056 3731 4112 fortiores

2077 4149 2356 4204 devorant
2386 4146 2896 4203 debilioresNavis
2928 4149 3016 4202 est
3037 4144 3380 4214 Ecclesia,in
3402 4161 3520 4216 qua
3540 4149 3734 4199 trans-

2078 4241 2354 4293 natamus
2382 4240 2758 4308 tempestates
2787 4235 2967 4307 hujus
2997 4233 3214 4299 saeculi,
3232 4250 3299 4288 ac
3328 4232 3630 4289 tendimus
3657 4231 3732 4287 ad

2078 4329 2311 4398 portum
2345 4325 2544 4397 patriae
2574 4323 2847 4392 caelestis,
2880 4323 2940 4378 in
2973 4340 3089 4396 qua
3135 4321 3408 4394 quisquis
3450 4337 3569 4376 non
3618 4324 3734 4387 est,

2078 4432 2196 4471 non
2227 4413 2521 4487 perveniet
2549 4413 2622 4468 ad
2653 4416 2887 4485 portum
2910 4411 3246 4479 salutis,sed
3274 4411 3650 4483 demergatur
3669 4408 3733 4464 in

2080 4505 2380 4576 abyssum.
2414 4503 2476 4558 In
2507 4501 2615 4558 hac
2653 4501 2953 4557 Christum
3006 4504 3317 4572 sequentes
3360 4498 3649 4571 navigant
3676 4502 3734 4554 et

323 4583 575 4678 tionem,
597 4588 950 4678 adulterium
981 4591 1317 4658 mcechiam,
1347 4593 1974 4662 incestum,Sodomiti-
2002 4615 2049 4678 ι)
2083 4596 2408 4657 transeunt,
2423 4595 2481 4646 et
2506 4588 2775 4646 Christus
2802 4605 2937 4645 cum
2972 4588 3077 4656 eis,
3107 4588 3248 4659 quia
3270 4587 3398 4659 ipse
3428 4586 3511 4678 ait
3541 4602 3557 4640 :
3600 4586 3733 4643 Ubi-

326 4691 455 4734 cam
476 4675 864 4746 1ibidinem,et
890 4678 1351 4749 immunditiam,
1374 4682 1653 4738 Octavum
1684 4687 1774 4738 est
1804 4700 1818 4739 :
1850 4688 1973 4740 Non
2002 4675 2037 4678 ”
2080 4698 2299 4754 cunque
2326 4681 2440 4736 duo
2467 4680 2554 4737 vel
2581 4684 2702 4735 tres
2732 4678 3068 4749 congregati
3093 4685 3225 4733 sunt
3250 4684 3310 4733 in
3328 4676 3556 4732 nomine
3582 4691 3731 4744 meo,

319 4765 549 4835 furtum
561 4766 744 4836 facies
762 4767 1035 4840 (Ibid.),in
1062 4787 1177 4842 quo
1202 4770 1967 4839 damnanturlatrocinium,

325 4853 550 4925 rapina,
584 4871 764 4911 usura
793 4860 849 4913 et
877 4856 1068 4913 dolus.
1102 4859 1332 4915 Nonum
1365 4864 1488 4915 est:
1513 4865 1636 4918 Non
1661 4863 1876 4933 falsum
1896 4872 1975 4917 te-
2010 4906 2013 4907 ν

321 4941 655 4999 stimonium
709 4945 862 5002 dices
892 4947 1117 5020 (Ibid);
1150 4948 1210 5003 in
1254 4964 1369 5019 quo
1413 4949 1754 5021 prohibetur
1801 4967 1973 5007 omne

326 5029 720 5099 mendacium,
754 5034 1098 5105 perjurium,
1133 5036 1432 5104 detractio,
1458 5038 1804 5105 susurratio,
1824 5040 1974 5095 adu-

324 5116 484 5173 latio.
519 5118 822 5175 Decimum
855 5127 945 5177 est
976 5141 989 5179 :
1024 5125 1144 5181 Non
1173 5128 1541 5196 concupisces
1571 5127 1854 5199 (lbid.),id
1887 5132 1977 5182 est

325 5207 861 5279 concupiscentiam
919 5212 1260 5281 refrenabis,
1296 5220 1351 5270 et
1397 5216 1446 5270 si
1494 5220 1811 5283 moveatur,
1858 5233 1973 5271 non

326 5297 678 5363 consenties,
712 5314 819 5353 nec
848 5299 1220 5373 adimplebis.
1253 5304 1383 5358 Haec
1416 5312 1572 5371 sunt,
1599 5306 1804 5360 fratres
1837 5305 1973 5361 cha-

326 5382 569 5452 rissimi,
595 5385 796 5442 decem
823 5390 1104 5466 mandata
1125 5408 1253 5464 qua:
1278 5409 1379 5462 per
1401 5391 1770 5449 dilectionem
1792 5395 1975 5450 adim-

327 5471 581 5546 plentur,
616 5474 1048 5551 quiaﬁquip'ero
1080 5480 1264 5536 Deum
1296 5480 1786 5554 diligit,omnibus
1808 5500 1972 5538 man-

326 5562 640 5635 datiszejus
664 5566 877 5622 obedit.
907 5568 976 5621 Et
1005 5569 1101 5638 qui
1127 5571 1457 5641 proximum
1491 5571 1679 5644 diligit
1700 5590 1813 5628 non
1839 5590 1971 5628 eum

327 5649 556 5721 occidit,
591 5668 706 5709 non
740 5654 868 5725 ejus
918 5670 1154 5712 uxorem
1205 5658 1527 5717 moechatus
1552 5663 1661 5727 est,
1698 5676 1815 5716 non
1844 5661 1971 5731 ejus

2079 4788 2188 4845 ego
2214 4787 2341 4826 sum
2391 4769 2450 4825 in
2488 4769 2681 4825 medio
2721 4783 2943 4834 eorum,
2978 4770 3204 4835 (Matth.
3232 4770 3417 4832 xvm).
3452 4765 3522 4819 Et
3563 4762 3730 4819 alibi.

2082 4866 2220 4917 Ecce
2248 4874 2352 4930 ego
2378 4859 2663 4914 vobiscum
2706 4873 2835 4913 sum
2873 4856 3136 4913 omnibus
3185 4855 3388 4910 diebus
3435 4868 3617 4925 usque
3644 4853 3726 4909 ad

2079 4948 2627 5009 consummationem
2654 4946 2849 5002 saeculi
2875 4948 3103 5015 (Matth.
3125 4944 3341 5013 xxvm).
3377 4943 3575 4998 Motus
3605 4958 3733 4998 ma-

2082 5054 2233 5111 gnus
2264 5035 2443 5091 maris
2469 5051 2482 5089 :
2506 5034 2806 5091 tribulatio
2827 5038 2886 5089 et
2906 5032 3233 5106 persecutio
3254 5035 3346 5088 est
3362 5030 3544 5102 hujus
3565 5047 3741 5086 mun-

2084 5128 2164 5182 di.
2189 5125 2413 5181 Ventus
2444 5124 2791 5190 contrarius,
2826 5121 3125 5194 malignus
3153 5120 3399 5194 spiritus
3427 5122 3535 5175 est.
3570 5118 3741 5175 Sicut

2083 5215 2239 5272 enim
2269 5212 2523 5287 Spiritus
2541 5217 2780 5268 sanctus
2803 5210 2964 5266 ducit
2984 5225 3190 5265 navem
3212 5207 3481 5265 Ecclesiaa
3504 5208 3578 5263 ad
3601 5224 3740 5281 por-

2082 5309 2210 5359 tum
2238 5301 2560 5370 salutis,ita
2588 5299 2885 5375 malignus
2912 5298 3156 5371 spiritus
3176 5302 3423 5354 conatur
3442 5313 3572 5352 eam
3596 5313 3741 5369 pra:-

2083 5393 2322 5466 cipitare
2352 5391 2412 5447 iu
2436 5390 2807 5463 naufragium
2840 5386 3206 5460 perditionis.
3230 5383 3512 5443 Navicula
3538 5386 3738 5458 operi-

2084 5487 2180 5538 tur
2210 5479 2748 5551 ﬂuctibus,quando
2778 5477 3038 5534 Ecclesia
3058 5476 3118 5532 in
3140 5474 3652 5550 persecutionibus
3679 5479 3739 5532 et

2082 5569 2533 5644 tempestatibus
2564 5583 2711 5640 pene
2741 5565 3121 5638 periclitatur.
3156 5564 3562 5623 Ostenduntur
3597 5580 3737 5638 ergo

2086 5660 2180 5718 hic
2199 5658 2367 5723 nobis
2386 5655 2644 5728 quinque
2670 5672 2683 5712 :
2710 5653 2900 5711 Primo
2923 5653 3254 5714 ostenditur
3273 5654 3430 5727 quod
3452 5651 3632 5713 etiam
3651 5652 3738 5712 illi
