3984 6082
180 329 343 395 1757

842 330 1197 393 HOMILIIE
1237 330 1316 393 IN
1363 328 1612 393 EPIST.
1659 329 1761 391 ET
1804 327 2091 391 EVANG.
2137 327 2494 392 DOMINIC.
2524 328 2832 392 —PARS
2877 327 2926 391 Ῑ.

3432 319 3590 389 i738

179 464 285 538 qul
314 465 455 523 sunt
483 480 616 522 cum
646 462 1048 538 Christo,pene
1076 464 1478 539 periclitantur
1509 481 1522 533 ;
1556 464 1834 531 secundo,
1865 463 1921 531 Α
1949 464 2334 539 ﬁguliprobat
2350 466 2569 533 fornax,
2593 465 2847 537 etjustos
2864 460 3170 520 tribulatio
3188 460 3585 538 (Eccli.xxvu).

179 553 512 611 ostenditur
543 553 860 628 quare-hoc
890 555 1029 623 ﬁat;
1061 553 1252 623 tertio,
1278 553 1568 627 quomodo
1617 552 1695 609 sit
1724 553 1834 608 Do-

179 643 383 700 minus
414 643 800 712 excitandus;
830 645 1359 717 quarto,quomodo
1389 644 1541 700 Deus
1571 659 1709 699 suos
1740 642 1834 697 in-

178 736 379 806 crepet
408 736 465 789 et
494 731 735 802 liberet;
759 732 985 804 quinto,
1019 735 1312 806 quomodo
1361 731 1678 789 Liberatori
1717 731 1838 787 sint

175 821 379 896 gratim
410 821 743 878 referendae.
767 820 1106 877 Ostenditur
1153 822 1333 895 igitur
1371 823 1524 896 quod
1554 820 1832 887 Ecclesia,

174 910 239 966 in
271 928 389 983 qua
418 909 687 967 Christus
715 917 800 966 est
829 927 963 966 cum
996 910 1269 968 ﬁdelibus
1291 912 1587 984 suis,pene
1609 909 1834 983 pericli-

175 1002 500 1066 tatur,cum
532 998 750 1055 dicitur
778 999 931 1072 quod
960 1001 1224 1058 navicula
1252 1002 1626 1071 operiebatur
1655 999 1839 1073 ﬂucti-

183 1089 305 1144 bus.
337 1086 475 1143 Vult
502 1087 680 1155 enim,
714 1088 923 1144 fratres
956 1088 1087 1160 mei,
1124 1089 1392 1146 Christus
1422 1090 1580 1163 quod
1611 1089 1703 1146 sui
1735 1106 1838 1162 per

176 1175 588 1233 tribulationes
617 1181 1049 1251 transeant,per
1077 1196 1226 1252 quas
1252 1178 1378 1252 ipse
1398 1180 1653 1236 transiit.
1672 1177 1835 1234 Unde

180 1265 310 1338 ipse
340 1264 422 1321 ait
452 1282 465 1321 :
498 1267 610 1337 Qui
651 1267 796 1323 mihi
821 1268 1136 1340 ministrat,
1170 1286 1263 1326 me
1307 1281 1589 1343 sequatur
1637 1272 1830 1339 (Joan.

174 1353 300 1427 xu).
329 1354 401 1409 Et
428 1353 741 1427 Apostolus
774 1359 1018 1415 :Omnes
1050 1359 1147 1431 qui
1174 1359 1269 1429 pie
1298 1361 1488 1417 volunt
1534 1360 1725 1416 vivere
1774 1356 1835 1412 in

175 1443 862 1517 Christo,persecutiones
878 1447 1179 1518 patientur
1198 1452 1281 1518 (II
1307 1450 1455 1507 Tim.
1483 1449 1588 1521 ιιι).
1610 1450 1681 1505 Et
1702 1448 1833 1506 hoc,

174 1533 387 1590 fratres
418 1533 556 1601 mei,
588 1538 790 1590 contra
836 1535 968 1591 illos
999 1542 1089 1593 est
1120 1537 1221 1609 qui
1271 1554 1373 1610 per
1412 1537 1739 1605 mollitiem,
1774 1542 1834 1593 et

177 1638 285 1695 per
321 1622 768 1694 prosperitatem
819 1623 999 1696 hujus
1037 1625 1234 1681 saeculi
1264 1625 1465 1682 volunt
1492 1626 1729 1682 tendere
1759 1626 1832 1681 ad

180 1707 491 1783 praemium
524 1711 707 1783 regni,
732 1728 867 1767 cum
894 1713 1026 1768 duri
1057 1718 1114 1769 et
1137 1713 1412 1771 laboriosi
1442 1713 1679 1783 milites,
1712 1732 1828 1770 non

1943 554 2331 612 Terrestrium
2377 556 2834 627 contemptorem
2864 557 2922 608 et
2948 550 3275 609 caelestium
3305 550 3587 625 appetito-

1944 663 2067 702 rem
2099 646 2308 712 reddit,
2342 644 2480 717 quia
2509 643 2609 716 qui
2659 660 2774 697 non
2802 642 2979 698 habet
3008 647 3066 698 et
3102 641 3164 697 in
3192 640 3439 698 terrenis
3471 657 3588 712 quo

1944 735 2282 802 delectetur,
2316 732 2545 789 facilius
2593 732 2664 787 ad
2711 747 2967 787 amorem
3000 730 3325 786 ccelestium
3354 729 3591 787 inﬂam-

1945 824 2310 880 matur.Hinc
2341 826 2429 879 est
2454 822 2606 895 quod
2631 819 3133 893 Propheta,sciens
3153 818 3589 876 tribulationem

1935 912 2118 986 justis
2148 929 2274 969 esse
2304 916 2423 968 tam
2456 909 2679 979 utilem,
2712 908 2957 965 clamat:
2986 908 3323 973 Domine,ne
3350 909 3596 965 derelin-

1942 1018 2083 1075 quas
2112 1018 2205 1057 me
2232 1016 2631 1075 usquequaque
2660 1000 2835 1069 (Psal.
2870 996 3079 1069 cxvm).
3103 996 3312 1069 Aliquo
3334 997 3505 1054 modo
3528 1015 3591 1055 se

1943 1090 2271 1163 derelinqui
2302 1090 2413 1147 sibi
2444 1088 2587 1145 utile
2617 1105 2745 1145 esse
2786 1087 3096 1144 videbatur
3125 1087 3224 1160 qui
3254 1102 3346 1156 ne,
3378 1104 3592 1160 usque-

1943 1195 2175 1253 quaque
2205 1178 2724 1250 derelinqueretur,
2756 1176 3014 1249 rogabat.
3053 1175 3211 1233 Idem
3249 1192 3261 1232 :
3294 1178 3375 1232 Da
3420 1176 3585 1243 mihi,

1942 1268 2447 1342 inquit,au:rilium
2477 1266 2546 1323 de
2576 1265 2944 1323 tribulatione
2974 1266 3148 1334 (Psal.
3185 1265 3457 1337 LIX).N0!1
3487 1266 3588 1334 ait,

1942 1376 1977 1415 a
2006 1358 2404 1423 tribulatione,
2436 1357 2577 1429 quia
2605 1373 2643 1411 n
2664 1373 2739 1412 on
2771 1359 2937 1428 rogat
2980 1371 3015 1411 a
3043 1371 3105 1410 se
3146 1353 3590 1410 tribulationem

1942 1448 2287 1515 auferri,sed
2318 1447 2388 1503 de
2415 1444 2791 1502 tribulatione
2821 1443 3102 1500 auxilium
3133 1442 3434 1516 provenire
3454 1443 3585 1501 sibi.

1940 1536 2060 1592 lloc
2091 1536 2412 1611 praevidens
2459 1534 2743 1591 Dominus
2773 1532 2943 1606 quasi
2971 1531 3268 1603 dormitat,
3301 1532 3443 1588 dum
3491 1549 3590 1589 eos

1938 1625 2186 1682 liberare
2216 1624 2541 1699 prolongat.
2565 1623 2756 1679 Tertio
2787 1622 3118 1679 ostenditur
3155 1622 3447 1694 quomodo
3478 1621 3592 1701 Do-

1939 1717 2136 1773 minus
2168 1716 2245 1773 sit
2275 1714 2655 1772 suscitandus
2712 1730 2845 1769 cum
2879 1712 3152 1769 subditur
3184 1727 3197 1766 :
3232 1715 3303 1768 Et
3336 1726 3589 1768 accesse-

178 1797 387 1897 molles
418 1801 476 1855 et
505 1799 1221 1867 eﬁ‘eminati,coronantur.
1238 1803 1503 1859 Secundo
1531 1821 1665 1860 vero
1686 1805 1827 1860 sub-
1858 1840 1904 1905 B
1935 1814 2098 1875 runt,
2126 1815 2184 1862 et
2210 1805 2632 1862 suscitaverunt
2661 1819 2792 1858 eum
2817 1802 3067 1859 dicentes
3100 1816 3114 1856 :
3144 1800 3402 1869 Domine,
3432 1802 3593 1857 salva

176 1886 342 1943 ditur
367 1902 546 1943 causa
591 1904 772 1960 quare
819 1888 1229 1947 tribulationes
1276 1893 1494 1948 sanctis
1534 1894 1821 1961 eveniant,

176 1990 315 2030 cum
345 1974 620 2031 subditur
650 1993 664 2032 :
697 1980 825 2047 Ipse
853 1995 987 2036 vero
1014 1980 1355 2037 dormiebat.
1390 1981 1522 2037 Ideo
1572 1981 1827 2039 Ecclesia

178 2063 418 2136 patitur,
452 2063 592 2136 quia
620 2063 884 2123 Christus
914 2068 1151 2124 dormit.
1186 2069 1297 2125 Sed
1351 2071 1663 2142 quomodo,
1708 2071 1826 2127 fra-

178 2154 320 2221 tres,
354 2151 591 2220 dormit,
623 2168 757 2209 cum
788 2155 858 2211 de
878 2170 945 2211 eo
966 2156 1249 2229 scriptum
1268 2157 1344 2214 sit
1365 2176 1378 2215 :
1403 2164 1528 2218 Non
1548 2160 1826 2217 dormitat

176 2257 362 2313 neque
389 2240 639 2299 dormiet
667 2243 768 2315 qui
791 2245 1038 2302 custodit
1067 2248 1246 2303 Israel
1265 2251 1288 2303 Ρ
1307 2251 1486 2316 (Psal.
1520 2253 1671 2317 cxx.)
1696 2250 1827 2305 Fra-

178 2330 596 2399 tres,dormitio
628 2330 842 2387 Christi
871 2332 1262 2392 dissimulatio
1293 2342 1380 2392 est
1410 2337 1626 2396 auxilii.
1663 2340 1828 2394 Tunc

180 2416 451 2475 Christus
471 2418 530 2474 in
560 2419 821 2477 Ecclesia
848 2420 1070 2495 vigilat,
1105 2440 1238 2481 cum
1271 2442 1399 2482 eam
1430 2427 1656 2494 liberat,
1689 2431 1830 2483 tunc

181 2505 396 2562 dicitur
422 2506 696 2577 dormire,
722 2511 957 2582 quando
987 2511 1178 2568 differt
1205 2512 1472 2572 liberare.
1506 2516 1670 2572 Unde
1700 2516 1834 2573 Pro-

178 2593 357 2667 pheta
388 2595 450 2650 in
481 2594 857 2654 tribulatione
886 2599 1133 2672 positus,
1157 2603 1229 2658 ad
1260 2619 1394 2659 eum
1426 2604 1642 2661 clamat
1674 2622 1687 2660 :
1722 2610 1832 2662 Ea:-

178 2699 560 2757 surge,quare
569 2686 808 2743 obdorm
816 2687 882 2756 is,
890 2689 1023 2744 Dom
1031 2689 1124 2745 ine
1139 2693 1161 2745 P
1174 2707 1423 2763 exsurge
1440 2701 1575 2750 etne
1588 2695 1836 2763 repellas

179 2772 241 2829 in
282 2773 453 2844 ﬁnem
496 2775 674 2844 (Psal.
705 2777 891 2849 xum).
934 2778 1004 2833 Et
1047 2795 1245 2851 quare,
1296 2780 1523 2849 fratres,
1565 2783 1833 2840 Christus

176 2861 498 2919 Ecclesiam
530 2880 700 2920 suam
744 2865 935 2921 differt
965 2865 1257 2925 liberare?
1287 2869 1433 2936 Quia
1461 2869 1619 2927 novit
1646 2872 1834 2929 tribu-

179 2950 457 3008 lationem
489 2952 541 3008 ei
573 2951 778 3010 utilem
808 2971 956 3012 esse.
983 2956 1195 3013 Reddit
1224 2958 1381 3014 enim
1412 2959 1712 3018 tribulatio
1734 2963 1835 3034 ju-

182 3043 341 3097 stum
371 3042 847 3113 emendatiorem,
869 3044 1265 3116 humiliorem,
1290 3046 1837 3116 clariorem,cautio-

184 3145 333 3198 rem,
362 3129 684 3199 fortiorem,
715 3133 1081 3189 terrestrium
1114 3139 1595 3209 contemptorem,
1637 3143 1694 3195 et
1724 3156 1836 3195 ccc-

1932 1913 2052 1963 nos,
2086 1896 2367 1966 perimus.
2398 1893 2514 1950 Nos
2563 1907 2795 1965 quoque
2844 1890 3072 1957 fratres,
3105 1905 3239 1944 cum
3286 1891 3589 1945 tentamur

1933 1989 1992 2042 et
2022 1982 2398 2049 tribulamur,
2440 1981 2788 2038 accedamus
2830 1978 2902 2035 ad
2952 1978 3268 2048 Christum,
3319 1977 3434 2034 ﬁde
3484 1994 3591 2051 per

1932 2072 2300 2131 dilectionem
2329 2074 2607 2145 operante
2636 2070 2782 2138 (Gal.
2813 2068 2891 2140 v),
2925 2065 3280 2123 suscitemus
3305 2082 3441 2122 eum
3471 2063 3588 2122 cla-

1935 2179 2094 2219 more
2127 2178 2385 2236 precum.
2419 2160 2501 2216 De
2554 2157 2859 2231 sapientia,
2911 2157 2984 2212 de
3030 2154 3272 2225 viribus,
3324 2155 3395 2211 de
3452 2154 3593 2211 divi-

1933 2251 2034 2308 tiis
2093 2250 2331 2317 nostris,
2388 2250 2460 2305 de
2516 2246 2731 2304 auxilio
2797 2244 3105 2302 hominum
3164 2261 3281 2300 non
3336 2243 3594 2301 conﬁda-

1937 2359 2092 2413 mus,
2124 2340 2401 2414 quoniam
2434 2338 2720 2409 scriptum
2750 2339 2838 2392 est
2870 2352 2882 2390 :
2910 2335 3022 2405 Qui
3037 2334 3264 2405 conlidit
3282 2333 3341 2389 in
3370 2333 3594 2391 divitiis

1934 2432 2056 2489 suis
2109 2437 2344 2487 corruet
2394 2428 2584 2501 (Prov.
2618 2425 2734 2497 x1);
2787 2428 2885 2481 et:
2923 2424 3259 2481 Maledictus
3309 2423 3407 2496 qui
3458 2437 3597 2480 con-

1934 2522 2061 2595 ﬁdit
2112 2522 2170 2576 in
2224 2520 2451 2575 homine
2480 2517 2617 2587 (Jer.
2656 2514 2815 2587 xvn).
2859 2514 2970 2571 Sed
3020 2514 3092 2570 de
3147 2510 3271 2570 solo
3321 2513 3438 2595 Deo
3483 2506 3586 2585 qui

1939 2592 2056 2667 non
2086 2607 2438 2681 derelinquit
2467 2609 2769 2680 sperantes
2798 2604 2860 2660 in
2891 2621 2973 2673 se,
3007 2603 3287 2677 quoniam
3320 2592 3421 2677 qui
3452 2596 3591 2660 con-

1939 2700 2131 2756 ﬁdunt
2186 2698 2247 2753 in
2303 2696 2568 2764 Domino,
2603 2698 2743 2751 sunt
2796 2694 2949 2751 sicut
3003 2710 3175 2750 mons
3233 2693 3373 2749 Sion
3413 2692 3635 2765 (Psal.'.

1942 2792 2146 2858 cxxw).

2012 2877 2344 2935 Clamcmus
2374 2874 2557 2949 igitur
2585 2875 2657 2930 ad
2690 2890 2825 2930 eum
2857 2869 3619 2945 suspiﬁis,gemitibus,la-~

1943 2967 2243 3041 crymis,et
2272 2965 2544 3039 precibus
2574 2979 2709 3019 eum
2736 2962 2808 3017 ad
2830 2960 3230 3017 miserandum
3251 2958 3589 3015 excitemus.

1946 3057 2251 3113 Dicamus:
2287 3054 2548 3111 Petimus
2577 3053 2635 3107 in
2666 3051 2836 3108 nobis
2862 3069 2875 3120 ;
2900 3050 3001 3106 sed
3016 3049 3207 3123 tu,qui
3225 3046 3387 3105 solus
3402 3051 3591 3121 potes,

1946 3145 2105 3202 salva
2134 3163 2263 3200 nos.
2298 3143 2357 3200 Si
2406 3142 2586 3212 enim,
2619 3141 2845 3207 fratres,
2878 3139 3003 3194 haec
3032 3141 3284 3210 quatuor
3319 3134 3594 3193 habueri-

182 3217 420 3276 lestium
452 3219 923 3311 desideratorem.
948 3223 1419 3282 Emendatiorem
1450 3227 1660 3296 reddit,
1693 3229 1834 3300 quia
1863 3212 1905 3280 C
1946 3253 2102 3304 mus,
2134 3234 2309 3289 ﬁdem
2348 3248 2567 3299 veram,
2601 3245 2832 3303 precem
2863 3227 3168 3311 mundam,
3201 3222 3592 3282 diffidentiam

185 3312 553 3381 peccatorum
586 3310 849 3367 maculas
870 3311 1247 3370 abluit.Unde
1268 3315 1549 3371 Dominus
1578 3334 1683 3390 per
1709 3335 1836 3391 pro-

184 3395 450 3469 phetam:
473 3401 803 3472 Excoquam
822 3401 901 3456 ad
924 3416 1137 3471 purum
1159 3403 1409 3460 scoriam
1432 3411 1591 3460 tuam
1608 3407 1767 3474 (Isai.
1792 3410 1835 3478 ι)

184 3484 351 3552 Quod
390 3490 633 3558 apparet
676 3486 738 3542 in
778 3487 961 3544 Maria
1014 3506 1210 3547 sorore
1260 3491 1484 3565 Moysi:
1519 3511 1645 3566 quae
1696 3496 1834 3568 quia

183 3576 520 3646 peccaverat
568 3578 993 3634 murmurando
1052 3578 1112 3634 in
1174 3579 1432 3649 fratrem,
1491 3582 1720 3655 punita,
1779 3587 1836 3641 et

184 3658 386 3716 abluta
412 3664 501 3717 est
528 3678 634 3735 per
652 3661 823 3736 leprte
851 3666 1598 3738 passionem.Humiliorcm
1623 3673 1830 3740 reddit,

184 3747 322 3823 quia
349 3765 484 3806 eum
531 3768 637 3825 per
682 3756 1131 3828 prosperitatem
1178 3758 1482 3831 superbire
1522 3777 1639 3817 non
1670 3762 1830 3818 sinit.

183 3837 349 3894 Sicut
374 3838 533 3894 enim
582 3842 940 3914 prosperitas
991 3843 1139 3901 solet
1167 3862 1296 3903 esse
1333 3865 1512 3904 causa
1540 3849 1831 3923 elationis,

181 3925 264 3984 ita
290 3927 613 3986 adversitas
643 3929 1012 3988 humilitatis.
1045 3933 1209 3990 Unde
1230 3935 1483 3993 Paulus:
1507 3939 1829 4012 Ne,inquit,

178 4016 515 4088 magnitudo
542 4021 959 4077 rcvelationum
989 4024 1230 4079 extollat
1256 4026 1550 4091 me,datus
1579 4038 1663 4084 est
1688 4029 1835 4085 mihi

177 4105 449 4163 stimulus
471 4108 668 4164 carnis
695 4125 857 4180 meae,
882 4112 1121 4182 angelus
1147 4116 1377 4170 Satanas
1418 4115 1518 4187 qui
1555 4132 1649 4172 me
1683 4119 1835 4175 cola-

177 4193 376 4265 phizet
434 4198 508 4266 (ιι
553 4199 687 4255 Cor.
728 4197 851 4270 χιι).
886 4199 1201 4257 Clariorem
1260 4202 1473 4271 reddit,
1530 4205 1829 4277 quoniam,

181 4287 404 4357 quanto
442 4284 578 4360 plus
601 4287 804 4359 justus
851 4288 1251 4364 impugnatur,
1284 4290 1498 4348 clarior
1536 4294 1829 4365 efﬁcitur;

181 4373 338 4447 quod
369 4380 609 4448 apparet
635 4375 697 4431 in
728 4375 836 4433 Job
866 4382 924 4434 et
948 4378 1009 4435 in
1039 4379 1259 4438 sanctis
1283 4381 1660 4454 martyribus.
1695 4386 1836 4441 Cau-

179 4462 387 4519 tiorem
420 4463 629 4533 reddit,
662 4464 942 4537 quoniam
974 4474 1192 4541 quanto
1223 4469 1358 4543 plus
1386 4470 1716 4542 infestatur,
1744 4473 1833 4529 vi-

1941 3325 2011 3381 de
2042 3322 2230 3387 nobis,
2263 3321 2323 3377 in
2356 3338 2422 3376 eo
2444 3318 2567 3376 solo
2590 3317 2800 3375 salutis
2832 3315 3264 3388 ﬁduciam,ipse
3284 3314 3386 3388 qui
3408 3313 3588 3371 dixit:
3618 3330 3623 3335 '

1940 3412 2295 3477 Clamabitis,
2328 3419 2384 3465 et
2412 3424 2517 3480 ego
2546 3408 2862 3464 exaudiam
2891 3422 2991 3462 vos
3020 3406 3159 3475 (Jer.
3200 3404 3375 3477 χχιχ),
3410 3419 3587 3459 exau-

1943 3503 2079 3570 diet,
2114 3499 2414 3573 quoniam,
2449 3502 2516 3553 ut
2543 3497 2625 3553 ait
2668 3495 2984 3570 Apostolus
3013 3511 3026 3549 :
3058 3494 3274 3552 Fidelis
3308 3501 3393 3549 est
3421 3493 3589 3559 Deus,

1939 3591 2037 3664 qui
2062 3604 2174 3645 non
2198 3588 2457 3658 patietur
2486 3602 2581 3643 vos
2610 3586 2829 3643 tentari
2855 3600 3038 3655 supra
3066 3584 3125 3640 id
3153 3583 3303 3657 quod
3329 3573 3591 3653 potestis,

1938 3680 2039 3736 sed
2064 3678 2240 3751 faciet
2250 3693 2379 3733 cum
2398 3677 2718 3733 tentatione
2742 3671 3611 3745 proventum,utpossitissusti--

1939 3785 2079 3824 nere
2103 3767 2273 3837 (Psal.
2310 3768 2411 3834 ιχ),
2448 3769 2506 3821 et
2535 3765 2646 3821 erit
2675 3764 2908 3837 adjutor
2938 3763 2999 3819 in
3031 3759 3589 3836 opportunitatibus,

1939 3857 2000 3912 in
2024 3854 2423 3911 tribulatione.
2458 3853 2621 3910 Unde
2668 3851 2941 3911 subditur
2970 3868 2984 3906 :
3019 3852 3170 3923 Quid
3207 3849 3400 3908 timidi
3429 3850 3590 3909 estis,

1939 3945 2177 4002 modica:
2203 3943 2372 4015 ﬁdei?
2402 3944 2506 4000 Est
2528 3946 2726 3999 autem
2748 3941 2869 3997 haec
2892 3958 3028 4014 pars
3048 3939 3343 4014 quarta,in
3368 3954 3485 4011 qua
3504 3954 3593 3994 os-

1938 4033 2200 4090 tenditur
2230 4032 2523 4104 quomodo
2536 4032 2691 4088 Deus
2708 4029 2860 4086 ﬁlios
2873 4046 3011 4087 suos
3025 4031 3095 4086 de
3108 4026 3444 4084 modicitate
3454 4024 3591 4082 ﬁdei

1939 4126 1995 4179 et
2022 4122 2231 4177 timore
2262 4120 2540 4192 increpat,
2564 4124 2620 4176 et
2648 4136 2746 4176 eos
2775 4116 3421 4185 liberat.Forte,fratres
3452 4113 3587 4183 mei,

1940 4227 2091 4282 saepe
2138 4224 2246 4263 nos
2277 4205 2600 4278 majoribus
2629 4210 2686 4261 et
2714 4204 3081 4278 longioribus
3110 4202 3591 4260 tribulationibus

1941 4304 2090 4356 Deus
2118 4314 2226 4353 nos
2254 4296 2544 4368 probaret,
2568 4298 2635 4349 ut
2681 4293 2870 4368 magis
2908 4310 3287 4362 mereremur,
3319 4292 3422 4350 sed
3453 4289 3595 4364 quia

1939 4406 2009 4445 ex
2036 4386 2371 4444 modicitate
2396 4383 2529 4439 ﬁdei
2550 4383 2994 4452 timemus,eum
3017 4382 3185 4456 quasi
3207 4386 3341 4438 ante
3357 4384 3591 4452 tempus
3615 4421 3621 4427 .

1941 4493 2179 4552 surgere
2207 4474 2555 4549 cogimus,et
2580 4489 2689 4528 nos
2716 4471 2984 4528 liberare.
3007 4471 3170 4539 Quod
3193 4471 3360 4537 bene,
3385 4469 3592 4525 fratres

179 4549 458 4651 gilantior
484 4552 756 4651 efﬁcitur.
789 4554 955 4651 Sicut
980 4556 1135 4651 enim
1170 4556 1528 4651 prosperitas
1560 4561 1711 4634 parit
1741 4580 1829 4620 se-
1866 4586 1911 4651 Ι)
1941 4549 2269 4626 ostenditur
2288 4581 2391 4637 per
2404 4563 2640 4619 Petrum
2664 4559 3063 4616 ambulantem
3086 4575 3263 4632 super
3276 4555 3590 4651 aquas,qui

180 4637 800 4713 curitatem,securitas
830 4648 1353 4719 contemptum,ita
1381 4650 1703 4707 adversitas
1731 4668 1834 4725 ge--

182 4730 348 4783 nerat
373 4726 668 4800 timorem,
714 4731 895 4789 timor
940 4732 1324 4808 vigilantiam.
1372 4735 1531 4793 Unde
1579 4739 1831 4798 Petrus:

186 4814 458 4889 Vigilate,
508 4816 721 4892 inquit,
769 4819 830 4877 in
857 4822 1238 4892 orationibus,
1279 4825 1416 4895 quia
1460 4827 1835 4888 adversarius

180 4914 370 4962 vester
394 4905 658 4966 diabolus
711 4917 986 4985 tanquam
1037 4913 1126 4970 leo
1153 4914 1408 4985 rugiens,
1440 4917 1648 4974 circuit
1677 4936 1835 4992 quae-

179 5010 316 5052 rens
344 4998 755 5069 quemdevoret
784 5002 834 5074 (I
848 5005 1120 5072 Petr.1v).
1139 5002 1455 5060 Fortiorem
1485 5006 1835 5081 reddit,quia

179 5088 402 5158 quanto
415 5084 551 5159 plus
561 5093 955 5161 oppugnatur,
963 5090 1035 5146 ad
1058 5089 1454 5148 resistendum
1468 5095 1836 5154 exercitatior

178 5176 241 5229 et
270 5172 473 5231 durior
496 5174 764 5233 efﬁcitur.
800 5177 926 5234 Non
948 5178 1104 5236 enim
1135 5178 1353 5238 athleta
1382 5184 1575 5254 potest
1605 5185 1676 5240 ad
1707 5202 1830 5243 cer-

178 5264 377 5319 tamen
407 5279 655 5339 magnos
675 5265 919 5340 spiritus
943 5270 1166 5338 afferre,
1198 5269 1297 5343 qui
1318 5287 1621 5345 nunquam
1648 5276 1830 5349 sugil-

178 5350 358 5422 latus,
390 5370 696 5429 nunquam
728 5373 1045 5431 percussus
1074 5362 1180 5415 est.
1212 5359 1281 5414 Et
1310 5359 1511 5417 fortior
1539 5368 1629 5420 est
1658 5366 1832 5424 arbor

178 5458 309 5516 quas
339 5442 595 5518 agitatur
625 5463 659 5504 a
686 5447 874 5505 ventis
905 5447 967 5503 in
997 5451 1211 5516 monte,
1245 5465 1424 5521 quam
1467 5467 1592 5522 quae
1624 5457 1831 5513 crescit

179 5530 241 5585 in
272 5532 468 5604 aprica
495 5533 662 5591 valle.
697 5535 791 5593 Sic
837 5535 1043 5592 fortior
1087 5540 1176 5592 est
1224 5537 1324 5610 qui
1376 5537 1436 5593 in
1481 5540 1827 5602 adversitate

179 5619 440 5680 nutritus
470 5627 576 5694 est,
603 5639 780 5697 quam
832 5624 933 5697 qui
962 5624 1022 5682 in
1057 5625 1461 5699 prosperitate.
1488 5627 1641 5687 Vasa
1670 5631 1827 5691 enim

1943 4659 2095 4712 certe
2125 4653 2316 4709 iturus
2345 4654 2500 4709 esset
2527 4650 2599 4705 ad
2641 4648 2864 4717 Jesum,
2897 4647 3012 4704 nisi
3040 4647 3274 4703 timeret
3318 4648 3377 4701 et
3424 4644 3592 4700 dubi-

1942 4746 2112 4810 taret,
2147 4743 2249 4799 sed
2283 4740 2421 4814 quia
2447 4742 2687 4795 ventum
2726 4732 2986 4794 validum
3016 4735 3345 4793 venientem
3369 4731 3588 4799 timuit,

1944 4831 2116 4905 ρωρῆ
2173 4829 2357 4903 mergi
2415 4828 2639 4901 (Matth.
2700 4831 2837 4897 XIV).
2893 4826 2966 4882 Et
3018 4826 3103 4882 ita
3158 4821 3591 4899 quodammodo

1943 4919 2132 4993 coegit
2162 4918 2477 4974 Dominum
2526 4915 2639 4973 sibi
2688 4920 2822 4972 ante
2862 4919 3096 4989 tempus
3125 4912 3432 4971 extendam
3460 4926 3592 4966 ωα-

1942 5026 2106 5067 num.
2139 5008 2329 5080 Super
2380 5022 2565 5079 aquas
2611 5006 2768 5061 enim
2822 5006 2892 5061 ad
2940 5004 3143 5061 Jesum
3193 4999 3589 5068 ambulamus,

1943 5098 2181 5172 quando
2211 5095 2620 5151 tribulationes
2672 5098 2731 5149 et
2772 5092 3124 5150 tentationes
3169 5090 3352 5163 hujus
3382 5087 3590 5144 mundi

1941 5190 2381 5245 contemnentes
2410 5188 2468 5240 et
2513 5181 2908 5252 calcantes,ad
2936 5198 3073 5239 eum
3104 5180 3474 5238 festinamus.
3505 5176 3591 5232 Ad

1940 5276 2192 5353 quem,si
2224 5289 2749 5349 perseverarcmus,
2781 5287 2915 5327 cum
2962 5270 3167 5343 majori
3208 5284 3422 5326 corona
3448 5282 3593 5321 ven-

1938 5352 2056 5424 turi
2078 5362 2451 5423 eramus.Sed
2485 5360 2534 5417 si
2566 5361 2638 5417 ad
2662 5359 2918 5417 validam
2950 5358 3394 5417 tribulationem
3426 5352 3595 5409 dubi-

1938 5461 2134 5513 tamus
2164 5457 2222 5509 et
2250 5452 2548 5519 timemus,
2568 5448 2888 5522 incipimus
2917 5448 3122 5522 mergi,
3142 5453 3202 5506 et
3228 5447 3433 5504 Jesum
3464 5458 3594 5498 mas

1938 5562 2081 5602 num
2112 5541 2313 5600 auxilii
2345 5539 2514 5595 nobis
2544 5542 2678 5594 ante
2721 5541 2957 5611 tempus
3005 5538 3301 5611 porrigere
3339 5530 3593 5589 concita-

1936 5651 2091 5692 mus.
2126 5632 2367 5706 Propter
2410 5628 2541 5699 hoc,
2568 5626 2779 5686 fratres
2812 5628 2948 5698 mei,
2981 5640 3090 5682 nos
3120 5622 3281 5685 Deus
3310 5621 3597 5691 increpat,
