3982 6082
168 293 314 352 1³761

824 287 1180 351 HOMILI/E
1222 287 1302 348 IN
1347 283 1600 349 EPIST.
1644 286 1744 346 ET
1786 283 2074 346 EVANG.
2120 277 2474 347 DOMIN’IC.
2505 319 2583 328 —
2614 283 2813 347 PARS
2860 285 2908 345 Ι.

3415 281 3570 348 1762

165 423 470 501 patiamini
517 422 818 496 proximis,
843 426 909 478 ut
951 424 1147 478 tamen
1197 424 1431 493 propter
1475 419 1583 476 hoc
1641 437 1676 475 a
1720 417 1813 474 via
1840 418 1895 484 Α
1924 421 2207 490 tanquam
2234 434 2350 474 non
2381 418 2687 486 nubentes,
2722 419 2822 492 qui
2853 419 3110 492 gaudent
3140 423 3423 494 tanquam
3454 440 3570 480 non

165 519 322 572 recta
353 531 468 570 non
500 511 857 569 exorbitetis.
892 516 1068 568 Porro
1101 509 1197 566 isti
1229 510 1331 582 qui
1362 512 1600 582 propter
1644 524 1814 564 curas

165 610 221 661 et
237 603 501 661 carnales
518 603 760 660 affectus
782 619 816 657 a
835 601 1040 658 viaDei
1068 598 1502 673 aliquantulum
1525 598 1818 654 retardan-

163 697 284 766 tur,
305 693 539 766 quando
570 691 640 749 ad
673 695 888 748 metam
921 689 1125 757 stadii,
1148 689 1204 744 id
1226 693 1318 745 est
1347 689 1419 744 ad
1451 691 1698 744 mortem
1728 702 1818 742 ve-

165 782 718 856 niunt,plerumque
748 797 863 836 non
887 779 1084 835 statim
1107 777 1371 834 bravium
1393 774 1816 850 accipiunt,sed

166 873 238 928 de
270 871 539 941 maculis,
577 888 723 944 quas
762 887 832 926 ex
872 867 1029 925 curis
1059 872 1116 923 et
1145 867 1451 924 affectibus
1481 864 1816 922 carnalibus

167 964 598 1027 contraxerunt,
633 960 692 1014 in
725 959 857 1032 igne
888 957 1225 1032 purgatorio
1257 960 1602 1030 purgantur,
1637 959 1696 1010 et
1735 952 1817 1009 sic

164 1049 404 1107 tandem
434 1049 701 1106 bravium
733 1051 1189 1119 consequuntur.
1237 1045 1591 1118 Retrograde
1620 1047 1817 1099 autem

163 1142 428 1206 currunt,
462 1137 562 1210 qui
593 1136 702 1193 etsi
732 1135 793 1191 in
821 1135 916 1192 via
945 1135 1046 1192 Dei
1078 1138 1220 1192 sunt
1249 1151 1351 1206 per
1389 1134 1584 1202 ﬁdem,
1619 1136 1817 1188 tamen

165 1227 239 1284 ad
259 1225 559 1282 mundana
570 1224 860 1282 desideria
875 1225 1120 1280 redeunt
1135 1241 1238 1297 per
1256 1221 1814 1296 concupiscentiam.

164 1315 235 1372 Hi
255 1319 395 1373 sunt
421 1315 518 1389 qui
543 1314 785 1372 affectus
807 1330 1075 1383 uxorum,
1100 1313 1439 1380 liberorum,
1461 1311 1816 1376 divitiarum,

166 1406 455 1461 bonorum
487 1408 544 1460 et
571 1403 939 1477 voluptatum
995 1407 1106 1458 Deo
1153 1407 1519 1475 prmponunt,
1544 1417 1648 1456 nec
1693 1417 1818 1471 quae

166 1493 290 1562 Del,
319 1493 420 1550 sed
455 1510 581 1566 qua:
613 1492 819 1548 mundi
850 1496 1007 1560 sunt,
1026 1495 1146 1547 toto
1177 1488 1464 1547 desiderio
1487 1487 1816 1561 requirunt,

167 1587 245 1654 et,
291 1584 465 1654 juxta
497 1581 849 1655 ,Apostolum
887 1600 900 1638 :
938 1583 1282 1653 Conﬁtentur
1326 1597 1383 1636 se
1428 1595 1580 1636 nosse
1623 1583 1815 1646 Deum,

167 1673 332 1744 factis
359 1681 544 1728 autem
572 1680 771 1744 negant
803 1673 929 1742 (Tit.
963 1671 1025 1744 1).
1063 1670 1170 1736 Qui
1221 1670 1366 1726 bene
1412 1669 1822 1743 signiﬁcantur

169 1778 275 1835 per
303 1761 456 1818 filios
487 1761 683 1831 Israel,
716 1777 864 1834 quos
911 1777 1046 1816 cum
1096 1758 1378 1815 Dominus
1426 1759 1496 1815 de
1543 1757 1820 1814 servitute

171 1849 491 1907 Pharaonis
523 1866 627 1923 per
648 1851 964 1906 transitum
997 1849 1177 1906 maris
1213 1849 1393 1904 Rubri
1424 1847 1744 1915 exudisset,
1767 1851 1824 1902 et

169 1956 277 1996 eos
301 1957 405 2013 per
433 1941 726 1996 desertum
760 1943 1100 1996 sustentans
1122 1937 1436 2003 manna,ad
1458 1941 1673 1992 terram
1699 1951 1824 2008 pro-

172 2028 474 2086 missionis
523 2027 779 2096 duceret,
823 2028 1186 2084 fastidientes
1239 2043 1475 2096 manna,
1517 2029 1574 2082 et
1605 2031 1820 2080 terram

168 2117 577 2192 promissionis
633 2117 909 2175 oblivioni
985 2119 1211 2185 dantes,
1279 2116 1715 2172 revertebantur
1759 2113 1820 2168 in

164 2211 479 2284 Bgyptum
502 2207 962 2274 corde,dicentes
981 2224 993 2261 :
1015 2207 1396 2262 Revertamur
1411 2205 1484 2260 ad
1511 2205 1821 2276 Egyptum

172 2296 247 2354 ad
280 2296 422 2354 ollas
444 2296 732 2366 carnium,
749 2297 821 2354 ad
845 2313 1100 2370 pepones
1126 2300 1182 2352 et
1203 2294 1342 2352 allia
1364 2293 1552 2367 (Exod.
1577 2309 1818 2359 xw,xv1;

169 2387 334 2444 Num.
369 2402 411 2458 ι,
428 2385 562 2458 xw).
584 2386 786 2442 Nonne
816 2385 1076 2460 idipsum
1109 2384 1330 2440 faciunt
1359 2383 1531 2439 hodie
1575 2381 1659 2436 illi
1691 2381 1822 2438 falsi

173 2475 498 2543 christiani,
530 2477 630 2549 qui
661 2479 971 2549 postquam
1012 2491 1114 2546 per
1160 2473 1456 2529 Christum
1486 2489 1520 2526 a
1551 2470 1826 2527 servitute

180 2565 398 2622 diaboli
430 2570 487 2622 et
517 2582 716 2634 amore
750 2564 957 2620 mundi
987 2563 1238 2632 liberati,
1261 2580 1360 2634 per
1387 2560 1745 2634 baptismum
1773 2561 1825 2616 ei

177 2654 752 2722 abrenuntiaverunt,
813 2659 870 2710 et
927 2670 1077 2725 pane
1137 2651 1263 2708 θα)Ῑὶ
1327 2651 1662 2716 sustentati,
1724 2667 1826 2723 per

180 2741 467 2817 religiosa:
487 2743 620 2799 vita;
650 2743 1056 2810 desertum,ad
1078 2741 1370 2798 coclestem
1391 2739 1638 2812 patriam
1673 2740 1827 2796 festi-

177 2850 319 2889 nare
345 2837 663 2906 coeperunt,
697 2849 903 2888 rursus
952 2830 1241 2887 desiderio
1282 2831 1525 2886 redeunt
1563 2829 1635 2884 ad
1662 2845 1824 2885 amo-

175 2939 300 2978 rem
351 2926 410 2978 et
453 2922 792 2978 servitutem
842 2919 1077 2976 diaboli.
1128 2918 1276 2986 Quid
1325 2917 1480 2975 enim
1528 2935 1632 2992 per
1679 2917 1826 2974 ollas

173 3011 464 3079 carnium,
497 3011 612 3068 nisi
670 3011 836 3066 fortis
891 3009 1254 3066 consuetudo
1313 3007 1628 3082 ingluviei?
1675 3007 1823 3072 Quid

174 3117 282 3173 per
310 3117 582 3173 pepones,
616 3099 730 3156 nisi
760 3099 1007 3155 dulcedo
1054 3096 1392 3155 saecularis?
1419 3097 1490 3153 Et
1533 3097 1674 3170 quid
1722 3113 1827 3170 per

1925 508 2247 580 gaudentes
2301 508 2349 578 (Ι
2375 511 2498 564 Cor.
2529 511 2653 578 vn),
2688 508 2787 582 qui
2835 526 2938 582 per
2983 509 3329 582 temporalia
3376 513 3573 570 sciunt

1924 612 2116 652 emere
2137 596 2596 664 cmlestia.Quia,
2625 596 2674 652 si
2703 597 3047 654 tardiusculi
3077 599 3242 671 estis,
3273 605 3431 657 orate
3464 602 3573 658 Do-

1925 685 2155 742 minum
2186 685 2285 758 qui
2312 685 2623 742 exsultavit
2650 689 2715 741 ut
2737 686 2903 762 gigas
2931 688 3001 743 ad
3025 690 3374 746 currendam
3395 687 3574 762 viam,

1928 775 2084 848 (Psat
2130 777 2309 843 xvm),
2334 777 2392 831 et
2422 774 2594 832 dicito
2623 775 2674 831 ei
2700 792 2712 830 :
2743 776 2911 831 Trahe
2942 793 3030 832 me
3053 787 3174 850 post
3210 785 3278 845 te,
3293 796 3576 838 curramus

1925 865 1986 920 in
2017 864 2176 920 odore
2227 873 2640 938 unguentorum
2687 871 2908 921 tuorum
2941 865 3116 937 (Cant.
3152 872 3212 936 ι).
3246 867 3408 934 Quod
3451 869 3577 944 ipse

1927 953 2112 1010 facere
2143 953 2418 1026 dignetur
2437 953 2539 1028 qui
2559 971 2693 1010 cum
2715 955 2882 1010 Patre
2903 960 2958 1012 et
2978 955 3198 1028 Spiritu
3220 959 3580 1028 sancto,vivit

1927 1045 1984 1100 et
2010 1047 2216 1116 regnat
2247 1047 2399 1099 Deus
2431 1043 2490 1098 in
2521 1048 2824 1100 aeternum.
2853 1047 3059 1102 Amen.

2473 1149 2781 1206 HOMILIA
2815 1149 3036 1207 XXVII.

2333 1239 2609 1278 DOMINICA
2647 1239 2705 1277 ΙΝ
2743 1239 3182 1280 εεΡτυΑρεεΙΜΑ.

1998 1309 2192 1368 Simile
2226 1318 2304 1367 est
2351 1327 2582 1380 regnum
2627 1311 2887 1367 caelorum
2931 1313 3126 1368 homili
3147 1313 3577 1386 patrifamilias,

1927 1401 2026 1472 qui
2049 1401 2188 1456 exiit
2211 1401 2395 1472 primo
2425 1417 2585 1457 mane
2612 1400 2905 1458 conducere
2933 1404 3209 1474 operarios
3256 1405 3316 1458 in
3363 1406 3581 1461 vineam

1925 1505 2084 1545 suam
2113 1489 2331 1561 (Matth.
2364 1490 2482 1562 xx),
2516 1494 2572 1546 et
2601 1489 2843 1562 reliqua.
2880 1491 2943 1546 In
2974 1490 3084 1547 hac
3131 1491 3427 1566 parabola,
3463 1493 3577 1549 fra-

1926 1582 2047 1634 tres
2077 1577 2429 1658 charissimi,
2458 1578 2715 1634 ostendit
2743 1580 3027 1635 Dominus
3051 1584 3330 1654 quantam
3352 1599 3576 1650 curam,

1928 1671 2233 1740 quantam,
2255 1671 2318 1723 ut
2349 1667 2430 1723 ita
2461 1665 2727 1736 dixerim,
2752 1668 3226 1739 sollicitudinem,
3259 1669 3385 1744 ipse
3405 1671 3581 1728 habet

1935 1774 2111 1830 super
2135 1774 2320 1831 genus
2351 1756 2701 1814 humanum.
2736 1757 2797 1813 In
2825 1775 2939 1832 quo
2970 1759 3447 1817 confutanturilli
3477 1761 3580 1835 qui

1930 1846 2136 1902 dicunt
2161 1847 2345 1902 Deum
2376 1863 2469 1902 res
2499 1845 2791 1904 humanas
2822 1865 2936 1904 non
2955 1863 3180 1906 curare.
3199 1849 3465 1907 Ostendit
3483 1850 3580 1910 hic

1930 1935 2144 2010 quippe
2157 1936 2441 1992 Dominus
2461 1937 2620 2008 quod.
2641 1936 2794 1993 sicut
2807 1936 3021 2010 aliquis
3037 1938 3458 2012 paterfamilias
3471 1937 3582 1998 sol-

1931 2023 2086 2080 licite
2107 2025 2368 2098 providet
2395 2025 2594 2094 vineae,
2616 2043 2686 2082 ne
2710 2026 2888 2082 nimis
2911 2027 3264 2099 indurescat,
3282 2045 3353 2085 ne
3391 2028 3584 2088 inher-

1929 2115 2117 2184 betur,
2135 2131 2205 2169 ne
2226 2115 2460 2170 amittat
2487 2118 2722 2188 tempus
2752 2115 3075 2189 putationis
3103 2122 3162 2174 et
3195 2118 3582 2192 reparationis

1933 2222 2071 2272 suae,
2097 2204 2180 2259 ita
2208 2203 2333 2276 ipse
2358 2208 2448 2260 est
2475 2222 2509 2259 a
2535 2204 2844 2277 principio,
2869 2209 2932 2261 ut
2965 2205 3045 2261 ita
3064 2206 3290 2280 loquar,
3314 2207 3582 2272 curiosus

1932 2310 2109 2370 super
2139 2291 2456 2349 Ecclesiam
2487 2310 2678 2362 suam,
2713 2311 2785 2350 ne
2815 2294 2994 2351 nimis
3025 2294 3382 2367 indurescat,
3397 2315 3470 2355 ne
3497 2297 3584 2356 vi-

1932 2381 2029 2438 tiis
2061 2386 2396 2456 occupetur,
2433 2400 2506 2439 ne
2536 2383 2768 2438 amittat
2815 2400 3016 2440 curam
3067 2385 3498 2458 praedicationis
3525 2391 3584 2446 et

1933 2469 2427 2528 commonitionis.
2448 2471 2614 2528 Pater
2642 2471 2820 2546 igitur
2848 2472 3104 2530 familias
3135 2475 3290 2532 Deus
3313 2473 3586 2551 intelligi-

1934 2565 2058 2630 tur;
2091 2561 2276 2630 vinea,
2325 2560 2613 2628 Ecclesia;
2663 2563 2934 2635 operarii,
2983 2563 3412 2638 praedicatores,
3462 2566 3584 2624 sive

1935 2650 2179 2724 quilibet
2209 2650 2432 2718 ﬁdeles,
2458 2651 2559 2723 qui
2591 2668 2700 2707 sua
2726 2651 2815 2708 vel
2845 2652 3096 2710 aliorum
3136 2655 3314 2710 corda
3360 2649 3580 2726 colunt,

1933 2744 1998 2795 ut
2037 2740 2151 2796 Deo
2201 2740 2550 2796 fructificare
2601 2740 2858 2814 possint;
2884 2737 3058 2811 horae,
3091 2747 3287 2800 atates
3318 2743 3583 2802 diversae.

1934 2829 2103 2885 Mane
2124 2829 2279 2885 enim
2301 2834 2390 2885 est
2411 2829 2580 2902 quasi
2608 2829 2887 2902 pueritia;
2916 2829 3064 2888 hora
3080 2831 3581 2906 tertia,juventus;

1934 2925 2114 2990 sexta,
2148 2918 2331 2975 virilis
2358 2924 2534 2988 aetas;
2556 2935 2728 2987 nona,
2759 2924 3055 2988 senectus;
3079 2921 3390 2980 undecima
3419 2921 3582 2982 hora.

1934 3009 2398 3082 decrepitamtas;
2413 3007 2689 3064 denarius
2708 3009 3015 3081 praemium
3037 3010 3588 3072 beatitudinis.Con—

1935 3099 2123 3156 ventio
2141 3101 2205 3154 fit
2220 3116 2289 3155 ex
2298 3097 2536 3154 denario
2553 3097 3024 3171 diurno,quando
3037 3099 3347 3172 pormissio
3360 3103 3428 3158 fit
3438 3103 3586 3162 bene

175 3188 314 3245 allia
345 3207 472 3262 quae
498 3189 689 3245 calent
717 3193 775 3246 et
825 3188 1025 3255 fetent,
1057 3186 1172 3243 nisi
1220 3185 1450 3242 luxuria
1492 3187 1820 3242 denotatur.
1855 3175 1896 3242 Ο
1937 3188 2339 3246 laborantibus
2370 3189 2440 3243 de
2465 3187 2849 3243 beatitudinis
2880 3187 3138 3260 praemio.
3173 3190 3322 3246 Sunt
3365 3196 3583 3262 autem,

174 3277 324 3343 Quid
356 3295 486 3335 vero
503 3282 612 3348 est,
648 3278 856 3334 fratres
887 3275 1240 3350 charissimi,
1270 3276 1424 3348 quod
1459 3293 1526 3332 ex
1555 3275 1670 3332 olla
1699 3292 1824 3331 car-

173 3367 342 3423 nium
372 3366 592 3435 fumus,
616 3371 671 3423 et
687 3384 755 3423 ex
771 3365 1096 3440 peponibus
1113 3369 1171 3422 et
1187 3364 1362 3432 alliis,
1377 3365 1632 3436 credo,et
1654 3365 1824 3422 ﬂetus

172 3456 478 3514 oculorum
509 3459 868 3529 procreatur,
901 3455 1018 3512 nisi
1047 3456 1202 3528 quod
1231 3453 1537 3528 ingluvies,
1558 3453 1821 3524 dulcedo,

163 3551 232 3602 et
278 3545 509 3602 luxuria
554 3544 872 3615 saecularis,
906 3562 1044 3602 suos
1086 3549 1376 3602 amatores
1421 3545 1496 3600 ad
1545 3543 1823 3617 gehennae

173 3631 348 3692 ﬂetus
399 3635 660 3703 trahunt,
693 3639 750 3691 et
803 3634 980 3690 etiam
1031 3634 1127 3689 hic
1173 3634 1490 3690 caecitatem
1523 3633 1735 3690 mentis
1767 3637 1824 3692 et

168 3725 475 3781 tristitiam
531 3724 807 3797 pariunt?
839 3725 1002 3780 Tunc
1059 3723 1238 3792 enim,
1271 3727 1336 3778 ut
1393 3723 1673 3780 Dominus
1721 3724 1818 3793 ait,

172 3818 465 3871 amatores
495 3813 701 3870 talium
720 3815 1004 3870 mittentur
1028 3813 1089 3867 in
1119 3813 1364 3868 tenebras
1381 3815 1692 3882 exteriores,
1721 3813 1822 3870 ubl

169 3905 287 3960 erit
321 3905 480 3974 ﬁctus
525 3911 578 3959 et
625 3903 828 3959 stridor
869 3901 1114 3959 dentium
1145 3901 1348 3974 (Matth.
1379 3908 1526 3974 vui),
1557 3907 1613 3960 et
1650 3905 1826 3976 juxta

169 3991 541 4049 Salomonem
575 3994 776 4048 :Risus
844 3991 1029 4048 dolore
1083 3993 1418 4057 miscebitur,
1473 3999 1525 4048 et
1579 4001 1824 4050 extrema

169 4082 374 4153 gaudii
427 4083 603 4138 luctus
659 4083 944 4154 occupabit
968 4083 1150 4150 (Prov.
1181 4084 1316 4151 xw).
1347 4081 1566 4154 itaque,
1615 4082 1826 4140 fratres

171 4171 530 4238 charissimi,
564 4174 695 4244 post
723 4169 1294 4226 abrenuntiationem
1324 4169 1383 4224 in
1415 4169 1712 4242 baptismo
1737 4173 1823 4229 fa-

173 4265 353 4327 ctam,
385 4277 499 4316 non
534 4260 672 4316 item
704 4260 957 4316 redeatis
986 4259 1065 4315 ad
1103 4259 1442 4314 servitutem
1494 4259 1733 4331 diaboli,
1766 4267 1825 4318 et

172 4349 248 4406 ad
275 4365 536 4405 amorem
577 4347 793 4418 saeculi,
827 4348 967 4421 quia
1007 4363 1164 4404 nemo
1206 4349 1425 4404 mittens
1479 4365 1706 4405 manum
1755 4350 1825 4406 ad

172 4447 438 4494 aratrum
466 4447 517 4494 et
544 4439 842 4511 respiciens
858 4445 1021 4507 retro,
1055 4445 1210 4510 aptus
1239 4445 1316 4494 est
1337 4453 1501 4510 regno
1537 4439 1655 4495 Dei.
1691 4440 1826 4512 (Luc

1937 3280 2146 3336 fratres
2177 3278 2312 3344 mei,
2340 3276 2518 3348 hujus
2549 3275 2818 3333 lectionis
2851 3281 3048 3350 partes
3077 3278 3358 3353 quinque.
3394 3279 3585 3340 Primo

1935 3369 2094 3426 enim
2122 3368 2187 3423 lit
2219 3365 2421 3424 missio
2455 3365 2850 3440 Operariorum
2885 3365 2944 3421 in
2973 3367 3496 3438 vineam,secundo
3521 3371 3587 3428 fit

1935 3459 1994 3515 in
2027 3475 2154 3515 sero
2177 3454 2764 3524 remuneratio,tertio
2794 3455 2860 3512 ﬁt
2879 3473 2914 3512 a
2941 3455 3151 3529 primis
3173 3458 3582 3532 murmuratio,

1934 3552 2140 3622 quarto
2173 3547 2244 3603 ﬁt
2259 3564 2295 3602 a
2322 3543 2745 3619 patrefamilias
2766 3544 2850 3601 eis
2877 3545 3410 3620 responsio,quinto
3425 3547 3588 3621 poni-

1931 3642 2028 3693 tur
2058 3635 2376 3693 conclusio.
2415 3634 2596 3708 lgitur
2624 3633 2828 3690 missio
2850 3635 3258 3708 cperariorum
3282 3636 3472 3710 primo
3521 3639 3588 3696 fit

1932 3745 2066 3784 cum
2112 3725 2369 3782 dicitur:
2405 3725 2766 3781 Conventione
2813 3733 2998 3780 autem
3041 3728 3190 3798 facta
3235 3743 3307 3782 ea:
3359 3726 3588 3786 denario

1930 3817 2148 3881 diurno,
2181 3816 2336 3871 misit
2380 3830 2468 3870 eos
2511 3815 2571 3868 in
2615 3814 2833 3869 vineam
2875 3830 3052 3870 suam.
3101 3819 3170 3870 In.
3207 3832 3345 3889 quo,
3376 3814 3587 3877 fratres

1930 3904 2442 3980 mei,pensandum
2471 3907 2562 3958 est
2593 3903 2748 3975 quod
2779 3901 3023 3974 illis,qui
3055 3921 3226 3960 mane
3248 3905 3565 3962 mittuntur

1931 4000 1997 4056 ﬁt
2018 3970 2094 4056 ex.
2115 3995 2354 4052 denario
2385 3970 2629 4049 diurno:
2653 3991 2775 4048 Illis
2805 3970 2960 4061 vero,
2974 3992 3075 4064 qui
3107 3993 3423 4054 mittuntur
3442 3970 3592 4060 horti

1931 4089 2105 4146 tertia
2125 4085 2212 4142 vel
2233 4088 2416 4155 sexta,
2430 4081 2516 4138 vel
2552 4097 2726 4149 nona,
2744 4098 2859 4136 non
2887 4081 3253 4154 promittitur
3281 4085 3583 4160 denarius,

1931 4179 2031 4235 sed
2057 4179 2285 4232 tantum
2307 4172 2358 4228 ei
2382 4171 2600 4227 dicitur
2622 4169 2803 4238 :Quod
2821 4172 3038 4244 justum
3054 4173 3228 4244 fuerit
3247 4174 3383 4233 dabo
3412 4181 3584 4238 vobis.

1933 4267 2054 4324 Illis
2086 4269 2284 4322 autem
2315 4261 2417 4335 qui
2449 4259 2762 4316 undecima
2777 4259 2922 4316 hora
2942 4260 3589 4341 mittunturmibilpro.

1933 4355 2205 4422 mittitur,
2240 4351 2770 4423 sedtincrepantur,
2801 4353 2858 4404 et
2887 4349 2949 4404 in
2985 4349 3214 4408 vineam
3251 4354 3588 4427 mittuntur,

1933 4441 2069 4502 cum
2094 4443 2177 4501 eis
2208 4441 2422 4498 dicitur
2455 4456 2470 4495 :
2505 4440 2567 4497 Ut
2596 4437 2730 4511 quid
2754 4440 2913 4494 statis
2945 4446 3054 4496 tota
3081 4440 3168 4496 die
3199 4443 3398 4499 otiosi!
3416 4444 3491 4503 Ite
3537 4455 3590 4504 et

172 4528 274 4602 vi).
309 4527 420 4584 Sed
452 4527 858 4584 obliviscentes
888 4543 956 4583 ea
1000 4544 1126 4599 qua:
1158 4531 1309 4582 retro
1345 4531 1505 4596 sunt,
1539 4528 1610 4584 ad
1661 4532 1824 4585 ante-
1856 4549 1902 4614 Ι)
1932 4551 2023 4592 vos
2071 4535 2132 4589 in
2180 4534 2398 4588 vineam
2441 4545 2637 4586 meum.
2671 4527 2742 4584 Et
2790 4543 2971 4600 quare
3019 4528 3150 4597 hoc,
3184 4529 3391 4589 fratres
3430 4535 3590 4592 mei?

173 4617 330 4674 riora
358 4633 460 4673 vos
491 4617 784 4673 cxtendite
815 4615 1076 4688 (Philipp.
1109 4617 1212 4687 in).
1249 4616 1447 4672 Militia
1475 4625 1553 4672 est
1593 4619 1710 4673 vita
1737 4619 1828 4675 ho.
1937 4623 2081 4691 Quia
2113 4621 2199 4678 illi
2232 4621 2333 4694 qui
2361 4623 2484 4676 tota
2511 4617 2628 4673 vita
2657 4617 2853 4672 suain
2884 4633 3054 4690 opere
3073 4617 3164 4674 dei
3183 4619 3588 4694 desudant,ju-

174 4709 348 4762 minis
374 4723 535 4779 super
562 4713 766 4762 terram
803 4707 948 4775 (Job.
980 4705 1115 4778 vn);
1148 4709 1204 4761 et
1237 4720 1249 4760 :
1282 4711 1402 4763 Non
1451 4707 1827 4775 coronabitur,

173 4797 294 4850 nisi
320 4798 420 4867 qui
449 4795 690 4866 legitime
718 4796 1006 4851 certaverit
1034 4794 1108 4866 (II
1138 4796 1270 4850 Tim.
1310 4795 1391 4867 Il).
1441 4796 1586 4851 Ecce
1626 4813 1830 4856 omnes

178 4883 424 4958 quidem
436 4888 702 4952 currunt,
717 4884 820 4939 sed
841 4901 1016 4954 unus,
1031 4882 1130 4939 ille
1147 4883 1368 4940 scilicet
1389 4884 1549 4940 solus
1564 4884 1662 4958 qui
1686 4886 1832 4944 bene

176 4977 394 5042 curret,
427 4973 672 5050 accipiet
713 4972 1000 5028 bravium.
1032 4972 1124 5028 Sic
1157 4989 1284 5043 ergo
1331 4977 1554 5044 currite,
1580 4982 1642 5030 ut
1687 4991 1831 5032 com-

171 5063 542 5136 prehendati‘s.
575 5063 646 5118 Et
675 5063 724 5119 si
755 5061 841 5118 illi
870 5061 972 5134 qui
1004 5062 1075 5117 ad
1107 5062 1427 5134 temporale
1455 5063 1721 5121 bravium
1750 5064 1833 5121 sic

177 5169 242 5209 se
273 5151 610 5226 expediunt,
643 5155 710 5207 ut
737 5150 1177 5224 corruptibilem
1209 5167 1483 5207 coronam
1525 5153 1833 5226 accipiant,

176 5241 343 5315 quid,
377 5241 736 5308 nos‘fratres,
769 5240 916 5314 quid
939 5241 1125 5298 facere
1155 5240 1458 5309 debemus,
1494 5242 1594 5314 qui
1626 5243 1698 5299 ad
1745 5243 1832 5300 in-

177 5333 516 5404 corruptam
538 5329 929 5387 festinamus?
944 5330 1357 5403 Ergo,fratres,
1373 5329 1424 5386 si
1453 5347 1568 5386 non
1600 5331 1834 5390 curritis

176 5420 270 5476 ita
290 5419 580 5494 expedite,
598 5424 665 5477 ut
687 5418 1144 5494 contemplativi,
1160 5424 1217 5476 et
1247 5417 1331 5475 illi
1359 5419 1459 5494 qui
1491 5421 1691 5478 omnia
1705 5439 1836 5496 pro-

178 5511 320 5585 pter
337 5509 522 5568 Deum
553 5509 1012 5583 dereliquerunt,
1044 5508 1252 5568 saltem
1277 5509 1492 5567 currite
1516 5526 1651 5568 cum
1703 5511 1834 5572 aliis

179 5599 283 5677 qui
306 5599 913 5677 possidenttanquam
933 5616 1050 5659 non
1071 5599 1460 5678 possidentes,
1480 5601 1583 5680 qui
1602 5602 1835 5665 nubunt

1936 4717 2036 4770 xta
2060 4713 2331 4768 humanae
2355 4707 2598 4765 rationis
2612 4705 3175 4780 judicium,integrae
3207 4708 3590 4770 beatitudinis

1939 4801 2246 4859 denarium
2295 4796 2690 4871 promeruisse
2737 4795 3026 4851 videntur.
3053 4796 3160 4861 Qui
3199 4813 3333 4854 vero
3363 4803 3592 4872 partem

1938 4892 2067 4948 vitae
2099 4908 2238 4958 suae,
2264 4888 2323 4943 in
2356 4887 2472 4943 otio
2503 4890 2560 4942 et
2588 4884 2727 4941 vitio
2777 4885 3130 4957 expendunt,
3163 4889 3219 4941 et
3263 4891 3490 4958 partem
3530 4889 3591 4948 in

1941 4979 2039 5035 Dei
2059 4977 2435 5044 servitio,non
2459 4991 2880 5047 usquequaque
2901 4974 3194 5048 integrum
3210 4975 3592 5038 beatitudinis

1943 5067 2249 5126 denarium
2271 5065 2541 5121 videntur
2555 5063 2968 5137 promeruisse.
2983 5063 3090 5127 Qui
3113 5069 3308 5121 autem
3331 5065 3394 5122 in
3414 5065 3592 5128 finem

1944 5159 2090 5214 bene
2121 5154 2348 5230 operari
2370 5151 2782 5227 incipiunt,vel
2813 5153 2960 5209 nihil
2980 5153 3378 5226 promeruisse
3397 5155 3595 5213 viden-

1943 5251 2040 5303 tur
2061 5246 2146 5303 vel
2176 5261 2406 5318 parum.
2440 5245 2510 5300 Et
2539 5260 2756 5312 revera,
2791 5241 3020 5310 fratres,
3045 5241 3094 5299 si
3127 5243 3261 5316 quis
3289 5248 3476 5302 totam
3504 5245 3594 5303 v-i-

1943 5341 2064 5393 tam
2095 5352 2264 5392 suam
2300 5335 2359 5390 in
2391 5333 2542 5390 bono
2563 5336 2894 5402 consumat,
2927 5331 3155 5407 dignior
3185 5337 3276 5392 est
3303 5351 3370 5392 eo
3401 5333 3502 5407 qui
3533 5335 3595 5394 in

1943 5425 2138 5482 media
2165 5423 2303 5495 vita,
2319 5421 2408 5482 vel
2439 5423 2499 5477 in
2529 5421 2645 5478 {ine
2669 5421 2817 5478 bene
2847 5422 3075 5496 operari
3105 5423 3362 5490 inchoat,
3389 5423 3440 5481 si
3462 5423 3596 5481 fue.

1942 5513 2061 5572 rint
2088 5514 2261 5572 ambo
2291 5513 2354 5570 in
2384 5511 2590 5569 eodem
2611 5512 2796 5585 gradu
2826 5511 3128 5570 charitatis
3149 5517 3208 5571 et
3237 5509 3599 5573 laboris.Sed

1942 5621 2117 5685 saepe,
2146 5605 2380 5674 fratres,
2413 5600 2718 5681 contingit,
2751 5604 2818 5662 ut
2859 5601 2962 5683 qui
3016 5601 3249 5664 tardius
3307 5601 3600 5680 exierunt,
