3982 6082
421 271 578 331 1763

1429 258 1825 321 ADDENDA.
1854 288 1936 303 —
1964 256 2362 320 RADULPHI
2403 257 2823 321 ARDENTIS.

3677 254 3845 318 1764

420 402 643 477 priores
671 394 940 454 velociori
962 411 1137 451 cursu
1168 390 1542 467 praeveniunt,
1560 390 1717 463 quia,
1742 389 1889 445 sicut
1935 388 2063 445 Hie-
2092 390 2150 459 Α
2179 388 2487 456 dunt,tum
2515 389 2654 462 quia
2674 388 2882 445 fratres
2913 404 3050 445 suos
3081 385 3453 462 despiciendo
3472 386 3847 444 novissimos

418 504 699 560 ronymus
729 487 811 543 ait
842 502 855 541 :
891 508 919 535 «
945 483 1176 540 subitus
1206 482 1412 549 fervor,
1441 480 1683 553 longum
1709 478 1887 534 vincit
1908 482 2063 551 tepo-

417 596 561 635 rem.
588 599 617 627 ››
650 575 874 634 Priores
897 572 1112 648 quippe
1141 587 1293 644 saepe
1324 587 1392 626 ex
1422 568 1597 642 longo
1627 568 1825 624 labore
1854 566 2063 623 lasses-

417 670 580 733 cunt,
613 667 671 722 et
700 680 769 721 ex
797 662 1108 720 securitate
1137 658 1261 731 spei
1291 661 1616 731 tepescunt,
1651 660 1707 712 et
1737 673 1803 711 ex
1834 654 2064 712 merito-

422 773 555 814 rum
587 750 990 828 magnitudine
1020 765 1083 805 se
1111 746 1471 804 tardioribus
1518 748 1883 819 praeponunt.
1916 744 2061 800 Cum

416 849 652 903 econtra
681 840 1030 917 posteriores
1061 836 1359 893 multoties
1389 852 1458 891 ex
1488 852 1618 891 sera
1665 833 2059 901 conversione,

415 935 560 992 ﬁant
582 930 916 998 velociores,
934 932 990 985 et
1008 944 1075 984 ex
1104 926 1314 983 timore
1344 926 1488 982 ﬁant
1510 924 1905 991 ferventiores,
1920 927 1975 978 ct
1995 940 2064 979 ex

415 1022 575 1080 brevi
607 1020 942 1094 operatione
973 1015 1085 1071 sibi
1114 1014 1416 1080 vilescant,
1446 1017 1504 1069 et
1532 1029 1736 1069 omnes
1767 1012 1873 1068 sibi
1915 1029 2064 1084 prae-

413 1113 725 1186 ponant,et
750 1108 881 1164 ideo
912 1105 1066 1161 sicut
1097 1102 1447 1159 Publicanus
1469 1102 1833 1157 descendunt
1844 1100 2065 1172 justiﬁ-

414 1200 528 1258 cati
558 1197 770 1256 abillis
801 1197 949 1271 (Luc.
980 1193 1162 1266 xvm).

485 1287 762 1362 Sequitur
781 1302 916 1359 pars
933 1281 1273 1348 secunda,in
1296 1298 1413 1354 qua
1432 1280 1495 1335 fit
1514 1279 1905 1336 remuneratio
1927 1295 2061 1334 cum

416 1378 688 1436 subditur
720 1392 735 1431 :
772 1377 915 1432 Cum
941 1389 1059 1429 sero
1089 1380 1271 1428 autem
1298 1373 1506 1443 factum
1533 1378 1687 1437 esset,
1720 1369 1865 1424 dicit
1893 1368 2062 1424 domi-

414 1486 520 1524 nus
548 1468 729 1523 vinem
753 1480 873 1521 sua:
896 1462 1242 1536 procuratori
1270 1478 1289 1517 :
1324 1461 1456 1516 Voca
1485 1462 1765 1532 operarios
1811 1466 1864 1514 et
1904 1457 2064 1514 redde

415 1558 533 1614 illis
563 1553 857 1612 mercedem
884 1570 1061 1617 suam,
1097 1552 1363 1623 incipiens
1392 1567 1425 1604 a
1456 1551 1764 1605 novissimis
1798 1564 1963 1620 usque
1992 1547 2063 1603 ad

409 1647 639 1720 primos,
659 1648 763 1700 etc.
792 1642 898 1698 Per
926 1641 1298 1703 sero,fratres
1328 1635 1832 1705 charissimi,ﬁnis
1856 1636 2061 1692 mundi

415 1733 802 1809 significatur,
824 1731 1060 1805 quando
1089 1728 1309 1785 scilicet
1340 1728 1518 1784 {initis
1561 1726 1882 1794 laboribus,
1906 1726 2061 1826 Deus
2091 1771 2137 1836 Β

415 1824 584 1882 Pater
630 1821 890 1897 praecipit
936 1819 1116 1875 vinem
1164 1817 1525 1891 procuratori
1572 1821 1629 1873 et
1682 1814 2056 1888 redemptori,

412 1912 661 1971 Domino
691 1911 911 1968 scilicet
939 1913 1139 1965 nostro
1153 1908 1184 1963 J
1191 1925 1294 1964 esu
1315 1907 1564 1973 Christo,
1588 1910 1653 1961 ut
1675 1910 1838 1961 vocet
1858 1922 2057 1976 opera-

413 2003 533 2060 rios
562 2001 633 2059 ad
658 1999 951 2073 judicium
981 2001 1040 2053 et
1070 1997 1275 2052 reddat
1321 1995 1438 2051 illis
1488 1995 1813 2050 mercedem
1864 2010 2054 2073 suam.

413 2091 560 2160 Quid
593 2072 681 2146 est
710 2089 820 2145 hoc
852 2086 1007 2161 quod
1038 2086 1151 2142 ait:
1170 2086 1444 2158 Incipiens
1471 2102 1503 2140 α
1536 2085 1688 2140 novis
1717 2085 1873 2138 simis
1893 2072 2059 2154 usque

410 2181 482 2238 ad
506 2182 732 2254 primos,
764 2176 1088 2251 praesertim
1105 2191 1239 2230 cum
1258 2172 1548 2246 judicium
1571 2176 1629 2227 et
1644 2172 1949 2227 retributio
1981 2171 2059 2227 sit

413 2267 786 2342 perﬁcienda,
815 2283 931 2321 non
964 2262 1061 2319 ubi
1094 2266 1225 2336 post
1264 2260 1467 2327 alium,
1501 2261 1602 2316 scd
1634 2260 1850 2332 potius,
1885 2265 1949 2315 ut
1978 2261 2059 2315 ait

409 2356 744 2431 Apostolus,
770 2356 831 2410 in
880 2354 998 2409 ictu
1047 2351 1247 2408 oculi?
1276 2352 1321 2423 (ι
1352 2350 1473 2406 Cor.
1506 2352 1624 2420 xv.)
1675 2349 1952 2405 Prioritas
2001 2354 2058 2405 et

411 2444 812 2520 posterioritas
852 2442 984 2509 ista,
1017 2440 1245 2509 fratres,
1278 2456 1394 2495 non
1434 2438 1506 2493 ad
1554 2443 1788 2511 tempus
1831 2438 1930 2494 sed
1982 2438 2053 2494 ad

411 2534 718 2610 praemium
750 2530 1051 2588 referenda
1080 2533 1186 2585 est.
1221 2528 1436 2584 Omnes
1467 2527 1622 2583 enim
1653 2526 1817 2582 electi
1867 2527 1927 2581 in
1965 2543 2057 2583 eo-

410 2625 543 2682 dem
572 2626 854 2695 tempore,
886 2620 985 2677 sed
1022 2636 1137 2674 non
1168 2619 1372 2675 eadem
1404 2616 1627 2690 praemii
1658 2633 1938 2673 mensura
1967 2632 2054 2671 re-

408 2711 758 2771 munerandi
790 2713 946 2767 sunt.
972 2707 1134 2765 Unde
1161 2706 1447 2764 Dominus
1481 2723 1495 2761 :
1530 2708 1589 2763 In
1626 2706 1804 2770 domo,
1840 2704 2052 2777 inquit,

407 2804 595 2861 Patris
622 2803 734 2857 mei
760 2801 1071 2855 mansiones
1098 2798 1292 2855 multa?
1309 2804 1439 2853 sunt
1461 2796 1636 2869 (Joan.
1658 2794 1802 2868 xw);
1828 2798 1884 2849 et
1902 2795 2054 2867 Apo-

407 2891 595 2950 stolus
627 2908 641 2947 :
673 2890 843 2947 Stella
886 2889 1071 2962 diﬂ‘ert
1114 2905 1147 2943 a
1184 2888 1342 2945 stella
1389 2889 1451 2941 in
1495 2886 1762 2940 claritate.
1800 2884 1932 2939 Alia
1982 2892 2059 2940 est

406 2983 555 3039 enim
582 2981 808 3037 claritas
853 2979 1006 3045 solis,
1035 2978 1212 3033 altera
1258 2977 1482 3031 claritas
1530 2975 1682 3031 lunae
1722 2972 1770 3042 (l
1794 2974 1913 3030 Cor.
1937 2974 2051 3045 xv),

405 3069 807 3139 etc.Quamvis
832 3067 1010 3142 igitur
1037 3065 1203 3123 electi
1232 3064 1497 3138 singulos
1546 3063 1833 3135 accipiant
1872 3062 2053 3118 dena-

408 3159 548 3227 rios,
572 3164 768 3215 tamen
800 3157 895 3214 hic
925 3155 1167 3229 accipiet
1186 3154 1431 3223 clarum,
1464 3152 1562 3208 ille
1606 3151 1932 3219 clariorem,
1958 3151 2054 3207 ille
2084 3142 2126 3209 C

409 3248 829 3306 clarissimum.
864 3245 1131 3302 Redditio
1164 3243 1320 3299 enim
1351 3241 1595 3308 denarii,
1628 3241 1687 3296 in
1718 3257 1832 3313 quo
1864 3241 2058 3314 imago

408 3344 467 3396 et
488 3353 699 3395 nomen
732 3335 884 3410 regis
900 3338 1025 3391 erat
1040 3330 1573 3406 insculptum,nihil
1590 3329 1747 3387 aliud
1771 3333 1861 3385 est
1880 3346 2058 3402 quam

408 3426 747 3486 reformatio
776 3423 837 3480 in
870 3421 1037 3480 nobis
1066 3420 1343 3495 imaginis
1372 3424 1430 3476 et
1478 3418 1885 3476 similitudinis
1933 3418 2055 3488 Dei,

409 3535 537 3592 quae
569 3533 672 3590 per
697 3517 932 3589 peccata
979 3514 1145 3568 erant
1190 3510 1251 3565 in
1306 3510 1474 3566 nobis
1517 3508 1873 3566 deformatos.
1897 3507 2061 3564 Sicut

405 3623 541 3665 vero
572 3621 729 3661 unus
758 3600 1033 3658 denarius
1063 3600 1239 3656 habet
1268 3597 1700 3672 expressionem
1734 3598 1793 3653 in
1827 3615 1888 3654 se
1910 3597 2056 3652 ima-

408 3695 606 3770 ginem
638 3697 694 3750 et
722 3691 1113 3748 litteraturam
1146 3706 1323 3762 quam
1354 3687 1526 3756 alius,
1558 3687 1641 3744 ita
1669 3687 1923 3758 sanctior
1952 3687 2056 3743 ha-

406 3782 641 3842 bebitin
665 3799 727 3840 se
747 3779 1166 3854 expressiorem
1183 3778 1501 3852 imaginem
1523 3783 1581 3833 et
1611 3775 2057 3833 similitudinem

406 3873 509 3931 Dei
541 3889 719 3946 quam
751 3871 948 3926 minus
978 3873 1236 3925 sanctus.
1270 3869 1419 3941 Ergo
1449 3865 2061 3938 remuneratioincipit

402 3981 445 4021 a
474 3960 813 4019 novissimis
841 3976 1028 4033 usque
1075 3959 1147 4015 ad
1198 3957 1440 4031 primos,
1472 3956 1705 4029 quando
1754 3954 2058 4011 novissimi

407 4051 598 4126 magis
630 4051 936 4119 ferventes,
962 4047 1167 4122 primis
1192 4047 1391 4103 minus
1422 4045 1776 4102 ferventibus
1808 4062 1843 4101 a
1861 4045 1976 4101 Deo
1996 4044 2057 4101 in

407 4157 686 4199 mensura
715 4137 1115 4196 retributionis
1147 4140 1584 4210 praeponuntur.

480 4228 759 4303 Sequitur
803 4244 940 4301 pars
986 4225 1181 4293 tertia,
1215 4225 1273 4281 in
1323 4243 1441 4298 qua
1483 4223 1658 4297 primi
1708 4223 2058 4280 arbitrantes

408 4320 563 4393 quod
598 4317 731 4392 plus
771 4320 972 4374 essent
1017 4313 1329 4389 accepturi,
1364 4319 1738 4370 murmurant
1781 4314 2059 4370 adversus

408 4406 898 4484 patremfamilias
930 4406 1192 4462 dicentes
1221 4421 1234 4460 :
1264 4406 1336 4460 Hi
1362 4405 1650 4460 novissimi
1679 4420 1791 4459 una
1820 4405 1955 4460 hora
1981 4406 2061 4477 fe-

2170 483 2399 545 vocant,
2433 483 2561 534 tum
2594 478 2732 551 quia
2761 496 2823 534 se
2852 479 2924 534 de
2955 477 3228 551 operibus
3246 478 3497 550 jactant,
3519 481 3657 533 tum
3698 476 3848 549 quia

2170 567 2378 624 fratres
2399 584 2538 624 suos
2572 567 2683 624 sibi
2715 567 2932 640 aequari
2963 584 3068 641 per
3095 566 3375 623 invidiam
3403 565 3628 623 dolent.

2243 657 2520 729 Sequitur
2548 673 2685 730 pars
2708 656 3009 730 quarta,in
3033 673 3151 729 qua
3170 655 3454 712 Dominus
3492 655 3548 712 ei
3565 653 3675 728 qui
3716 659 3841 711 tam

2170 761 2437 818 perverse
2468 744 2730 818 loquitur
2755 744 2844 802 vel
2876 744 3213 812 meditatur,
3248 745 3563 817 respondet
3582 760 3695 818 per
3719 744 3845 816 Spi-

2170 834 2371 901 ritum,
2406 834 2493 891 vel
2525 852 2629 908 per
2658 834 3018 908 Scripturam
3050 834 3284 889 dicens:
3311 834 3655 902 Amice,non
3684 835 3843 906 facio

2170 924 2274 981 tibi
2304 925 2606 997 injuriam.
2629 925 2824 981 Primo
2848 924 3029 998 igitur
3058 922 3316 979 ostendit
3325 922 3622 996 judicium
3656 940 3835 979 suum

2171 1018 2395 1070 rectum
2428 1031 2718 1083 esse,cum
2750 1014 2951 1070 subdit
2984 1031 2997 1069 :
3030 1015 3224 1071 Nonne
3246 1030 3322 1068 ex
3349 1013 3593 1069 denario
3619 1013 3839 1070 diurno

2167 1104 2481 1161 convenisti
2508 1107 2768 1161 mecum?
2797 1103 3000 1170 Nemo,
3034 1103 3264 1169 fratres,
3296 1117 3365 1157 ex
3388 1101 3481 1159 his
3509 1101 3716 1158 verbis
3740 1120 3835 1175 pu-

2170 1197 2253 1249 tet
2281 1192 2486 1262 Deum,
2521 1192 2691 1265 quasi
2723 1210 2791 1248 ex
2820 1191 3199 1249 conventione
3236 1191 3545 1249 astrictum
3576 1208 3715 1249 esse
3764 1192 3831 1246 ad

2171 1282 2537 1338 reddendum
2566 1281 2948 1355 promissum.
2983 1282 3147 1338 Sicut
3174 1281 3331 1337 enim
3362 1281 3518 1338 Deus
3561 1283 3656 1337 est
3689 1280 3834 1336 liber

2172 1373 2243 1428 ad
2278 1372 2858 1445 promittendum,ita
2889 1374 2979 1428 est
3010 1370 3157 1427 liber
3174 1371 3246 1427 ad
3270 1371 3667 1438 reddendum,
3692 1388 3832 1444 prae-

2171 1461 2371 1517 sertim
2395 1478 2528 1517 cum
2560 1465 2682 1517 tam
2717 1461 2929 1517 merita
2958 1477 3136 1534 quam
3182 1460 3422 1533 praemia
3472 1460 3599 1516 sint
3640 1460 3832 1533 gratia

2172 1568 2301 1606 sua.
2334 1549 2488 1606 Nihil
2521 1550 2676 1606 enim
2708 1549 2865 1606 aliud
2899 1568 3077 1623 quam
3109 1550 3360 1621 gratiam
3391 1566 3563 1606 suam
3588 1555 3831 1605 coronat

2172 1640 2232 1695 in
2254 1640 2423 1696 nobis
2448 1640 2621 1709 Deus,
2639 1638 2760 1712 qui,
2777 1638 2826 1695 si
2846 1638 3021 1695 vellet
3040 1638 3098 1693 in
3122 1637 3291 1694 nobis
3328 1654 3500 1713 agere
3536 1637 3829 1704 districte,

2172 1746 2286 1785 non
2308 1729 2737 1801 justiﬁcaretur
2777 1727 2835 1783 in
2881 1731 3197 1801 conspectu
3229 1728 3358 1799 ejus
3387 1726 3586 1784 omnis
3628 1726 3831 1783 vivens

2170 1820 2346 1891 (Psal.
2380 1822 2567 1888 CXLII).
2602 1818 2766 1874 Unde
2795 1816 3106 1890 Apostolus
3139 1817 3239 1890 qui
3263 1816 3395 1890 plus
3425 1816 3715 1873 omnibus
3744 1816 3829 1873 la-

2168 1908 2413 1976 boravit,
2445 1907 2586 1963 dicit
2619 1923 2631 1961 :
2664 1907 2956 1963 Existimo
2995 1906 3147 1980 quod
3192 1922 3305 1962 non
3348 1916 3483 1963 sunt
3525 1906 3831 1978 condignae

2166 1998 2458 2067 passiones
2489 2000 2658 2069 Imfus
2681 1997 2955 2067 temporis
2984 1996 3060 2053 ad
3083 1997 3353 2069 futuram
3397 1996 3653 2067 gloriam
3702 2010 3831 2069 qua

2166 2087 2518 2142 revelabitur
2548 2087 2608 2142 in
2638 2086 2799 2142 nobis
2828 2085 3167 2157 (Rom.v1n).
3189 2085 3334 2159 Ergo
3356 2084 3479 2140 haec
3516 2085 3828 2141 conventio

2168 2174 2315 2231 nihil
2363 2174 2521 2231 aliud
2580 2178 2690 2243 est,
2722 2191 2900 2247 quam
2950 2174 3282 2230 voluntaria
3333 2173 3433 2230 Dei
3482 2173 3825 2246 promissio.

2166 2264 2385 2321 Deinde
2416 2264 2790 2336 reprehendit
2809 2281 2907 2320 eos
2938 2264 3224 2319 Dominus
3242 2263 3315 2319 de
3334 2267 3681 2336 contemptu
3714 2262 3828 2319 fra-

2164 2358 2344 2423 trum,
2361 2358 2417 2409 ct
2432 2354 2802 2426 dejactantia
2825 2353 3235 2426 operum,dum
3259 2352 3343 2408 eis
3362 2356 3553 2425 aequat
3576 2352 3824 2408 novissi-

2166 2461 2294 2499 mos
2314 2443 2516 2501 dicens
2546 2461 2559 2498 :
2589 2444 2725 2500 Volo
2745 2452 2941 2500 autem
2971 2443 3101 2500 huic
3123 2443 3450 2499 secundum
3483 2441 3823 2514 opinionem

2164 2537 2327 2588 tuam
2350 2533 2660 2589 novissimo
2680 2532 2999 2599 dare,sicul
3029 2540 3085 2588 et
3116 2531 3219 2587 tibi
3241 2531 3301 2586 in
3332 2529 3519 2586 oculis
3542 2531 3668 2586 tuis
3704 2547 3823 2586 ma-

2164 2627 2396 2691 gno.An
2428 2638 2540 2677 non
2563 2620 2853 2677 licetmihi
2872 2620 3114 2677 Domino
3140 2620 3327 2676 facere
3349 2619 3821 2675 misericordiam

2165 2711 2256 2767 cui
2286 2710 2564 2767 voluero?
2594 2711 2801 2767 Postea
2848 2726 2947 2766 eos
2994 2708 3389 2783 reprehendit,
3422 2709 3563 2781 quia
3612 2709 3823 2765 fratres

2164 2799 2276 2856 sibi
2325 2799 2562 2872 aequari,
2586 2816 2690 2872 per
2734 2796 3015 2855 invidiam
3072 2797 3291 2868 dolent,
3324 2814 3462 2853 cum
3510 2795 3660 2852 dicit
3692 2813 3709 2852 :
3742 2798 3823 2853 Αιι

2161 2890 2354 2947 oculos
2383 2898 2515 2946 tuus
2544 2905 2794 2963 nequam
2820 2898 2924 2957 est,
2957 2888 3093 2960 quia
3120 2904 3224 2959 ego
3251 2890 3428 2944 bonus
3453 2886 3626 2943 sum?
3656 2886 3819 2954 Ecce,

2163 2981 2390 3050 fratres,
2408 2996 2587 3052 quam
2636 2978 2933 3035 subtiliter
2961 2978 3239 3034 describit
3286 2975 3509 3033 malum
3564 2975 3823 3045 invidiae,

2162 3086 2290 3142 que
2312 3072 2432 3124 tam
2465 3067 2640 3137 dolet,
2675 3085 2853 3141 quam
2900 3067 3031 3141 ipsa
3078 3083 3287 3140 parum
3336 3064 3608 3138 accipiat,
3644 3082 3825 3138 quam

2165 3159 2321 3231 quod
2351 3157 2504 3213 alius
2533 3157 2756 3230 aliquid
2788 3156 3056 3230 accipiat.
3091 3156 3205 3212 Nec
3248 3158 3370 3210 tam
3418 3153 3724 3210 desiderat
3766 3170 3828 3209 se

2167 3245 2301 3320 plus
2333 3247 2613 3320 accipere,
2638 3262 2815 3318 quam
2848 3243 2994 3301 alios
3026 3243 3174 3301 nihil
3203 3243 3486 3317 accipere,
3509 3247 3569 3299 et
3600 3243 3674 3299 de
3696 3243 3833 3299 alte-

2168 3334 2292 3392 rius
2339 3337 2490 3392 bono
2538 3335 2804 3391 tabescit.
2838 3335 3019 3400 Hanc,
3052 3333 3288 3403 fratres,
3323 3332 3610 3389 invidiam
3668 3332 3828 3389 omni

2166 3424 2494 3481 intentione
2512 3424 2925 3493 devitate,cum
2944 3440 3060 3497 qua
3087 3424 3159 3479 ad
3179 3421 3393 3479 ccelum
3415 3420 3623 3478 nullus
3637 3424 3831 3496 potest

2167 3514 2499 3572 ascendere.
2524 3514 2671 3569 Nam
2706 3512 2939 3569 invidus
2970 3512 3071 3585 qui
3092 3512 3192 3570 ﬂet
3220 3529 3357 3569 cum
3405 3511 3828 3585 gaudentibus,

2168 3610 2224 3660 et
2251 3604 2467 3675 gaudet
2491 3619 2626 3659 cum
2658 3601 2954 3671 ﬂentibus,
2988 3618 3166 3675 quam
3197 3604 3458 3658 remotus
3489 3604 3586 3658 est
3631 3617 3666 3657 a
3694 3600 3822 3656 cha-

2167 3691 2337 3748 ritate
2385 3708 2512 3764 quae
2563 3690 2704 3746 dicit
2738 3707 2750 3745 :
2784 3692 2946 3746 Flere
2980 3706 3111 3748 cum
3157 3691 3441 3762 ﬂentibus,
3473 3699 3531 3746 et
3570 3690 3825 3762 gaudere

2165 3798 2297 3840 cuiu
2319 3781 2698 3854 gaudentibus
2729 3784 2913 3852 (Rom.
2948 3781 3069 3855 xu).

2237 3868 2513 3942 Sequitur
2532 3887 2669 3943 pars
2690 3869 2981 3943 quinta,in
3005 3886 3124 3943 qua
3143 3868 3423 3926 Dominus
3448 3868 3753 3925 concludit
3771 3874 3823 3924 et

2167 3960 2406 4033 adaptat
2436 3958 2884 4015 similitudinem
2916 3958 3154 4016 dicens:
3178 3958 3272 4017 Sic
3317 3968 3490 4015 erunt
3532 3959 3827 4016 novissimi

2163 4049 2422 4121 primi,et
2450 4051 2632 4120 primi
2658 4049 2972 4107 novissimi.
2989 4050 3117 4106 Non
3147 4055 3237 4107 est
3264 4049 3825 4118 enim,fratres,hsc

2166 4139 2488 4215 propositio
2518 4138 2888 4205 universalis,
2920 4138 3023 4195 sed
3052 4138 3379 4211 indeﬁnita,
3402 4138 3695 4211 quoniam
3726 4154 3827 4195 nec

2167 4245 2371 4284 omnes
2405 4227 2711 4284 novissimi
2729 4232 2902 4285 erunt
2921 4228 3117 4301 primi,
3143 4245 3247 4285 nec
3277 4245 3483 4285 omnes
3514 4227 3697 4301 primi
3728 4246 3826 4285 no-

2166 4317 2413 4373 vissimi.
2433 4317 2543 4373 Sed
2576 4317 2815 4390 quidam
2848 4317 2949 4390 qui
2977 4317 3251 4374 videntur
3271 4317 3424 4390 apud
3457 4316 3649 4386 se,vel
3672 4317 3826 4391 apud

2167 4405 2435 4462 homines
2458 4423 2585 4462 esse
2614 4405 3118 4474 novissimi,erunt
3146 4406 3301 4480 apud
3332 4406 3521 4462 Deum
3543 4406 3829 4479 primi.Et

407 4505 620 4571 cerunt,
669 4505 721 4554 et
764 4512 927 4569 pares
975 4495 1101 4550 illos
1144 4493 1297 4549 nobis
1351 4494 1551 4565 fecisti,
1573 4494 1671 4584 qui
1693 4494 2060 4584 _portavimus
2091 4518 2137 4584 Ι)
2169 4495 2541 4569 quidam,qui
2561 4495 2835 4552 videntur
2864 4496 3016 4569 apud
3040 4512 3102 4552 se
3123 4494 3211 4551 vel
3228 4495 3383 4568 apud
3404 4495 3827 4553 hominesesse

403 4587 617 4662 pondus
646 4586 762 4643 diei
788 4593 838 4642 et
865 4591 1053 4643 a’stus.
1085 4587 1217 4638 Haec
1251 4581 1658 4650 murmuratio,
1682 4582 1892 4639 fratres
1922 4581 2060 4670 mei,

409 4677 482 4734 ad
515 4680 734 4733 statum
782 4675 912 4730 vitae
959 4672 1265 4747 praesentis
1312 4670 1616 4727 referenda
1646 4674 1753 4727 est.
1790 4671 1851 4727 In
1895 4671 2063 4728 caele-

410 4770 561 4823 stem
593 4765 749 4822 enim
773 4762 1024 4837 patriam
1055 4760 1253 4817 nullus
1282 4776 1660 4816 murmurans
1692 4760 2063 4828 intrabit,nec

405 4854 636 4911 intrans
684 4868 1053 4910 murmurare
1085 4849 1315 4924 poterit.
1367 4849 1478 4905 Sed
1529 4848 1590 4904 in
1640 4849 1910 4921 praesenti
1946 4852 2065 4907 vita

407 4944 579 5001 multi
611 4948 751 5000 sunt
779 4943 880 5016 qui
910 4942 971 4997 in
1002 4957 1173 5015 opere
1198 4939 1335 5013 Dei,
1352 4939 1525 5012 longo
1548 4943 1810 5012 tempore
1842 4940 1955 4996 sibi
1984 4942 2064 4996 vi-

407 5034 621 5089 dentur
651 5031 981 5101 laborasse;
1015 5031 1117 5104 qui
1150 5029 1199 5086 si
1223 5028 1452 5102 aliquos
1473 5028 2063 5102 tardiusincipicntes

406 5120 644 5191 scirent,
680 5121 791 5177 sibi
824 5119 1081 5194 prmponi
1131 5118 1219 5175 vel
1263 5117 1502 5191 aequari,
1538 5123 1976 5175 murmurarent
2005 5124 2061 5175 et

405 5210 666 5266 dicerent
698 5226 711 5265 :
746 5211 825 5265 Hi
852 5211 1140 5266 novissimi
1188 5226 1303 5264 una
1349 5209 1485 5264 hora
1525 5209 1789 5280 fecerunt,
1822 5216 1874 5265 et
1898 5225 2059 5281 pares

405 5300 532 5358 illos
558 5299 715 5356 nobis
743 5299 1048 5372 fecisti,qui
1061 5298 1402 5370 portavimus
1424 5296 1641 5370 pondus
1669 5296 1783 5353 diei
1800 5300 1855 5354 ei
1867 5306 2056 5368 aestus,

407 5388 575 5463 quasi
609 5387 711 5461 qui
731 5386 791 5443 in
816 5403 988 5461 opere
1004 5386 1105 5442 Dei
1128 5385 1555 5461 longitudinem
1578 5386 1860 5461 temporis
1890 5390 1947 5444 et
1967 5405 2058 5444 ar-

405 5478 609 5537 dorem
639 5476 834 5535 carnis
864 5473 1278 5534 sustinuimus.
1305 5476 1546 5533 Peccata
1576 5480 1774 5533 autem
1808 5480 2060 5550 quatuor

405 5567 598 5629 modis
626 5567 956 5645 incurrunt,
977 5569 1104 5625 tum
1135 5564 1275 5641 quia
1294 5565 1590 5640 judicium
1619 5565 1724 5625 Dei
1754 5566 2059 5644 reprehen-

2170 4585 2367 4659 primi,
2391 4588 2562 4641 erunt
2590 4585 2744 4657 apud
2769 4584 2955 4641 Deum
2986 4584 3045 4640 in
3071 4583 3274 4642 ordine
3294 4585 3603 4657 justorum
3636 4586 3827 4643 novis-

2172 4673 2330 4741 simi,
2361 4673 2447 4730 vel
2473 4673 2650 4730 etiam
2679 4674 2993 4747 reprobati.
3034 4674 3259 4738 Quare?
3289 4673 3435 4739 Quia
3480 4675 3663 4731 multi
3700 4682 3830 4732 sunt

2170 4764 2376 4832 vocali,
2407 4763 2579 4834 pauci
2606 4780 2740 4820 vero
2768 4763 2952 4821 electi.
2986 4763 3394 4831 Ecce,fratres,
3420 4779 3636 4821 omnes
3657 4766 3733 4821 ad
3755 4764 3829 4820 vi-

2171 4856 2293 4908 tam
2325 4852 2509 4909 vocati
2543 4852 3042 4921 sumus,ecclesiae
3064 4852 3315 4926 parietes
3338 4852 3830 4927 replemus,solus

2172 4943 2326 4999 Deus
2374 4947 2571 4998 tamen
2622 4942 2782 4998 novit
2819 4943 2919 5015 qui
2972 4946 3112 4998 sunt
3148 4944 3275 5014 ejus
3324 4943 3399 5015 (II
3428 4945 3566 5000 Tim.
3598 4950 3691 5012 II).
3723 4945 3829 5001 Alii

2171 5032 2327 5088 enim
2361 5049 2464 5104 per
2500 5030 2841 5088 exteriorem
2890 5032 3289 5106 operationem
3336 5033 3511 5090 nobis
3556 5033 3831 5091 videntur

2169 5137 2297 5177 esse
2322 5118 2509 5190 electi,
2531 5120 2632 5176 sed
2654 5124 2851 5177 tamen
2883 5138 2915 5177 a
2945 5126 3061 5179 Deo
3102 5122 3383 5178 interiora
3429 5123 3825 5196 conspiciente

2168 5209 2575 5282 reprobantur,
2608 5214 2674 5265 ut
2704 5209 3031 5267 Pharisaaus
3052 5212 3207 5281 (Luc.
3228 5210 3539 5281 xvin).Alii
3560 5216 3822 5284 perexte-

2168 5299 2323 5355 riora
2351 5296 2509 5354 mala
2536 5298 2705 5355 nobis
2727 5303 3009 5373 putantur
3039 5316 3168 5356 esse
3196 5298 3451 5373 reprobi,
3474 5299 3580 5356 sed
3603 5304 3820 5371 tamen,

2168 5403 2271 5461 per
2316 5385 2713 5444 humilitatem
2760 5392 2818 5446 et
2862 5386 3265 5461 paenitentiam
3314 5386 3684 5459 interiorem,
3711 5388 3821 5445 Deo

2168 5480 2308 5533 sunt
2337 5476 2576 5552 accepti,
2610 5481 2676 5534 ut
2705 5475 3058 5535 Publicanus
3086 5477 3295 5548 (Ibid.).
3326 5475 3439 5533 Alii
3484 5476 3640 5536 bene
3688 5476 3821 5535 inci-

2167 5567 2356 5647 piunt,
2390 5567 2493 5628 sed
2524 5566 2659 5628 ﬁnis
2690 5582 2893 5627 eorum
2922 5566 3191 5645 tepescit,
3221 5570 3281 5629 et
3303 5564 3610 5655 deﬁciunt,
3638 5570 3707 5633 ut
3729 5567 3820 5627 Ju-
