3982 6082
192 211 346 275 1765

853 204 1205 271 uomunt
1245 206 1325 268 IN
1369 204 1622 269 EPIST.
1667 204 1769 268 ΕΤ
1811 168 2100 269 avsus.
2145 203 2494 270 DOMINIC.
2529 239 2609 254 —
2634 208 2838 272 PARS
2882 210 2930 272 Ι.

3436 214 3592 276 1766

190 346 295 402 das
326 343 530 418 (Matth.
561 344 763 411 xxvu.)
784 340 895 397 Alii
920 340 1070 397 male
1096 339 1403 413 incipiunt,
1438 341 1537 396 sed
1575 340 1633 395 in
1660 340 1835 396 ﬁnem
1863 342 1917 408 Α
1947 338 2115 410 lium,
2148 356 2277 396 vcre
2309 357 2442 397 oves
2474 341 2691 415 preprii
2723 342 2976 415 pastoris
3003 360 3204 401 vocem
3235 353 3597 419 cognoscunt

191 432 453 491 conversi
485 449 520 489 a
548 432 665 489 Deo
711 431 1096 505 recipiuntur,
1153 435 1215 486 ut
1263 429 1433 499 latro,
1468 430 1567 502 qui
1599 446 1746 502 pene
1776 429 1837 485 in

191 523 395 580 eadem
437 522 584 579 hora
612 526 671 578 et
722 520 995 594 panituit
1036 525 1093 577 et
1138 518 1428 576 exhalavit
1475 519 1623 591 (Luc.
1653 522 1840 587 XXIII.)

190 612 371 670 Nemo
404 612 625 685 itaque,
657 611 888 679 fratres,
921 611 993 667 de
1022 608 1298 683 operibus
1337 608 1463 665 suis
1490 608 1661 665 bonis
1692 625 1841 681 pra-

193 706 409 759 sumat.
442 701 625 758 Nemo
657 698 839 757 alium
864 703 1099 773 propter
1128 698 1412 755 exteriora
1440 697 1597 753 mala
1617 697 1844 769 judicet

192 790 282 847 vel
314 790 687 847 condemnat.
719 789 901 844 Nemo
931 788 992 843 in
1029 786 1472 860 longanimitate
1504 787 1668 843 bonae
1714 786 1843 842 vita

197 881 475 938 confidat.
508 880 689 936 Nemo
709 895 838 935 sero
868 878 1241 951 pauitantem
1263 876 1565 949 despiciat.
1598 877 1710 932 Sed
1740 876 1842 948 qui

196 970 346 1028 bene
377 970 540 1039 vixit,
587 969 793 1025 timeat
822 984 894 1024 ne
924 968 1093 1024 cadat
1126 966 1173 1039 (Ι
1199 966 1319 1023 Cor.
1351 965 1431 1037 x,)
1463 983 1536 1021 ne
1565 970 1842 1037 tepescat,

198 1076 271 1116 ne
291 1063 528 1133 propter
546 1056 1061 1131 prasumptionem
1083 1058 1333 1121 corruat,
1358 1071 1430 1111 ne
1453 1059 1689 1127 propter
1708 1070 1844 1109 con-

196 1153 491 1220 temptum
522 1146 720 1202 fratris
764 1145 1040 1202 tardioris
1067 1142 1394 1218 displiceat.
1429 1143 1537 1211 Qui
1568 1160 1700 1200 vero
1732 1143 1847 1199 huc

199 1252 389 1310 usque
418 1234 572 1292 male
597 1233 758 1304 vixit,
783 1234 985 1290 audiat
1005 1234 1161 1306 quod
1183 1233 1277 1288 hic
1307 1232 1554 1289 dicitur:
1580 1233 1731 1305 Quid
1758 1232 1848 1289 hic

197 1328 355 1383 statis
402 1332 512 1382 tota
555 1325 644 1380 die
688 1323 893 1380 otiosi?
942 1322 1172 1379 'l‘imeat
1220 1339 1356 1396 ergo
1394 1321 1532 1378 talis
1563 1339 1636 1378 ne
1666 1327 1850 1378 morte

200 1413 606 1490 praveniatur,
641 1429 746 1470 nec
776 1416 974 1468 tamen
1005 1412 1290 1484 desperet,
1324 1413 1425 1467 sed
1460 1412 1530 1467 de
1558 1410 1851 1467 immensa

202 1502 604 1561 misericordia
633 1502 952 1570 conﬁdens,
976 1500 1232 1568 festinet,
1266 1500 1475 1573 ploret,
1508 1504 1758 1573 satagat,
1786 1503 1850 1556 ut

203 1593 359 1667 quod
391 1591 592 1649 amisit
617 1591 679 1647 in
722 1594 939 1664 tepore,
974 1594 1277 1661 recuperat
1304 1588 1364 1645 in
1396 1589 1633 1646 fervore.
1672 1590 1850 1647 Nemo

206 1683 363 1740 dicat
380 1683 440 1738 in
463 1681 776 1738 undecima
795 1680 958 1746 hora,
985 1678 1042 1735 id
1062 1684 1151 1736 est
1173 1679 1231 1734 in
1253 1683 1552 1736 senectute
1574 1679 1852 1753 incipiam

206 1772 493 1839 laborare,
525 1774 582 1826 et
604 1769 970 1826 tantumdem
1002 1768 1226 1842 praemii
1260 1769 1537 1841 recipiam
1569 1774 1858 1842 quantum

211 1861 408 1936 primi.
457 1860 638 1916 Nemo
669 1857 780 1914 hoc
808 1857 984 1925 dicat,
1031 1857 1259 1925 fratres,
1293 1858 1432 1931 quia
1462 1875 1634 1915 nemo
1664 1859 1735 1915 de
1764 1874 1858 1914 ve-

214 1948 493 2022 spertina,
527 1947 775 2004 necdum
796 1947 868 2003 de
890 1946 1160 2019 prasenti
1191 1945 1336 2002 hora
1365 1952 1559 2004 certus
1589 1953 1695 2013 est,
1724 1947 1863 2020 quia

216 2055 323 2095 nec
354 2038 492 2106 vita,
523 2053 630 2093 nec
659 2035 957 2093 conversio
987 2035 1048 2091 in
1081 2052 1261 2091 manu
1291 2035 1548 2092 hominis
1578 2040 1684 2092 est.
1710 2037 1864 2092 Hora

216 2127 279 2184 in
298 2144 427 2200 qua
457 2126 590 2199 quis
610 2125 879 2192 moritur,
897 2128 987 2180 est
1009 2130 1278 2181 senectus
1299 2140 1425 2180 sua.
1450 2124 1663 2180 Omnes
1686 2125 1866 2196 igitur

218 2218 279 2274 in
297 2216 466 2273 vinea
483 2215 586 2272 Dei
606 2214 869 2271 laborare
891 2213 1254 2269 festinemus.
1273 2212 1557 2269 Duritiam
1574 2215 1708 2269 cord
1720 2214 1863 2283 ium,

219 2306 429 2362 timore
459 2305 530 2362 de
578 2304 976 2361 recordatione
1026 2307 1397 2375 peccatorum
1420 2306 1773 2372 ,nostrorum
1806 2308 1865 2359 et

220 2393 683 2452 consideratione
702 2392 980 2466 gehennae
1003 2397 1158 2461 nato,
1193 2392 1361 2464 quasi
1390 2391 1583 2465 ligone
1613 2408 1866 2448 commo-

220 2500 482 2551 veamus,
530 2486 828 2539 sarmenta
874 2480 1171 2548 vitiorum,
1204 2496 1378 2554 sarpa
1425 2481 1801 2538 correctionis
1831 2498 1865 2536 a

221 2574 392 2630 nobis
420 2577 478 2629 et
506 2571 637 2628 aliis
666 2572 1022 2627 auferamus.
1047 2574 1365 2627 Caveamus
1386 2587 1457 2626 ne
1478 2575 1686 2627 ventus
1707 2570 1866 2643 aqui-

221 2661 375 2718 lonis
404 2661 576 2717 ﬂores
594 2660 879 2715 virtutum
910 2659 966 2713 in
998 2659 1191 2726 nobis,
1214 2676 1286 2714 ne
1306 2658 1497 2715 fervor
1515 2660 1868 2731 persecutio-

222 2750 315 2807 nis
332 2751 558 2807 fructus
567 2750 696 2821 jam
717 2752 980 2804 maturos
999 2747 1059 2802 in
1082 2747 1251 2819 nobis
1271 2747 1494 2817 ardeat,
1516 2749 1616 2804 sed
1638 2765 1870 2821 semper

222 2838 457 2897 solliciti
488 2840 560 2895 de
582 2837 893 2894 animabus
915 2837 1152 2905 nostris,
1179 2853 1481 2909 nunquam
1504 2853 1612 2893 nos
1634 2837 1866 2910 dignos,

223 2944 531 3003 nunquam
543 2945 653 2984 nos
668 2943 903 2984 securos
915 2925 1294 2993 astimemus,
1307 2941 1615 2998 quousque
1630 2942 1805 2998 pram
1816 2926 1870 2981 ia

223 3018 623 3091 percipiamus
642 3016 1017 3089 repromissa,
1039 3016 1194 3087 quod
1219 3013 1387 3071 nobis
1404 3015 1684 3072 concedat
1704 3015 1872 3071 Pater

227 3112 286 3164 et
317 3107 498 3164 Filius
527 3110 584 3162 et
612 3106 868 3178 Spiritus
896 3109 1157 3161 sanctus.
1183 3105 1389 3160 Amen.

748 3210 1059 3266 HOMILIA
1102 3209 1342 3265 XXVIII.

652 3299 931 3339 DOMINICA
969 3299 1028 3337 IN
1070 3298 1440 3338 SEXAGESIMA.

298 3374 550 3431 Libenter
567 3374 810 3447 suﬂ'ertis
826 3373 1166 3444 insipientes,
1192 3387 1319 3426 cum
1334 3373 1456 3428 sitis
1472 3374 1583 3445 ipsi
1607 3373 1872 3444 sapientes

226 3465 305 3533 (ιι
323 3465 442 3521 Cor.
476 3462 560 3536 ιι.)
610 3465 720 3518 etc.
779 3460 1065 3535 Bipartita
1119 3463 1209 3517 est
1258 3459 1382 3516 hac
1426 3459 1615 3530 lectio,
1665 3461 1872 3517 fratres

226 3551 581 3609 charissimi.
601 3551 795 3607 Primo
810 3550 968 3607 enim
991 3548 1363 3622 reprehendit
1378 3548 1729 3618 Corinthios,
1749 3549 1875 3622 qui-

226 3642 340 3698 bus
370 3641 493 3698 hac
536 3639 760 3709 scribit,
795 3640 866 3696 de
894 3639 1004 3694 hoc
1036 3639 1190 3710 quod
1241 3638 1873 3711 pseudOpradicatores

227 3728 606 3804 recipiebant.
648 3728 919 3786 Secundo
962 3744 1025 3783 se
1069 3731 1367 3799 comparat
1393 3732 1453 3784 et
1500 3728 1729 3797 prafert
1758 3727 1874 3784 illis

229 3819 732 3892 pradicatoribus.
784 3817 1236 3890 Reprehendens
1278 3832 1416 3889 ergo
1446 3816 1775 3873 Corinthios
1804 3817 1875 3873 de

229 3908 603 3981 susceptione
650 3907 931 3964 falsorum
976 3905 1444 3978 pradicatorum,
1476 3905 1592 3961 ait:
1626 3907 1877 3962 Libenter

228 3999 471 4069 su/fertis
518 3998 856 4069 insipientes,
910 4011 1036 4050 cum
1087 3996 1210 4050 sitis
1262 3995 1371 4066 ipsi
1414 3996 1700 4066 sapientes.
1743 3994 1875 4050 Ideo

230 4086 389 4143 enim
420 4085 705 4159 insipiens
735 4088 824 4141 est
850 4082 1154 4157 insipiens,
1177 4082 1318 4155 quia
1336 4087 1505 4155 putat
1528 4099 1590 4139 se
1618 4100 1746 4140 esse
1778 4101 1877 4139 sa-

228 4175 510 4250 pientem,
534 4179 594 4231 et
610 4173 738 4231 ideo
760 4191 876 4231 non
899 4172 1155 4230 alienum
1179 4173 1279 4228 sed
1302 4188 1478 4228 suum
1504 4170 1625 4229 vult
1645 4188 1879 4245 semper

227 4266 421 4322 facere
449 4263 782 4321 consilium.
817 4263 1050 4319 Primus
1078 4261 1237 4318 enim
1267 4278 1540 4317 accessus
1569 4264 1659 4318 est
1687 4261 1760 4316 ad
1792 4278 1880 4317 sa-

188 4398 193 4403 .
228 4353 513 4428 pientiam
542 4352 868 4427 intelligere
897 4368 960 4409 se
988 4351 1362 4424 insipientem
1393 4367 1540 4419 esse,
1573 4356 1631 4406 et
1659 4351 1875 4407 seniori

1948 433 2006 485 et
2033 434 2383 501 sequuntur,
2416 430 2675 487 alienum
2698 434 2893 488 autem
2925 449 3039 489 non
3073 438 3421 506 sequuntur,
3455 437 3597 510 quia

1948 533 2067 573 non
2124 522 2411 574 noverunt
2464 534 2663 575 vocem
2722 519 3047 576 alienorum
3103 523 3291 591 (Joan.
3324 522 3400 595 ι.)
3448 524 3599 580 Sunt

1951 612 2170 674 autem,
2205 606 2411 662 fratres
2431 607 2567 674 mei,
2601 613 2853 680 quatuor
2873 609 3098 682 species
3115 610 3595 683 praedicatorum:

1950 696 2061 752 Alii
2092 699 2287 751 autem
2319 694 2477 752 mala
2509 697 2845 768 pradicant,
2878 703 2934 754 et
2965 699 3116 755 male
3145 700 3369 770 vivunt,
3398 706 3456 758 et
3480 700 3598 758 ha-

1952 784 2115 841 retici
2137 789 2296 852 sunt,
2330 784 2426 857 qui
2463 801 2568 841 nec
2599 785 2874 842 audiendi
2898 804 3002 843 nec
3021 787 3289 845 imitandi
3312 795 3470 859 sunt,
3495 793 3597 849 sed

1952 872 2321 947 prohibendi.
2352 873 2463 929 Alii
2494 874 2649 930 mala
2678 875 2995 947 pradicant
3036 894 3140 950 per
3184 879 3598 951 ignorantiam,

1954 968 2010 1019 et
2038 962 2099 1017 in
2131 961 2354 1018 cateris
2384 963 2531 1019 bene
2578 963 2797 1032 vivunt,
2831 973 2886 1020 et
2926 964 3272 1038 insipientes
3302 973 3459 1024 sunt.
3494 970 3602 1037 Qui

1954 1055 2012 1106 et
2027 1050 2076 1107 si
2109 1049 2167 1105 in
2199 1050 2463 1107 moribus
2488 1050 2759 1108 imitandi
2789 1057 2947 1119 sunt,
2970 1057 3167 1111 tamen
3190 1056 3465 1114 audiendi
3484 1075 3602 1115 non

1956 1140 2113 1193 sunt.
2163 1136 2275 1192 Alii
2327 1139 2481 1194 bona
2528 1139 2843 1211 pradicant
2874 1145 2930 1196 et
2970 1141 3116 1198 bene
3145 1143 3366 1216 vivunt,
3402 1151 3458 1202 et
3484 1146 3605 1203 veri

1956 1226 2362 1300 pradicatores
2393 1232 2553 1294 sunt,
2579 1229 2678 1301 qui
2697 1235 2755 1285 et
2780 1230 3055 1286 audiendi
3076 1236 3133 1287 et
3152 1232 3421 1290 imitandi
3445 1239 3602 1293 sunt.

1955 1315 2065 1370 Alii
2116 1316 2269 1371 bona
2315 1316 2633 1387 pradicant
2660 1322 2719 1373 et
2766 1318 2917 1375 male
2948 1319 3167 1387 vivunt,
3203 1323 3304 1395 qui
3334 1325 3608 1382 audiendi

1959 1409 2116 1473 sunt,
2169 1404 2269 1460 sed
2304 1421 2418 1459 non
2449 1403 2746 1474 imitandi,
2779 1408 2851 1463 de
2898 1407 3115 1480 quibus
3149 1409 3403 1468 dicitur:
3440 1414 3608 1482 Que-

1958 1509 2170 1566 cunque
2198 1493 2447 1549 dixerint
2474 1493 2623 1550 vobis
2642 1504 2853 1552 servate
2879 1504 2931 1553 et
2952 1500 3136 1569 facite,
3161 1499 3459 1558 secundum
3489 1520 3609 1561 vero

1961 1598 2125 1654 opera
2180 1597 2370 1638 eorum
2426 1582 2599 1638 nolite
2663 1584 2845 1654 facere
2902 1585 3105 1656 (Matth.
3180 1588 3364 1661 xxm.)
3424 1590 3612 1647 Tanta

1963 1671 2180 1744 quippe
2197 1674 2285 1727 est
2297 1670 2616 1727 auctoritas
2630 1688 2777 1727 vera
2799 1673 3097 1743 doctrina,
3116 1678 3271 1748 quod
3289 1695 3394 1752 per
3412 1695 3614 1752 quem-

1967 1776 2200 1833 cunque
2232 1777 2591 1832 perversum,
2623 1765 2681 1817 et
2712 1778 3062 1837 quocunque
3092 1764 3208 1822 fine
3243 1767 3611 1840 pradicetur,

1968 1849 2260 1905 audienda
2289 1853 2397 1905 est.
2430 1849 2595 1907 Unde
2624 1850 2976 1923 Apostolus:
3026 1852 3153 1911 Sive
3176 1872 3277 1928 per
3302 1859 3610 1931 veritatem,

1966 1939 2084 1993 sive
2135 1954 2235 2010 per
2289 1940 2622 1995 occasionem
2695 1941 2941 1998 Christus
2991 1943 3347 2015 praedicetur,
3405 1947 3614 2019 gaudeo

1971 2026 2233 2099 (Philipp.
2267 2030 2341 2100 1:)
2365 2028 2435 2082 Et
2453 2031 2675 2096 contra,
2699 2045 2735 2084 a
2754 2045 3106 2103 quocunque
3128 2032 3373 2091 honesto
3394 2040 3452 2092 et
3469 2053 3612 2108 quo-

1971 2131 2202 2188 cunque
2248 2116 2364 2172 finc
2406 2134 2583 2189 prava
2633 2118 2896 2174 doctrina
2925 2120 3290 2192 pradicetur,
3325 2124 3617 2183 audienda

1971 2221 2086 2259 non
2119 2209 2226 2261 est.
2260 2205 2423 2283 U'nde
2448 2206 2791 2278 Apostolus:
2811 2208 2879 2263 Et
2896 2210 2948 2265 si
2977 2212 3204 2280 angelus
3226 2212 3292 2269 de
3308 2214 3439 2271 ccelo
3459 2215 3617 2271 aliud

1970 2295 2120 2350 vobis
2146 2294 2544 2365 praedicauerit,
2568 2298 2858 2353 anathema
2887 2294 2959 2354 sit
2992 2299 3131 2371 (Gal.
3157 2305 3221 2381 ι.)
3243 2304 3399 2369 Quos
3420 2308 3616 2362 autem

1972 2383 2314 2455 insipientes
2348 2384 2641 2440 sustinent
2670 2385 2975 2457 Corinthii,
3025 2390 3259 2463 exponit
3304 2393 3618 2466 Apostolus

1973 2488 2107 2526 cum
2139 2472 2366 2527 subdit:
2397 2475 2695 2529 Sustinetis
2711 2478 2859 2531 enim
2877 2479 2929 2532 si
2951 2480 3075 2550 quis
3098 2496 3189 2536 vos
3218 2482 3279 2537 in
3305 2485 3620 2541 servitutem

1970 2562 2188 2630 redigit.
2214 2555 2436 2628 Quibus
2458 2569 2596 2618 sunt
2617 2563 2793 2619 etiam
2817 2565 2987 2621 hodie
3009 2567 3251 2637 similes,
3276 2571 3377 2643 qui
3398 2572 3623 2646 simpli-

1972 2666 2069 2706 ces
2095 2667 2130 2705 a
2158 2649 2424 2707 libertate
2456 2652 2755 2719 virtutum,
2792 2653 2854 2708 in
2886 2654 3225 2713 servitutem
3254 2658 3618 2734 voluptatum

1974 2744 2032 2794 et
2047 2737 2369 2795 carnalium
2394 2739 2801 2797 illecebrarum
2821 2743 3110 2818 redigunt,
3132 2747 3394 2806 dicentes
3410 2755 3623 2807 cuncta

1974 2828 2049 2884 ad
2080 2845 2255 2883 usum
2307 2827 2616 2885 hominum
2664 2829 2847 2887 fuisse
2890 2837 3102 2889 creata.
3136 2836 3380 2906 Quibus,
3413 2839 3622 2895 fratres

1977 2916 2113 2987 mei,
2142 2916 2320 2973 nolite
2343 2918 2692 2989 consentire,
2724 2920 3004 2992 quoniam
3037 2923 3137 2995 qui
3168 2924 3626 3001 intemperanter

1978 3012 2308 3078 sequuntur
2334 3006 2514 3074 licita,
2548 3008 2766 3063 cadunt
2794 3008 2855 3064 in
2888 3009 3112 3068 illicita.
3144 3012 3340 3071 Et‘ille
3370 3017 3532 3073 solus
3561 3014 3623 3072 in

1896 3090 1939 3157 C
1978 3094 2181 3151 illicita
2211 3111 2327 3151 non
2376 3096 2549 3164 cadit,
2583 3095 2684 3169 qui
2714 3113 2748 3152 a
2794 3096 2971 3156 licitis
3015 3105 3184 3158 caute
3213 3119 3274 3159 se
3304 3104 3621 3179 restringit.

1979 3185 2293 3253 Sustinetis,
2325 3184 2539 3257 inquit,
2569 3188 2622 3241 si
2649 3188 2772 3259 quis
2798 3190 2997 3261 accipit
3023 3194 3291 3260 vestra,si
3316 3195 3439 3265 quis
3467 3194 3623 3252 devo-

1979 3282 2061 3330 ret
2090 3274 2249 3329 cibos
2270 3278 2513 3340 vestros,
2551 3276 2605 3331 si
2633 3277 2754 3347 quis
2773 3278 3060 3334 extollitur
3088 3280 3158 3336 de
3173 3282 3506 3350 sanctitate,
3536 3283 3625 3341 vel

1980 3362 2299 3431 nobilitate,
2329 3364 2379 3419 si
2406 3365 2528 3435 quis
2568 3366 2627 3419 in
2653 3368 2853 3437 faciem
2882 3383 2970 3423 vos
3015 3368 3190 3439 caedit,
3223 3371 3365 3443 quod
3391 3371 3512 3428 dico
3540 3389 3624 3430 se-

1978 3452 2221 3509 cundum
2251 3454 2668 3521 ignobilitatem.
2700 3454 2847 3519 Quia
2874 3473 3131 3530 namque
3151 3462 3434 3532 tanquam
3457 3461 3623 3532 facie,

1980 3540 2065 3597 ita
2123 3540 2425 3597 nobilitate
2480 3541 2657 3598 homo
2712 3545 3083 3616 cognoscitur
3137 3552 3289 3605 recte
3319 3549 3378 3606 in
3417 3549 3625 3608 faciem

1981 3630 2144 3700 cadi,
2178 3635 2268 3687 est
2297 3647 2401 3703 per
2419 3629 2845 3704 ignobilitatem
2868 3636 3179 3693 contemni.
3205 3637 3373 3695 Multi
3393 3657 3628 3714 quoque

1982 3724 2123 3775 sunt
2152 3719 2345 3788 hodie,
2378 3720 2585 3777 fratres
2615 3721 2751 3793 mei,
2783 3722 3000 3796 quibus
3028 3728 3085 3781 et
3112 3726 3162 3782 si
3196 3726 3327 3784 falsi
3358 3729 3630 3801 pradica-

1982 3812 2138 3866 tores
2162 3808 2479 3881 pradicant
2508 3825 2624 3866 non
2652 3827 2808 3879 vera,
2837 3813 2938 3868 sed
2970 3817 3136 3887 grata
3174 3820 3233 3873 et
3262 3816 3495 3889 placita,
3528 3836 3627 3875 su-

1985 3898 2203 3955 stinent
2230 3915 2328 3954 eos
2358 3915 2469 3955 sua
2497 3899 2860 3969 devorantes,
2894 3907 2951 3958 et
2981 3903 3052 3959 de
3082 3906 3391 3963 sanctitate
3421 3925 3482 3964 se
3511 3906 3631 3981 glo-

1985 3988 2224 4057 riantes,
2257 3992 2315 4043 et
2343 3993 2578 4044 cateros
2609 3989 2989 4063 negligentes.

2057 4077 2336 4149 Sequitur
2364 4093 2500 4148 pars
2520 4078 2796 4145 secunda,
2821 4079 2882 4134 in
2905 4095 3023 4151 qua
3049 4081 3362 4154 Apostolus
3383 4100 3445 4141 se
3476 4101 3630 4142 com-

1986 4168 2155 4238 parat
2172 4169 2230 4221 et
2253 4165 2484 4237 prafert
2498 4166 3231 4239 pseudo-praedicatoribus
3248 4188 3383 4228 cum
3401 4174 3628 4231 subdit:

1984 4256 2049 4311 In
2078 4270 2182 4326 quo
2209 4256 2334 4326 quis
2388 4253 2595 4310 audet?
2649 4256 2934 4313 subaudis
2992 4275 3056 4315 se
3104 4263 3533 4322 commendare.
3568 4263 3633 4321 Et

1985 4359 2099 4415 ego.
2134 4343 2244 4399 Sed
2273 4343 2585 4415 quomodo,
2636 4344 2848 4402 fratres
2878 4346 3013 4415 mei,
3055 4347 3150 4406 hic
3180 4350 3440 4424 seipsum
3470 4369 3629 4409 com-

231 4441 478 4501 oonsilio
508 4442 897 4516 acquiescere.
922 4441 1096 4498 Porro
1127 4440 1510 4511 sapientiores
1536 4438 1879 4511 insipientes
1908 4453 1955 4518 D
1986 4433 2223 4490 mendat
2253 4432 2589 4505 Apostolus},
2614 4451 2749 4490 cum
2780 4434 2935 4492 idem
2965 4436 3101 4493 alibi
3123 4438 3315 4495 dicat:
3347 4442 3462 4497 Non
3485 4443 3636 4498 enim

230 4532 475 4590 sufferre
504 4536 563 4589 et
591 4531 848 4604 recipere
866 4529 977 4587 hoc
1002 4529 1221 4585 intuitu
1242 4529 1476 4595 debent,
1500 4533 1679 4586 uteos
1700 4529 1878 4586 corri-

231 4625 377 4695 gant
390 4624 449 4677 et
462 4622 729 4688 doceant,
746 4624 813 4676 ut
830 4635 945 4675 non
960 4618 1258 4675 erroribus
1273 4635 1475 4675 eorum
1492 4617 1879 4688 consentiant,

233 4715 302 4768 ut
316 4710 607 4767 faciebant
617 4707 921 4777 Corinthii,
941 4708 1044 4780 qui
1060 4706 1238 4763 falsos
1248 4705 1674 4779 pradicatores,
1693 4707 1880 4780 legem

235 4799 550 4856 tenendam
575 4815 703 4856 esse
732 4814 866 4854 cum
893 4796 1200 4870 Evangelio
1231 4800 1289 4851 et
1314 4794 1462 4852 alios
1491 4812 1715 4852 errores
1741 4813 1882 4868 pra-

236 4888 519 4955 dicantes,
532 4887 952 4960 suscipiebant,
968 4889 1239 4942 eteorum
1251 4885 1544 4941 erroribus
1556 4885 1883 4958 acquiesce-

234 4977 399 5034 bant.
462 4977 721 5041 Quorum
782 4975 958 5049 (unde
997 4972 1315 5031 dolendum
1346 4977 1456 5042 est)
1510 4979 1652 5030 sunt
1705 4973 1879 5031 etiam

234 5066 407 5122 hodie
439 5064 664 5122 similes
696 5065 756 5121 in
805 5063 1083 5133 Ecclesia,
1115 5063 1215 5135 qui
1247 5064 1532 5135 quosdam
1563 5080 1883 5137 gyrovagos

233 5158 295 5212 et
332 5153 512 5211 falsos
560 5153 991 5228 pradicatores,
1048 5151 1329 5209 libentius
1385 5169 1562 5225 quam
1616 5153 1883 5226 proprios

233 5244 643 5317 pradicatores
654 5243 768 5300 reci
775 5240 1566 5318 piunt,audienteslibentius
1577 5242 1885 5298 adulantes

234 5349 415 5407 quam
428 5333 827 5407 corripientes,
846 5332 1151 5405 loquentes
1160 5330 1379 5404 placita
1389 5347 1567 5404 quam
1578 5330 1884 5404 loquentes

231 5438 388 5480 vera.
420 5423 491 5480 Et
509 5424 684 5495 juxta
710 5423 869 5496 quod
898 5420 1173 5481 Salomon
1204 5420 1316 5478 ait:
1346 5421 1598 5479 Furtivae
1618 5420 1704 5478 eis
1724 5436 1888 5495 aquae

234 5510 508 5575 dulciores
546 5520 677 5579 sunt
723 5512 903 5591 (Prov.
937 5511 1037 5590 ne)
1070 5511 1195 5583 sed,
1244 5509 1572 5573 secundum
1620 5510 1883 5591 Evange-

1986 4524 2084 4595 qui
2111 4523 2351 4595 seipsum
2391 4522 2729 4580 commendat
2770 4524 2868 4581 ille
2907 4528 3168 4597 probatus
3195 4535 3289 4597 est,
3332 4529 3427 4585 sed
3474 4545 3635 4602 quem

1988 4618 2134 4670 Deus
2187 4612 2524 4668 commendat
2563 4612 2635 4686 (Il
2663 4612 2783 4670 Cor.
2813 4616 2892 4682 ι.)
2941 4615 3012 4669 Et
3066 4615 3369 4673 Salomon:
3429 4618 3636 4675 Laudet

1988 4700 2200 4774 inquit,
2231 4710 2283 4757 te
2310 4702 2548 4769 alienus,
2594 4710 2649 4758 et
2694 4718 2807 4759 non
2835 4718 2894 4759 os
2923 4710 3079 4759 tuum
3125 4706 3308 4774 (Prov.
3335 4706 3534 4780 xxvn.)
3564 4708 3636 4764 Et

1989 4806 2204 4859 revera,
2223 4790 2452 4855 fratres,
2474 4791 2522 4845 si
2541 4790 2673 4863 quis
2690 4792 3114 4862 adjactantiam
3127 4792 3387 4867 seipsum
3408 4794 3629 4866 laudat,

1988 4896 2105 4935 non
2134 4878 2434 4935 venialitor
2463 4885 2681 4952 peccat.
2713 4881 2836 4936 Non
2869 4881 3025 4937 enim
3056 4881 3372 4941 laudabilis
3401 4889 3510 4955 est,
3533 4885 3635 4959 qui

1990 4969 2248 5042 seipsum
2270 4968 2487 5025 laudat.
2511 4970 2623 5026 Sed
2642 4971 2826 5026 sancti
2849 4987 2984 5027 cum
3001 4988 3111 5028 sua
3126 4971 3279 5029 bona
3300 4979 3632 5042 numerant,

1991 5076 2107 5115 non
2137 5060 2210 5114 ob
2230 5059 2569 5131 iactantiam
2592 5059 2701 5116 hoc
2722 5060 2963 5129 faciunt,
2986 5062 3087 5119 sed
3116 5062 3189 5119 ob
3207 5063 3634 5121 necessitatem.

1992 5149 2135 5204 Tres
2166 5147 2321 5203 enim
2340 5164 2549 5204 causas
2565 5147 2896 5206 invenimus
2917 5149 3132 5223 quibus
3153 5152 3337 5208 sancti
3355 5169 3464 5209 sua
3486 5153 3641 5210 bona

1991 5254 2334 5294 enumerare
2368 5242 2676 5310 coguntur.
2709 5239 2950 5304 Quando
2996 5239 3154 5297 enim
3184 5246 3532 5314 premuntur
3549 5259 3642 5299 ve-

1990 5326 2253 5383 hementi
2285 5327 2655 5394 adversitate,
2689 5328 2761 5384 ad
2794 5333 3176 5403 augmentum
3208 5330 3332 5404 spei
3360 5334 3420 5387 et
3447 5328 3641 5387 solatii

1993 5434 2101 5474 sua
2132 5417 2285 5474 bona
2314 5422 2607 5490 coguntur
2634 5434 2997 5489 enumerare,
3031 5423 3098 5476 ut
3123 5421 3235 5479 Job
3259 5436 3273 5477 :
3308 5417 3527 5487 Oculus,
3551 5417 3642 5475 in-

1992 5508 2140 5586 quit,
2190 5508 2279 5586 rui
2323 5522 2480 5579 ceco,
2509 5515 2562 5567 et
2602 5522 2698 5583 pes
2725 5507 2941 5571 claudo.
2984 5508 3048 5576 Si
3095 5505 3306 5573 comedi
3345 5503 3649 5569 bucoellam
