3990 6516
394 193 552 254 ΠϐἸ
1409 191 1803 252 ADDENDA.
1837 219 1918 233 --
1947 185 2344 249 RABULPHI
2386 185 2804 249 ARDENTIS.
3651 185 3817 248 ΗΘΒ

392 343 572 382 meum
596 325 766 395 solus,
799 332 852 382 et
880 340 992 382 non
1019 322 1250 381 comedit
1272 325 1521 397 pupillus
1541 341 1611 381 ea:
1629 340 1692 382 ea
1712 324 1846 396 (Job.
1871 321 2045 394 XXIX.)
2075 321 2130 388 Α
2158 337 2291 377 vero
2320 319 2632 393 Apostolus
2674 320 2891 377 fatetur
2921 333 2985 376 se
3013 317 3259 390 nescire,
3291 335 3370 376 an
3399 318 3574 377 fuerit
3599 324 3816 394 raptus

395 415 637 481 Quando
668 413 844 469 etiam
876 413 1080 470 volunt
1107 413 1293 470 Deum
1317 414 1578 486 judicem
1611 413 1684 470 ad
1716 412 2041 468 misericor-
2151 409 2210 464 in
2245 427 2482 483 corpore
2511 414 2569 466 et
2597 410 2796 465 anima
2818 408 3016 478 simul,
3051 422 3125 465 an
3156 413 3318 466 extra
3337 420 3573 482 carpas,
3604 411 3816 466 anima

394 505 549 558 diam
599 503 691 560 sui
739 502 1041 572 inclinare,
1093 502 1284 559 solent
1330 504 1482 559 bona
1515 519 1624 558 sua
1653 519 1944 566 enarrare,
1980 503 2044 556 ut
2152 498 2375 554 scilicet
2423 502 2747 571 assumpta.
2800 499 2918 554 Hoc
2949 499 3176 566 fratres,
3228 502 3432 554 contra
3476 497 3612 555 illos
3643 510 3813 555 erro-

390 592 701 650 Ezcchias:
751 593 1029 662 Memento,
1083 593 1293 664 inquit,
1341 593 1606 664 quomodo
1646 591 2043 647 ambulaverim
2151 605 2291 644 neos
2321 593 2435 660 est,
2468 589 2569 661 qui
2590 588 2888 644 afﬁrmant
2919 605 2981 644 se
3011 587 3069 643 in
3094 604 3212 644 una
3242 591 3406 644 nocte
3425 587 3816 661 corporaliter

390 698 574 741 coram
604 689 652 738 te
700 682 760 737 in
807 684 1036 738 veritate
1083 681 1230 753 (Isai.
1266 681 1526 753 xxxvm.)
1571 681 1812 747 Quando
1863 681 2039 736 etiam
2150 676 2370 734 multas
2405 678 2670 750 regiones
2693 681 3074 746 transmeare,
3099 677 3476 744 manducare,
3505 682 3563 734 et
3582 677 3811 754 bibere,

391 771 576 828 sancti
596 770 1001 844 praedicatores
1016 769 1221 825 volunt
1237 770 1608 843 persuadere,
1633 774 1697 825 ut
1715 769 1829 826 sibi
1851 769 2040 842 magis
2149 771 2204 821 et
2235 771 2367 839 post
2396 783 2672 823 remeare.
2707 767 2851 822 Cum
2874 765 3186 840 Apostolus
3211 766 3429 841 Spiritu
3449 770 3661 822 sancto
3683 766 3808 838 ple-

392 861 767 932 acquiescant
819 877 998 932 quam
1048 859 1797 932 pseudo-praedicatoribus,
1851 859 2040 915 solent
2147 873 2262 911 nus
2311 856 2466 912 dicat
2494 871 2556 913 se
2615 856 2836 912 nescire
2894 856 3187 928 quomodo
3218 855 3277 911 in
3325 855 3537 912 caelum
3595 861 3807 929 raptus

391 966 452 1005 se
483 950 894 1005 commendem
941 952 1000 1005 et
1043 948 1159 1004 illis
1207 949 1497 1022 praferre,
1541 953 1606 1004 ut
1633 948 1944 1021 Apostolus
1977 949 2036 1003 in
2148 943 2341 1012 fuerit,
2375 945 2530 999 idem
2552 945 2622 1000 de
2644 944 2978 1000 humilitate
3008 962 3072 1001 se
3101 945 3490 1012 commendat,
3526 959 3669 1000 eum
3691 946 3800 1001 ait:

389 1037 499 1094 hoc
529 1037 690 1094 loco:
728 1039 1111 1094 Commendat
1141 1042 1334 1093 autem
1370 1055 1431 1093 se
1463 1037 1765 1110 apostolus
1798 1037 1857 1092 in
1887 1054 2036 1109 qua-
2145 1033 2208 1087 Et
2238 1049 2308 1089 ne
2353 1033 2674 1103 magnitudo
2721 1036 3113 1091 revelationum
3144 1035 3372 1091 extollat
3396 1051 3499 1101 me,
3532 1034 3700 1090 datus
3729 1043 3805 1091 est

387 1131 539 1193 tuor,
572 1127 633 1182 in
664 1144 894 1202 genere,
915 1127 975 1182 in
1008 1127 1356 1195 ministerio,
1389 1128 1447 1182 in
1480 1126 1950 1194 revelationibus,
1975 1126 2034 1182 in
2142 1123 2285 1177 mihi
2311 1124 2568 1178 stimulus
2588 1125 2770 1180 carnis
2790 1138 2929 1182 mea
2949 1124 3175 1194 angelus
3191 1123 3416 1181 Satanae
3435 1125 3532 1195 qui
3549 1140 3640 1180 me
3661 1126 3802 1179 cols-

386 1216 737 1273 humilitate.
771 1218 833 1272 1n
865 1217 1055 1289 primo
1084 1234 1145 1273 se
1175 1222 1366 1288 aequat
1412 1216 1564 1283 aliis,
1604 1217 1662 1270 in
1697 1217 1953 1272 secundo
1981 1220 2037 1271 et
2139 1212 2342 1282 phizet,
2375 1215 2484 1268 etc.
2520 1214 2663 1269 Ecce
2685 1213 2895 1269 fratres
2913 1214 3050 1282 mei,-
3072 1230 3206 1269 cum
3227 1217 3314 1268 tot
3341 1216 3398 1268 et
3415 1211 3602 1268 tantis
3621 1213 3802 1268 virtu-

385 1306 555 1362 tcrtio
587 1323 649 1362 se
677 1307 910 1379 praefert
935 1307 1039 1371 eis,
1075 1306 1132 1362 in
1175 1310 1384 1378 quarto
1413 1323 1477 1362 se
1513 1305 1786 1360 humiliat
1814 1305 1947 1360 aliis
1979 1309 2036 1360 et
2142 1299 2300 1355 tibus
2317 1301 2673 1358 sublimatus
2689 1301 3184 1374 essetApostolus,
3205 1302 3275 1358 ad
3290 1302 3797 1358 conservationem

385 1395 516 1450 sibi.
549 1400 626 1451 De
652 1411 863 1467 genere
895 1413 956 1451 sc
987 1395 1380 1463 commendat,
1409 1399 1466 1450 et
1497 1394 1630 1451 aliis
1663 1398 1870 1466 aequat,
1896 1411 2031 1450 cum
2142 1388 2516 1458 humilitatis,
2568 1391 2741 1447 datus
2771 1395 2861 1448 est
2889 1391 2939 1446 ei
2971 1409 3004 1447 a
3032 1391 3150 1447 Deo
3179 1390 3463 1447 stimulus
3487 1391 3714 1457 carnis,
3744 1397 3798 1447 et

384 1484 560 1540 dicit:
595 1485 820 1541 Hebraei
845 1492 975 1540 sunt
1001 1493 1051 1540 et
1081 1502 1196 1554 ego,
1231 1489 1338 1540 etc.
1374 1484 1658 1540 Nobilitas
1689 1489 1744 1539 et
1774 1483 2032 1556 probitas
2142 1476 2387 1550 angelus
2414 1478 2640 1535 Satana
2672 1480 2744 1535 ad
2775 1479 3224 1552 inquietandum
3269 1483 3326 1536 et
3354 1478 3796 1536 homiliandum

381 1576 697 1645 parentum
727 1573 797 1627 ad
827 1572 973 1627 nihil
1006 1572 1164 1628 aliud
1197 1572 1390 1629 valent
1421 1573 1796 1645 sequacibus,
1823 1573 2031 1628 fratres
2140 1583 2296 1634 eum,
2332 1568 2402 1622 Et
2431 1585 2564 1624 cum
2597 1573 2826 1642 rogaret
2867 1569 3034 1625 illum
3067 1587 3101 1624 a
3131 1586 3193 1626 se
3232 1570 3531 1637 remot'eri,
3567 1569 3797 1626 dictum

383 1660 526 1731 mei,
540 1660 653 1717 nisi
675 1663 748 1718 ad
767 1662 1197 1718 aemulationem
1216 1662 1582 1718 imitationis.
1607 1662 1751 1717 Hinc
1767 1665 1854 1718 est
1875 1662 2030 1734 quod
2061 1699 2108 1762 B
2141 1660 2232 1712 est
2258 1657 2310 1712 ei
2351 1674 2386 1713 a
2414 1658 2664 1713 Domino
2691 1674 2703 1712 :
2737 1658 2955 1731 Sufﬁcit
2983 1659 3084 1715 tibi
3111 1660 3301 1728 gratia
3325 1673 3442 1716 mea
3466 1677 3484 1725 ;
3513 1670 3660 1716 nam
3683 1662 3793 1716 vir-

382 1751 611 1824 antiqui
635 1751 925 1824 imagines
953 1756 1010 1807 et
1039 1752 1360 1824 probitates
1391 1756 1701 1824 parentum
1723 1751 1912 1807 solent
1941 1751 2033 1806 de-
2061 1747 2108 1762 ⁵¹
2140 1754 2225 1801 tus
2258 1748 2317 1802 in
2338 1747 2659 1817 inﬁmitate
2684 1749 2987 1820 perﬁcitur.
3015 1748 3354 1821 Magnitudo
3376 1749 3532 1805 enim
3555 1749 3793 1805 virtutis

381 1839 621 1914 pingere
651 1839 723 1896 ad
754 1840 1200 1896 incitamentum
1235 1841 1488 1897 filiorum
1538 1844 1595 1896 et
1633 1845 1934 1913 nepotum,
1967 1845 2032 1896 ut
2139 1835 2288 1891 solet
2317 1836 2640 1909 superbire,
2666 1837 2778 1892 nisi
2798 1841 3157 1910 temperetur
3177 1853 3246 1893 ex
3276 1836 3632 1894 humilitate.
3654 1838 3789 1902 One

379 1945 478 1985 eos
509 1929 580 1986 ad
611 1930 1018 2002 patrizandum
1069 1929 1398 1986 incitarent.
1433 1929 1493 1984 Si
1523 1934 1585 1984 tu
1616 1947 1751 1985 vero
1781 1930 2027 2000 degene-
2138 1923 2444 1982 humilitas
2500 1931 2664 1982 tanta
2720 1926 2832 1982 fuit
2862 1926 2922 1982 in
2975 1925 3174 1992 Paulo,
3211 1930 3275 1982 ut
3303 1931 3506 1983 contra
3561 1939 3786 1984 morem

379 2035 494 2087 ras,
513 2024 1014 2092 quareparentum
1032 2023 1266 2075 tuorum
1288 2019 1650 2075 nobilitatem
1666 2019 1876 2090 jactas.
1901 2018 2026 2073 Non
2138 2012 2446 2070 hominum
2497 2015 2888 2083 saecularium,
2939 2016 3092 2072 bona
3140 2033 3250 2072 sua
3303 2017 3398 2073 vix
3445 2021 3506 2073 et
3548 2023 3786 2074 coactus

377 2112 434 2164 te
454 2107 647 2178 juvat,
680 2109 781 2164 sed
812 2109 1072 2164 damnat.
1103 2109 1229 2164 Non
1262 2109 1417 2164 enim
1451 2125 1520 2164 ex
1548 2107 1746 2180 probis
1777 2106 2027 2179 parenti-
2137 2109 2454 2172 enarraret,
2489 2104 2860 2162 inﬁrmitates
2881 2122 3015 2162 vero
3047 2123 3186 2162 suas
3216 2107 3477 2179 gaudens
3508 2109 3783 2180 aperiret.

377 2197 490 2253 bus
513 2198 800 2267 nasci,sed
822 2197 1033 2270 probos
1054 2201 1324 2270 parentes
1345 2196 1583 2264 imitari,
1604 2195 1895 2252 laudabile
1917 2200 2022 2252 est.
2135 2194 2390 2249 Libenter
2415 2195 2714 2264 gloriabor,
2740 2193 2951 2267 inquit,
2984 2197 3045 2251 in
3075 2196 3486 2266 inﬁrmitatibus
3514 2198 3674 2264 meas,
3725 2204 3785 2252 ιι

379 2286 522 2342 Hinc
553 2291 641 2341 est
670 2286 825 2358 quod
856 2286 1142 2342 Dominus
1172 2286 1393 2342 Judaeis
1420 2284 1742 2341 incredulis
1777 2286 1834 2340 in
1863 2290 2026 2356 patre
2137 2282 2403 2338 inhabitet
2450 2285 2506 2338 in
2555 2301 2640 2340 me
2671 2287 2844 2340 virtus
2878 2287 3098 2340 Christi.
3131 2285 3314 2341 Nemo
3341 2286 3538 2358 igitUr,
3574 2286 3782 2342 fratres

375 2373 671 2430 Abraham
713 2375 1118 2447 gloriantibus,
1153 2374 1273 2430 ait:
1329 2377 1390 2430 Si
1434 2376 1544 2446 filii
1593 2375 1830 2431 Abrahae
1875 2377 2022 2444 estis,
2135 2371 2271 2438 mei,
2306 2390 2474 2428 nemo
2524 2377 2791 2429 nostrum
2831 2374 3228 2442 inﬁrmitates,
3260 2373 3509 2444 labores,
3542 2379 3602 2431 et
3632 2376 3782 2432 afﬂi-

376 2478 537 2534 opera
583 2463 820 2520 Abrahae
865 2465 1049 2535 facite.
1086 2464 1181 2520 Vos
1227 2480 1296 2519 ex
1338 2471 1493 2535 patre
1539 2463 1754 2519 diabolo
1797 2465 1941 2531 estis,
1974 2472 2025 2519 et
2133 2461 2356 2518 ctiones
2379 2462 2581 2536 fugiat,
2601 2463 2688 2519 vel
2715 2480 2830 2519 ase
2847 2465 3126 2520 removeri
3149 2465 3442 2537 deposcat,
3467 2465 3608 2536 quia
3629 2466 3781 2537 quod

375 2550 649 2607 desideria
692 2555 869 2625 patris
920 2555 1086 2608 vestri
1114 2554 1282 2608 vultis
1329 2555 1508 2625 facere
1537 2554 1711 2620 (Joan.
1745 2556 1893 2620 VIII.)
1947 2557 2022 2609 De
2132 2551 2400 2608 caminus
2440 2569 2605 2621 auro,
2637 2553 2792 2624 quod
2847 2553 2990 2609 lima
3045 2554 3217 2619 ferro,
3275 2553 3432 2625 quod
3461 2553 3600 2626 gelu
3633 2562 3780 2619 sate,

375 2639 702 2698 ministerio
758 2659 822 2698 se
882 2641 1013 2697 aliis
1067 2643 1314 2714 praefert,
1375 2657 1508 2697 cum
1548 2641 1723 2697 dicit:
1785 2642 2025 2698 Ministri
2131 2639 2241 2696 hoc
2270 2641 2494 2696 confert
2538 2641 2838 2698 tribulatio
2859 2643 3042 2714 justo.
3076 2642 3274 2709 Quid?
3323 2642 3499 2698 Illum.
3543 2649 3777 2716 purgat,

376 2730 583 2787 Christi
598 2739 728 2786 sunt
755 2739 807 2787 et
835 2747 952 2802 ego,
984 2739 1047 2787 ut
1073 2733 1257 2787 minus
1285 2733 1501 2803 sapiens
1533 2731 1729 2786 dicam.
1748 2730 1882 2803 plus
1901 2748 2018 2801 ego.
2130 2728 2350 2797 elimat,
2383 2730 2769 2803 splendificat.
2819 2731 2980 2788 Unde
3028 2732 3228 2797 David,
3259 2737 3350 2789 Da
3373 2732 3517 2788 mihi
3560 2732 3776 2805 inquit,

371 2820 454 2876 Ac
483 2819 537 2876 si-
563 2820 808 2876 diceret:
832 2821 894 2876 1n
927 2820 1060 2887 hoc,
1082 2821 1237 2893 quod
1270 2837 1362 2876 me
1384 2820 1513 2876 aliis
1529 2820 1791 2893 praefero,
1815 2820 2022 2893 loquor
2130 2821 2407 2875 auxilium
2437 2819 2500 2876 de
2546 2821 2902 2877 tribulatione
2946 2822 3116 2893 (Psal.
3152 2823 3287 2890 1.1x,)
3340 2821 3397 2876 id
3446 2825 3539 2878 est
3589 2823 3776 2878 tribu-

371 2913 438 2965 ut
468 2909 666 2966 minus
697 2909 951 2980 sapiens,
987 2910 1264 2983 quoniam
1298 2911 1498 2965 minus
1529 2909 1764 2981 sapiens
1794 2910 2020 2982 sapien-
2127 2905 2405 2964 lationem
2436 2910 2526 2965 fac
2557 2911 2706 2965 mihi
2736 2911 2795 2965 in
2837 2910 3122 2966 auxilium
3170 2911 3492 2984 provenire.
3525 2912 3774 2967 Oremus

368 2997 538 3065 tium,
574 3004 662 3056 est
692 3015 755 3055 se
809 2998 940 3055 aliis
999 3001 1286 3072 praeferre.
1338 2999 1500 3055 Unde
1529 3003 1586 3055 et
1615 3003 1816 3071 postea
1843 2999 2015 3056 dicit:
2126 2995 2326 3070 itaque
2358 2997 2589 3054 ﬁdelem
2621 2999 2952 3056 animarum
2984 3000 3440 3073 puriﬁcatorem,
3462 3000 3650 3056 n-thic
3672 3018 3774 3056 nos

366 3090 567 3144 Factus
591 3105 714 3144 sum
730 3090 1035 3160 insipiens:
1067 3106 1156 3144 vos
1183 3091 1556 3158 meeoegistis.
1588 3089 1717 3143 Non.
1733 3093 1929 3144 tamen
1953 3088 2012 3143 in
2044 3088 2085 3143 ἰὲ
2126 3091 2353 3159 purget,
2406 3105 2514 3144 nos
2556 3089 2847 3160 purilicet,
2880 3106 2950 3145 ne
2981 3090 3040 3145 in
3091 3090 3314 3156 futuro,
3343 3089 3404 3144 in
3436 3089 3633 3145 furore
3667 3106 3770 3146 suo

367 3176 479 3233 hoc
493 3178 648 3250 quod
666 3178 877 3234 sealiis
896 3179 1254 3250 praeferebat,
1276 3177 1558 3250 insipiens
1574 3181 1715 3244 erat,
1737 3177 1877 3249 quia
1899 3194 2010 3232 non
2123 3179 2333 3246 arguat
2365 3192 2490 3244 nos,
2525 3192 2595 3231 ne
2627 3175 2685 3230 in
2719 3176 2807 3231 ira
2835 3193 2944 3232 sua
2971 3175 3246 3250 corripiat
3270 3192 3396 3244 nos,
3432 3177 3534 3232 sed
3565 3176 3769 3232 statim

366 3267 436 3322 ad
446 3266 816 3338 jactantiam,
836 3269 938 3324 sed
956 3268 1028 3324 ob
1045 3267 1357 3323 utilitatem
1371 3267 1742 3323 subditorum
1761 3266 1868 3322 hoc
1885 3283 2015 3322 vere
2122 3268 2398 3320 exeuntes
2447 3265 2518 3320 de
2566 3265 2851 3337 corporali
2884 3265 3138 3330 miseria,
3193 3283 3300 3322 nos
3329 3266 3387 3320 in
3423 3265 3771 3321 thesaurum

365 3359 422 3410 et
438 3356 734 3429 sapienter
750 3357 1018 3413 faciebat.
1040 3358 1102 3411 In
1121 3357 1352 3412 duobus
1369 3360 1562 3412 autem
1580 3356 1790 3428 probat
1801 3373 1863 3412 se
1879 3356 2013 3429 plus
2121 3371 2296 3410 suum
2329 3354 2441 3410 reei
2447 3355 2570 3428 piat
2599 3356 2754 3412 Deus
2785 3361 2842 3411 et
2861 3356 3146 3412 Dominus
3166 3360 3362 3412 noster
3379 3355 3481 3428 qui
3506 3355 3565 3412 in
3582 3356 3775 3412 Trini-

363 3433 586 3502 caet‘eris
603 3445 942 3502 ministrum
961 3445 1173 3502 Christi
1190 3462 1342 3513 esse,
1359 3445 1496 3518 quia
1517 3445 1649 3517 plus
1672 3445 1939 3517 sequitur
1958 3450 2014 3502 et
2119 3447 2238 3499 tate
2272 3445 2526 3516 perfecta
2545 3444 2684 3501 vivit
2704 3449 2760 3500 et
2781 3449 2986 3518 regnat
3005 3445 3181 3514 Deus,
3213 3463 3316 3518 per
3333 3444 3535 3502 omnia
3556 3445 3772 3503 secula

362 3531 627 3590 imitatur
657 3551 791 3590 eum
825 3536 882 3590 in
906 3533 1176 3590 exteriori
1207 3535 1498 3606 passione,
1524 3535 1663 3590 utin
1686 3533 2007 3603 laboribus,
2119 3533 2488 3590 saeculorum.
2521 3535 2725 3590 Amen.

361 3623 420 3678 in
452 3623 892 3690 afflictionibus,
922 3623 981 3679 in
1013 3624 1310 3696 periculis,
1347 3630 1403 3679 et
1448 3623 1705 3679 interiori
1737 3641 2010 3696 compas-
2679 3643 2983 3698 HOMILIA
3013 3641 3198 3698 XXIX,

361 3712 545 3780 sione,
579 3717 644 3767 ut
673 3713 730 3767 in
765 3711 1156 3768 sollicitudine
1187 3713 1454 3769 omnium
1497 3712 1903 3768 Ecclesiarum.
1942 3715 2010 3768 Et
2543 3732 2821 3771 DOMINICA
2859 3732 2917 3770 IN
2963 3731 3333 3770 ssxaossxm.

359 3801 498 3874 quia
527 3801 859 3858 inﬁrmatur
891 3819 1026 3858 cum
1078 3802 1334 3870 infirmo,
1370 3802 1562 3857 uritur
1593 3819 1726 3857 cum
1757 3803 2008 3858 scanda-
2186 3805 2326 3860 Cum
2352 3806 2515 3860 turba
2556 3805 2806 3876 plurima
2853 3805 3218 3869 convenirent,
3263 3813 3314 3860 et
3340 3804 3406 3860 de
3450 3805 3765 3860 civitatibus

357 3889 550 3947 lizato.
583 3890 712 3948 Haec
742 3896 992 3964 pensent
1021 3891 1241 3964 praelati
1272 3890 1540 3947 Ecclesiae
1589 3890 1688 3962 qui
1721 3891 2006 3948 extollun-
2109 3901 2467 3965 properarent
2497 3893 2567 3962 ad
2593 3895 2792 3963 Iesum,
2819 3893 2965 3950 dixit
2987 3911 3087 3966 per
3113 3893 3578 3950 similitudinem:
3614 3895 3767 3948 Esiit

357 3983 454 4035 tur
487 3984 543 4036 et
571 3980 899 4054 gloriantur
927 3981 997 4036 de
1048 3979 1373 4037 ministerio
1405 3980 1644 4049 Christi,
1697 3980 1838 4053 quia
1866 3985 2007 4038 sunt
2114 3984 2212 4054 qui
2237 3985 2473 4039 seminat
2499 3985 2770 4040 seminare
2798 3999 2980 4040 semen
3005 3999 3170 4038 suum
3199 3985 3350 4055 (Luc.
3371 3983 3524 4053 Vim)
3551 3987 3611 4038 et
3639 3982 3768 4038 ωη-

356 4071 705 4140 sacerdotes,
731 4070 1010 4143 episcopi,
1028 4073 1085 4125 et
1105 4069 1454 4142 populorum
1474 4070 1762 4142 magistri.
1787 4070 1846 4126 Si
1867 4075 2007 4126 sunt
2115 4089 2252 4144 qua.
2279 4071 2562 4128 Dominus
2577 4077 2636 4128 et
2656 4073 3009 4145 Redemptor
3023 4075 3242 4140 noster,
3265 4072 3473 4127 fratres
3486 4070 3767 4129 charissi~

353 4175 487 4215 vere
520 4159 778 4215 ministri
809 4158 1044 4228 Christi,
1078 4159 1386 4216 imitentur
1431 4177 1586 4225 eum,
1621 4177 1737 4215 non
1768 4159 1827 4214 in
1859 4160 2004 4215 divi-
2115 4161 2218 4229 mi,
2252 4178 2354 4234 per
2374 4161 2575 4217 omnia
2595 4178 2702 4217 nos
2723 4161 3044 4230 instruens,
3067 4165 3136 4216 ut
3153 4177 3218 4217 se
3237 4175 3492 4234 persaepe
3513 4161 3764 4233 ﬁgurate

352 4246 450 4303 tiis
480 4252 540 4303 et
568 4248 812 4318 deliciis,
837 4266 953 4305 non
983 4249 1042 4304 in
1066 4265 1280 4322 pompa
1299 4253 1356 4305 et
1375 4249 1693 4305 ambitione
1715 4249 1999 4319 saeculari,
2111 4248 2273 4322 loqui
2301 4252 2746 4318 demonstraret,
2792 4251 3060 4324 exposuit
3098 4251 3437 4324 parabolam
3464 4251 3676 4318 istam,
3702 4254 3767 4306 ut

354 4353 480 4409 quae
513 4337 782 4394 Christus
831 4355 1062 4411 semper
1092 4339 1417 4395 detestatus
1447 4343 1554 4394 est.
1591 4338 1706 4395 Sed
1733 4337 1795 4394 in
1825 4339 1912 4394 eis
1940 4338 2000 4395 in
2110 4338 2171 4395 in
2201 4340 2518 4412 parabolis,
2536 4357 2684 4412 quas
2700 4357 3013 4413 persenon
3034 4339 3766 4414 exponebat,isigniﬁcaret

354 4426 571 4517 quibus
601 4427 865 4483 imitatur
895 4445 1040 4517 eum,
1060 4427 1296 4496 Paulus,
1332 4428 1390 4482 in
1415 4427 1689 4517 passione
1708 4427 1998 4517 exteriori,
2030 4451 2077 4517 Β
2108 4428 2928 4502 spiritualemintelligentiam
2942 4429 3761 4504 similiteresseiqnerendm.

351 4514 414 4571 in
429 4515 754 4585 laboribus,
771 4517 830 4572 in
849 4516 1284 4584 afﬂictionibus,
1304 4517 1364 4572 in
1373 4515 1638 4588 jejuniis,
1653 4516 1714 4570 in
1733 4516 1999 4572 Ecclesia:
2031 4514 2064 4517 —
2108 4520 2208 4574 Est
2235 4519 2504 4591 igitur,ut
2519 4519 2644 4592 ipse
2661 4519 2761 4588 ait,
2785 4536 2984 4576 semen
3007 4521 3248 4576 verbum
3269 4519 3398 4584 Dei.
3420 4535 3564 4593 ager
3591 4537 3764 4575 xxx-um

352 4606 876 4679 persecutionibus.
913 4605 1046 4662 Sint
1067 4605 1299 4662 solliciti
1330 4623 1434 4679 pro
1460 4605 1756 4675 Ecclesiis,
1789 4611 1858 4662 ut
1885 4623 2000 4663 non
2111 4610 2242 4677 dus,
2275 4609 2596 4666 seminator
2625 4610 2910 4679 Christus,
2943 4609 3042 4683 qui
3073 4611 3148 4666 de:
3195 4612 3334 4667 sinu:
3363 4609 3557 4667 Patris
3596 4612 3760 4675 exiit,

349 4710 447 4750 eas
478 4694 818 4768 exspolient,
854 4697 954 4752 sed
987 4699 1052 4750 ut
1089 4712 1190 4751 eas
1219 4695 1517 4752 instruant
1544 4699 1601 4751 et
1631 4701 1996 4769 supportent.
2110 4702 2174 4755 ut
2204 4717 2405 4756 semen
2434 4700 2677 4756 verbum
2707 4699 2811 4756 Dei
2843 4699 2952 4756 hoc
2979 4699 3040 4755 in
3073 4700 3301 4758 mundo
3328 4699 3672 4767 seminaret,
3704 4705 3762 4755 et

349 4783 611 4856 Lugeant
657 4801 792 4841 cum
845 4784 1205 4858 lugentibus,
1252 4785 1544 4858 gaudeant
1573 4802 1709 4841 cum
1737 4787 1996 4858 gauden-
2106 4788 2281 4844 etiam
2317 4789 2566 4862 quilibet
2585 4790 2946 4862 praedicator,
2971 4789 3071 4862 qui
3093 4791 3418 4846 secundum
3436 4803 3612 4846 sum
3637 4805 3761 4845 mo-

347 4871 526 4941 tibus,
559 4874 932 4931 inﬁrmentur
960 4892 1094 4930 cum
1130 4873 1587 4942 infirmantibus,
1622 4876 1767 4930 ﬁant
1801 4876 1999 4932 omnia
2106 4877 2312 4932 dulum
2335 4879 2406 4934 de
2435 4885 2654 4935 secreto
2686 4879 3196 4951 contemplationis
3226 4897 3346 4936 sua:
3378 4879 3450 4936 ad
3480 4878 3760 4935 erudien-

346 4963 641 5020 omuibus.
676 4965 757 5021 De
789 4962 1239 5022 revelationibus
1272 4980 1334 5019 se
1365 4965 1737 5020 commendat
1755 4966 1997 5037 Aposto—
2105 4967 2246 5022 dum
2273 4967 2537 5024 homines
2558 4969 2730 5024 debet
2751 4969 2923 5025 exire.
2948 4968 3058 5024 Sed
3082 4969 3412 5036 hominum,
3435 4968 3656 5041 quibus
3673 4986 3766 5024 se-

347 5049 460 5118 lus,
493 5069 626 5110 cum
658 5054 740 5110 ait
765 5072 828 5110 se
857 5060 1092 5127 raptum
1125 5070 1312 5125 usque
1350 5053 1422 5108 ad
1471 5052 1706 5108 tertium
1760 5053 1991 5110 ccelum.
2106 5057 2495 5113 menverbum
2509 5057 2610 5113 Dei
2623 5057 3189 5130 proponitur,multae
3203 5052 3761 5131 speciessunt.Nam

346 5140 492 5197 Hinc
541 5144 773 5200 discant
818 5148 1078 5215 pastores
1127 5142 1397 5199 Ecclesiae
1447 5142 1571 5215 rapi
1603 5142 1888 5198 desiderio
1921 5145 1993 5200 ad
2104 5147 2341 5219 quidem
2375 5152 2534 5213 sunt,
2569 5146 2668 5218 qui
2700 5163 2804 5203 nec
2835 5153 2888 5203 et
2910 5147 3053 5203 illud
3086 5147 3290 5203 audire
3317 5147 3539 5212 volunt,
3573 5151 3641 5202 ut
3673 5145 3764 5201 illi

344 5229 621 5302 coelestia,
674 5236 732 5287 et
759 5248 828 5286 ea
858 5247 960 5304 per
989 5231 1295 5288 lectionem
1337 5236 1396 5288 et
1442 5232 1992 5304 contemplationem
2103 5236 2319 5308 quibus
2351 5236 2634 5293 Dominus
2651 5235 2758 5292 ait:
2786 5238 2892 5305 Qui
2918 5254 2987 5294 ea:
3013 5240 3120 5294 Deo
3141 5247 3234 5304 est,
3264 5238 3546 5294 verbaDei
3563 5235 3761 5292 audit:

344 5318 636 5385 meditari,
663 5323 728 5374 ut
746 5320 866 5376 sint
887 5319 1048 5393 digni
1069 5321 1261 5377 vocari
1282 5321 1389 5377 viri
1409 5321 1833 5378 desideriorum
1855 5338 1991 5378 cum
2095 5335 2387 5400 propterea
2443 5343 2536 5384 vos
2589 5342 2700 5383 non
2756 5327 2981 5398 auditis,
3040 5329 3174 5400 quia;
3229 5322 3437 5384 eae-Dee
3485 5341 3599 5383 non
3627 5328 3765 5382 estis

342 5407 600 5477 Daniele,
634 5413 924 5481 quatenus
968 5410 1255 5468 Dominus
1285 5410 1508 5484 aperiat
1535 5410 1620 5467 eis
1653 5417 1875 5469 secreta
1901 5429 1992 5470 sa-
2101 5417 2275 5488 (Joan.
2313 5419 2437 5489 VIII)
2465 5433 2477 5472 :
2511 5417 2588 5472 Et?
2609 5415 2891 5488 propheta
2917 5423 3100 5475 Furor
3124 5417 3570 5475 illis’soeundum
3591 5417 3761 5473 simi-ﬁ

340 5497 575 5574 pientiae
603 5514 759 5571 suae,
780 5499 856 5559 ad
883 5515 1052 5560 suam
1087 5506 1142 5562 et
1172 5501 1423 5560 aliorum
1455 5499 1792 5561 utilitatem.
1826 5503 1994 5572 Quod
2098 5505 2394 5567 litudinem
2421 5507 2704 5581 serpentis,
2735 5507 2886 5565 sicut
2906 5507 3119 5581 aspidis
3139 5507 3329 5568 surdae
3365 5515 3417 5566 et
3443 5507 3768 5566 obmutui!

2046 3076 2084 3104 Α

2044 3109 2085 3143 u
