3990 6516
142 351 300 416 1769

793 351 1146 416 HOMIL‘IIE
1185 351 1265 413 IN
1309 348 1559 412 EPIST.
1605 346 1705 408 ET
1749 343 2037 407 EVANG.
2086 348 2440 412 DOMINIC.
2481 373 2564 399 ι·-
2605 352 2805 414 PARS
2848 353 2900 414 Ι.

3396 351 3552 410 1770

139 486 304 540 aures
331 499 480 548 suas,
501 483 642 556 qua:
680 484 798 540 non
845 483 1102 541 exaudiet
1160 498 1340 540 vocem
1398 479 1798 536 incantantium
1826 475 1884 543 Α
1911 477 2378 551 exstirpationes,
2413 483 2724 549 arationes,
2772 482 2956 556 frigus
2984 485 3043 538 et
3069 479 3312 546 calores,
3348 480 3554 536 fructi-

135 573 312 640 (Psat.
348 571 500 644 Lvu).
534 572 707 644 Aspis
753 573 994 646 serpens
1033 578 1118 630 est
1174 569 1530 628 incurabilis‘
1563 567 1790 634 veneni,

131 665 262 734 qua:
301 677 373 718 ne
403 661 606 718 audiat
647 661 1096 730 incantationes,
1130 661 1378 717 alteram
1433 674 1633 716 aurem
1663 656 1792 712 alli-

132 751 269 807 dere
311 754 503 819 terrae,
531 750 821 823 reliquam
869 753 1142 814 obturare
1191 750 1380 806 cauda
1431 745 1787 822 perhibetur.

129 838 302 896 Tales
325 844 459 896 sunt
485 840 757 898 homines
777 840 1021 913 quidam
1044 838 1384 896 incurabilis
1407 836 1664 900 malitize,
1689 834 1789 908 qui

127 944 302 985 aures
332 927 666 985 intellectus
708 927 799 986 sui
850 930 1147 995 obturant,
1182 929 1319 984 hinc
1367 942 1564 984 amore
1609 930 1786 981 terre-

125 1031 361 1085 norum,
395 1017 532 1073 hinc
581 1033 779 1073 amore
810 1017 1154 1090 posterioris
1203 1017 1386 1091 partis
1434 1033 1574 1082 sure,
1608 1014 1665 1070 id
1699 1018 1788 1071 est

123 1106 344 1170 carnis,
366 1123 438 1162 ne
467 1107 712 1163 verbum
761 1105 862 1163 Dei
917 1106 1119 1163 audire
1147 1107 1351 1162 velint.
1384 1105 1624 1162 Illorum
1651 1120 1786 1161 vero

122 1193 225 1266 qui
257 1195 506 1251 audiunt
537 1198 789 1268 quatuor
818 1195 1040 1268 species
1072 1200 1230 1252 sunt.
1262 1195 1408 1251 Nam
1443 1194 1540 1250 alii
1573 1195 1631 1250 in
1663 1197 1786 1250 tan-

118 1285 247 1338 tum
279 1284 530 1340 audiunt
557 1284 800 1340 verbum
852 1284 977 1350 Dei,
1011 1289 1078 1340 ut
1127 1301 1232 1341 nec
1283 1285 1412 1356 ejus
1459 1301 1664 1357 sapore
1695 1299 1782 1355 vel

115 1388 291 1444 opere
311 1372 809 1446 delectantur,qui
834 1374 981 1430 bene
1003 1373 1418 1447 signiﬁcantur
1441 1389 1543 1447 per
1565 1376 1780 1429 terram

114 1476 290 1518 secus
309 1461 464 1516 viam
487 1461 660 1517 .nulla
700 1479 836 1534 sepe
867 1461 1151 1529 clausam,
1177 1462 1281 1518 ubi
1315 1477 1514 1520 semen
1547 1461 1780 1518 concul-

112 1551 305 1618 catur,
337 1555 394 1606 et
431 1551 505 1606 ab
550 1550 756 1609 avibus
805 1552 1088 1608 aufertur.
1124 1553 1312 1610 Corda
1361 1552 1518 1609 enim
1570 1551 1777 1608 talium

107 1639 316 1696 clausa
328 1637 446 1696 non
460 1642 727 1707 sunt,sed
742 1641 1006 1698 omnium
1023 1642 1451 1699 tentationibus
1463 1641 1776 1714 spirituum

1906 566 2074 622 ﬁcare
2107 585 2220 624 non
2253 575 2461 642 potest.
2500 571 2583 626 lta
2614 572 2726 627 nisi
2759 572 2933 627 homo
2966 570 3250 643 patienter
3277 569 3556 640 exstirpet

1902 673 1935 710 a
1965 673 2027 712 se
2059 657 2260 728 spinas
2290 664 2346 715 et
2374 659 2624 716 tribulos
2655 660 2948 727 vitiorum,
2979 660 3092 716 nisi
3125 659 3402 714 duritiam
3434 674 3554 714 cor-

1901 743 1991 800 dis
2021 751 2165 811 aret,
2188 763 2420 802 vomere
2451 748 2806 820 paenitentiae
2835 754 2890 804 et
2927 747 3412 820 compunctionis,
3439 746 3552 802 nisi

1899 834 2183 891 maceries
2229 836 2422 892 carnis
2471 837 2816 894 aftlictiones
2863 842 2920 894 et
2969 836 3400 910 persecutiones
3448 854 3550 908 pa-

1896 921 2108 979 tienter
2137 929 2344 996 portet,
2369 926 2610 982 verbum
2660 926 2761 983 Dei
2811 927 2869 982 in
2921 943 2986 982 eo
3037 926 3385 982 fructiﬁcare
3430 942 3547 982 non

1895 1017 2105 1084 potest.
2141 1013 2438 1070 Seminato
2487 1020 2682 1071 autem
2717 1033 2875 1089 agro,
2905 1033 3044 1071 cura
3075 1031 3189 1071 non
3221 1019 3310 1071 est
3355 1031 3545 1071 remo-

1893 1101 2100 1167 venda,
2143 1103 2425 1174 quoniam
2486 1103 2597 1160 nisi
2647 1104 3132 1177 circumsepiatur
3179 1107 3393 1169 satum,
3429 1103 3542 1161 nisi

1893 1189 2203 1262 sarciatur,
2223 1191 2334 1246 nisi
2359 1209 2490 1248 aves
2517 1197 2936 1264 exterreantur,
2960 1193 3072 1250 nisi
3093 1198 3423 1266 temporum
3447 1209 3542 1266 op~

1893 1279 2223 1350 portunitas
2244 1297 2278 1335 a
2303 1280 2414 1336 Deo
2445 1281 2794 1354 postuletur,
2821 1299 2935 1339 non
2961 1283 3150 1340 veniet
3177 1283 3250 1338 ad
3281 1281 3537 1338 debitam

1893 1368 2250 1424 maturitatis
2289 1369 2634 1426 ubertatem.
2669 1372 2948 1445 Suscepto
2980 1388 3208 1445 quoque
3258 1371 3317 1426 in
3368 1371 3539 1428 corde

1888 1456 2061 1512 verbo
2104 1457 2227 1523 Dei,
2261 1457 2370 1514 nisi
2422 1459 2580 1532 vigili
2634 1460 2861 1517 cautela
2892 1478 2991 1517 cor
3037 1478 3071 1516 a
3115 1459 3536 1517 tentationibus

1887 1546 2272 1615 custodiatur,
2307 1548 2420 1603 nisi
2455 1549 2819 1606 renascentia
2853 1549 2993 1606 vitia
3023 1549 3332 1624 diligenter
3362 1549 3535 1606 extir-

1887 1639 2125 1708 pentur;
2151 1637 2263 1692 nisi
2281 1637 2577 1694 daemones
2597 1637 2942 1710 psalmodiis
2961 1643 3018 1694 et
3033 1637 3396 1695 orationibus
3417 1638 3537 1695 abi-

108 1728 518 1802 patent.Venit
550 1730 794 1802 spiritus
824 1729 1087 1799 luxurias,
1127 1749 1243 1788 non
1280 1731 1640 1805 prohibetur,
1676 1731 1777 1787 sed
1885 1726 2248 1796 gantur,nisi
2273 1726 2527 1783 assiduis
2542 1727 2689 1784 votis
2715 1727 2927 1801 incepti
2950 1728 3086 1784 boni
3108 1727 3536 1786 incrementum

103 1817 308 1875 intrat.
328 1817 500 1875 Venit
529 1817 773 1892 spiritus
804 1819 1078 1888 avaritize,
1131 1835 1246 1875 non
1294 1819 1652 1894 prohibetur,
1677 1819 1777 1874 sed

1901 1817 1944 1868 at
1975 1813 2383 1887 multiplicatio
2433 1833 2467 1871 a
2516 1816 2630 1872 Deo
2678 1817 3026 1889 postuletur,
3060 1835 3176 1874 non
3229 1817 3416 1873 veniet
3461 1818 3534 1875 ad

102 1905 304 1963 intrat.
331 1906 506 1964 venit
535 1909 782 1982 spiritus
813 1925 973 1965 vanae
1004 1907 1224 1982 gloriae,
1249 1925 1365 1965 non
1406 1908 1766 1982 prohibetur,
1807 1902 1855 1918 "
1888 1902 2112 1959 fructus
2144 1905 2580 1976 perfectionem.
2616 1904 2827 1962 Reddit
2869 1910 3085 1975 autem,
3115 1911 3262 1964 teste
3291 1923 3536 1981 evange-

102 1998 205 2052 sed
235 1997 445 2065 intrat;
480 2002 538 2053 et
586 1997 859 2053 similiter
901 1997 1090 2054 caeteri
1121 1997 1383 2064 veniunt,
1415 2013 1520 2054 nec
1569 1996 1772 2070 prohi-
1879 1991 2018 2048 lista
2047 1991 2182 2061 alio,
2217 2010 2415 2050 semen
2451 1995 2508 2048 in
2553 1995 2705 2050 bona
2736 1999 2891 2052 terra
2923 1997 3203 2062 fructum,
3240 1995 3399 2052 aliud
3431 1996 3536 2053 tri-

103 2086 334 2142 bentur.
349 2084 498 2152 Quia
519 2102 653 2143 vero
677 2087 853 2142 corda
874 2085 1104 2154 talium,
1125 2087 1454 2159 frequentia
1478 2085 1768 2142 malarum
1879 2081 2192 2150 cesimum,
2225 2081 2384 2138 aliud
2437 2084 2889 2157 sexagesimum,
2935 2085 3092 2141 aliud
3146 2085 3533 2142 centesimum

101 2173 527 2248 cogitationum
556 2176 696 2231 trita
718 2179 775 2231 et
796 2175 1138 2232 conculcata
1164 2180 1322 2242 sunt,
1348 2175 1616 2231 auditum
1638 2191 1770 2230 ver-
1877 2169 2065 2238 (Marc.
2099 2172 2194 2230 Ivl.
2232 2171 2374 2227 Tres
2427 2173 2584 2228 enim
2643 2174 2876 2229 ordines
2938 2179 3078 2230 sunt
3137 2174 3196 2229 in
3254 2174 3531 2244 Ecclesia,

103 2263 248 2318 bum
281 2263 381 2320 Dei
422 2264 481 2320 in
513 2265 598 2321 eis
646 2264 940 2321 adhaerere
984 2264 1206 2338 nequit,
1231 2265 1331 2322 sed
1383 2282 1417 2320 a
1466 2263 1772 2337 spiritibus
1878 2260 2198 2332 conjugati,
2224 2259 2381 2316 vidui
2413 2267 2470 2316 et
2512 2262 2786 2335 virgines.
2811 2264 3114 2336 Conjugati
3146 2264 3532 2334 tricesimum,

108 2351 532 2425 malignis,qui
580 2358 863 2426 tanquam
897 2371 1030 2410 aves
1062 2353 1203 2410 aerii
1238 2359 1295 2410 et
1344 2353 1526 2427 agiles
1555 2358 1712 2420 sunt,
1738 2372 1771 2410 a
1877 2349 2036 2404 vidui
2059 2349 2782 2425 sexagesimum,virgines
2801 2353 3191 2409 centesimum
3215 2352 3535 2426 percipient

107 2441 394 2498 memoria
418 2447 804 2498 removentur.
824 2442 933 2498 Alii
957 2459 1090 2500 vcro
1113 2444 1362 2499 audiunt
1383 2443 1623 2498 verbum
1646 2443 1767 2511 Dei,

110 2536 168 2585 et
202 2546 338 2585 cum
382 2531 668 2587 desiderio
700 2531 1049 2605 percipiunt,
1073 2537 1131 2588 et
1168 2533 1342 2589 etiam
1377 2531 1597 2603 aliquid
1634 2531 1769 2587 boni

113 2634 287 2691 agere
317 2618 627 2692 incipiunt,
655 2621 755 2676 sed
802 2637 835 2674 a
886 2618 1385 2676 sollicitudinibus
1416 2625 1472 2675 et
1512 2619 1779 2692 volupta—

116 2707 279 2763 tibus
309 2708 646 2764 divitiarum
677 2708 973 2782 occupati,
1003 2710 1314 2765 desistunt.
1345 2709 1451 2776 Qui
1484 2710 1649 2776 bene,
1675 2710 1786 2765 fra-

120 2801 241 2852 tres
260 2797 394 2865 mei,
409 2796 820 2870 signiﬁcantur
850 2813 952 2870 per
975 2802 1188 2853 terram
1213 2798 1400 2870 spinis
1415 2802 1780 2870 occupatam.

125 2885 236 2941 Per
261 2885 462 2959 spinas
483 2886 698 2959 quippe
721 2886 866 2942 dicit
890 2887 1168 2943 Dominus
1191 2886 1422 2942 divitias
1443 2886 1786 2960 signiﬁcari,

126 2974 270 3048 quia
291 2975 348 3032 et
367 2975 417 3032 si
434 2975 740 3032 videantur
755 2974 1040 3032 delectare
1060 2993 1293 3049 corpus,
1307 2980 1504 3031 tamen
1527 2975 1784 3032 animam

130 3063 353 3121 aculeis
408 3081 682 3121 curarum
725 3068 1016 3139 pungunt,
1049 3070 1105 3120 et
1155 3064 1408 3138 peccatis
1458 3068 1785 3132 cruentant,

1878 2439 2154 2502 fructum,
2179 2439 2232 2494 si
2263 2441 2755 2511 perseveraverint
2786 2441 2931 2496 bene
2966 2442 3020 2496 in
3055 2443 3146 2498 sui
3171 2441 3394 2498 ordinis
3428 2459 3533 2514 pu-

1887 2527 2076 2583 ritate.
2102 2529 2170 2583 Et
2199 2530 2524 2584 secundum
2571 2531 2816 2602 gradum
2865 2531 3232 2598 meritorum,
3255 2531 3365 2587 erit
3397 2532 3535 2586 orde

1890 2617 2285 2690 praemiorum.
2309 2617 2422 2672 Vos
2473 2619 2650 2691 igitur
2679 2621 2979 2693 conjuges,
3013 2621 3060 2675 si
3111 2622 3330 2693 gradus
3361 2620 3536 2676 vestri

1890 2707 2155 2762 ordinem
2214 2707 2358 2762 bene
2417 2707 2748 2775 servetis,si
2783 2725 3041 2765 amorem
3076 2710 3174 2764 Dei
3235 2709 3534 2778 uxoribus,

1892 2795 2030 2850 ﬁliis
2060 2800 2114 2851 et
2158 2796 2380 2851 caeteris
2436 2797 2710 2853 omnibus
2771 2798 3211 2870 przeponatis,si
3261 2801 3539 2872 conjuges

1893 2901 2029 2940 eum
2063 2886 2224 2940 freno
2257 2886 2553 2942 modestia:
2584 2885 2860 2959 diligatis,
2896 2888 2944 2944 si
2989 2888 3140 2944 ﬁlios
3171 2892 3226 2943 et
3257 2887 3540 2944 familiam

1895 2975 2218 3030 secundum
2240 2973 2423 3029 Dcum
2456 2974 2732 3042 doceatis,
2756 2975 2804 3032 si
2837 2992 3111 3033 excessus
3152 2981 3374 3033 vestros
3395 2976 3542 3033 elee-

1897 3063 2158 3136 mosynis
2189 3063 2510 3133 redimatis,
2535 3063 2582 3120 si
2614 3064 2672 3119 in
2697 3065 2990 3122 mandatis
3015 3066 3114 3122 Dei
3140 3065 3540 3139 perseveretis,

127 3159 188 3211 et
206 3153 604 3226 voluptatibus
624 3158 945 3227 aggravant
965 3158 1021 3209 et
1042 3154 1443 3227 exstinguunt.
1464 3153 1607 3209 Cum
1631 3153 1788 3209 enim
1830 3226 1841 3228 Α
1898 3153 2095 3226 magni
2129 3153 2270 3209 estis
2301 3159 2434 3209 ante
2455 3153 2658 3209 Deum.
2675 3155 2788 3211 Vos
2816 3155 3195 3222 autem,vidui
3219 3155 3540 3228 viduaque,

127 3243 345 3300 divitiae
385 3259 518 3299 cum
564 3226 762 3298 labore
806 3243 1206 3315 acquirantur,
1243 3226 1377 3297 cum
1426 3242 1634 3297 timore
1663 3256 1781 3296 ser-
1814 3226 1856 3293 C
1895 3243 1943 3299 si
1975 3243 2194 3314 gradus
2214 3242 2388 3298 vestri
2422 3243 2761 3315 religionem
2783 3244 3113 3312 custoditis,
3135 3245 3184 3302 si
3206 3245 3350 3301 estis
3382 3226 3542 3301 tanto

126 3336 358 3401 ventur,
381 3349 515 3388 cum
547 3332 865 3404 cupiditate
895 3335 1243 3404 augeantur,
1270 3347 1404 3386 cum
1436 3331 1631 3387 dolore
1662 3347 1784 3403 per-

129 3423 367 3488 dantur,
384 3419 524 3491 quid
566 3420 722 3476 aliud
756 3425 892 3476 sunt
938 3419 1122 3486 labor,
1154 3420 1348 3486 timor,
1383 3419 1696 3492 cupiditas,
1731 3423 1788 3474 et

129 3509 318 3577 dolor,
353 3508 468 3566 nisi
525 3509 876 3581 punctiones
919 3525 1050 3564 vere
1099 3509 1428 3564 cruciantes
1484 3507 1788 3563 animam?

132 3599 282 3654 Hinc
302 3601 360 3654 et
377 3599 448 3654 de
478 3597 594 3654 illis
615 3597 716 3669 qui
745 3596 898 3652 inter
919 3597 1258 3669 hujusmodi
1285 3597 1485 3670 spinas
1505 3596 1786 3652 delectan-

131 3693 254 3755 tur,
285 3687 570 3758 scriptum
603 3692 691 3743 est
724 3703 737 3741 :
770 3687 835 3741 Et
861 3703 974 3742 esse
1001 3687 1102 3742 sub
1129 3688 1372 3742 sentibus
1401 3686 1623 3742 divitias
1650 3703 1790 3742 com—

131 3777 408 3848 putabant
451 3776 586 3848 (Job.
621 3776 772 3847 xxx).
806 3774 916 3830 Alii
967 3792 1202 3848 quoque
1250 3775 1497 3830 audiunt
1544 3776 1788 3831 verbum

135 3864 332 3932 Dei,et
361 3881 492 3920 cum
524 3863 736 3939 gaudio
763 3864 1112 3937 suscipiunt,
1135 3869 1192 3920 et
1221 3863 1438 3936 aliquid
1462 3865 1596 3920 boni
1622 3881 1791 3938 agere

135 3953 447 4026 incipiunt,
499 3954 596 4010 sed
646 3953 1129 4010 tribulationibus
1177 3957 1233 4008 et
1286 3952 1790 4024 persecutionibus

137 4041 349 4116 pressi,
363 4042 674 4099 desistunt.
693 4042 801 4108 Qui
823 4043 968 4098 bene
986 4041 1397 4115 signiﬁcantur
1418 4057 1519 4113 per
1542 4045 1788 4113 petram,

139 4132 283 4205 quia
312 4131 686 4188 altitudinem
715 4136 880 4188 terrae
909 4135 966 4188 et
996 4129 1363 4198 humoris,id
1406 4134 1497 4186 est
1537 4130 1712 4186 ﬁdem
1738 4134 1795 4186 et

139 4220 493 4277 charitatem
543 4220 895 4292 profundam
929 4235 1043 4275 non
1091 4218 1328 4273 habent.
1352 4222 1410 4274 et
1457 4217 1584 4273 ideo
1617 4218 1797 4274 ferve—

139 4312 340 4367 scente
369 4307 489 4364 sole
520 4307 964 4380 persecutionis,
989 4310 1286 4372 arescunt,
1310 4310 1366 4361 et
1395 4322 1510 4361 non
1542 4306 1800 4363 referunt

147 4400 426 4454 fructum.
453 4396 624 4452 Tales
653 4400 819 4452 erant
847 4395 954 4462 illi,
978 4395 1195 4467 quibus
1225 4393 1502 4450 Dominus
1533 4411 1635 4467 per
1664 4412 1800 4468 pro-

142 4488 379 4560 phetam
405 4485 698 4560 promittit
720 4482 1347 4556 :Auferam,inquit,eor
1367 4483 1643 4556 lapideum
1664 4501 1697 4540 α
1719 4500 1808 4546 vo.

144 4578 248 4645 bis,
264 4585 314 4633 et
331 4576 468 4632 dabo
484 4576 632 4632 vobis
646 4590 739 4629 cor
755 4589 1017 4630 corneum
1032 4573 1242 4645 (Ezech.
1259 4573 1693 4646 xxxvx).0mnes
1713 4590 1806 4629 su-

143 4664 393 4738 pradicti
417 4681 531 4720 non
555 4662 807 4720 reddunt
823 4662 1247 4735 fructum,quia
1273 4677 1481 4734 agrum
1501 4663 1692 4719 cordis
1710 4663 1802 4718 sui

148 4771 265 4810 non
285 4755 430 4809 bene
452 4752 670 4808 colunt.
697 4752 777 4808 De
797 4751 1014 4824 quibus
1039 4767 1142 4824 per
1159 4751 1530 4807 Salomonem
1553 4751 1798 4807 dicitur:

149 4845 256 4898 Per
275 4859 472 4911 agrum
489 4844 643 4913 pigri
660 4841 899 4898 hominis
919 4842 1176 4907 transivi,
1190 4849 1242 4896 et
1257 4856 1374 4897 ecce
1391 4848 1559 4896 totum
1573 4841 1804 4913 repleve-

151 4939 281 4986 rant
301 4933 576 4998 urticae,et
588 4938 914 5003 aperuerant
928 4931 1269 5002 superﬁciem
1282 4946 1340 5001 sp
1347 4931 1534 4997 iunget
1549 4931 1808 4986 maceries

154 5019 407 5091 lapidum
423 5015 695 5076 destructa
711 5021 1020 5088 erat(Prov.
1037 5022 1211 5088 xxxv).
1228 5018 1338 5072 Alii
1355 5035 1488 5075 vero
1506 5019 1809 5075 audientes

152 5108 398 5165 verbum
425 5108 547 5176 Dei,
568 5108 818 5166 retinent
849 5109 1018 5165 corde
1041 5107 1356 5180 optimo,et
1386 5107 1643 5164 fructum
1677 5109 1810 5165 affe-

155 5202 297 5254 runt
321 5198 380 5252 in
402 5197 818 5270 patientia.Qui
841 5203 992 5254 recte
1022 5196 1435 5270 signiﬁcantur
1463 5213 1566 5270 per
1593 5203 1809 5254 terram

156 5286 548 5360 bonam,quia
568 5285 722 5342 sicut
745 5291 900 5343 terra
930 5287 1084 5343 bona
1106 5286 1584 5342 commendatum
1607 5303 1808 5343 semen

155 5375 348 5432 reddit
377 5374 856 5449 multiplicatum,
882 5376 964 5431 ita
985 5375 1176 5431 bonus
1205 5374 1380 5431 homo
1401 5375 1670 5432 auditum
1691 5393 1813 5433 ver-

157 5465 321 5531 bum,
346 5463 1012 5538 cogitaudo,operando,
1050 5469 1107 5520 et
1136 5464 1416 5530 docendo,
1452 5463 1564 5519 sibi
1595 5469 1651 5520 et
1679 5465 1810 5522 aliis

161 5555 535 5627 proﬁciendo,
554 5553 949 5626 multiplicare
975 5570 1088 5610 non
1115 5553 1367 5609 desistit.
1387 5553 1598 5608 Atl'eret
1618 5559 1808 5611 autem

1893 3333 2008 3389 Deo
2039 3333 2379 3400 devotiores,
2413 3337 2632 3404 quanto
2680 3333 3000 3401 liberiores,
3022 3335 3069 3391 si
3105 3338 3297 3391 mente
3327 3339 3385 3390 et
3415 3350 3542 3390 cor-

1895 3438 2033 3495 pore
2063 3421 2510 3477 sanctimoniam
2545 3421 2796 3489 habetis,
2824 3423 2872 3478 si
2895 3423 3541 3495 jejuniis,orationibus

1894 3514 1950 3565 et
1980 3508 2366 3581 eleemosynis
2406 3509 2646 3578 vacatis,
2691 3512 2944 3582 majores
2973 3512 3133 3568 estis.
3157 3511 3272 3568 Vos
3313 3527 3545 3585 quoque

1893 3597 2290 3671 virgines,viri
2313 3597 2400 3654 vel
2435 3599 2746 3667 feminae,si
2771 3599 2913 3655 estis
2942 3601 3199 3673 virgines
3227 3600 3546 3668 voluntate,

1896 3704 2012 3742 non
2064 3685 2428 3757 necessitate,
2452 3687 2538 3742 vel
2588 3687 2814 3756 timore,
2849 3688 2896 3743 si
2949 3693 3068 3744 toto
3119 3689 3405 3744 desiderio
3436 3706 3549 3744 cae-

1897 3774 2027 3831 lesti
2069 3776 2294 3847 Sponso
2339 3775 2565 3847 placere
2615 3777 2981 3845 desideratis,
3008 3779 3056 3834 si
3105 3795 3207 3835 vos
3235 3778 3552 3834 virtutibus

1899 3864 2093 3938 potius
2113 3881 2291 3936 quam
2314 3864 2574 3921 vestibus
2596 3867 2910 3933 exornatis,
2936 3867 2982 3923 si
3007 3871 3072 3922 ut
3097 3869 3412 3939 prudentes
3435 3883 3553 3923 non

1902 3954 2072 4008 fatuae
2102 3953 2360 4025 virgines
2409 3953 2653 4026 gloriam
2690 3955 2812 4021 Dei,
2847 3973 2960 4012 non
3017 3957 3222 4011 mundi
3274 3956 3554 4028 qumritis,

1903 4041 2142 4098 maximi
2191 4042 2352 4098 estis.
2375 4042 2815 4111 Verumtamen,
2848 4045 3058 4100 fratres
3108 4045 3242 4112 mei,
3268 4044 3420 4100 sicut
3452 4043 3557 4098 ali-

1905 4131 2060 4203 quod
2084 4135 2393 4203 argentum
2419 4130 2551 4202 plus
2572 4131 2742 4200 valet,
2763 4149 2939 4204 quam
2961 4132 3198 4204 aliquod
3222 4149 3454 4200 aurum,
3477 4131 3560 4187 ita

1906 4219 2122 4292 aliquis
2161 4220 2532 4291 conjugatus,
2568 4219 2824 4292 aliquam
2860 4220 3094 4277 viduam
3138 4221 3225 4277 vel
3273 4221 3558 4295 virginem

1908 4308 2116 4364 merito
2147 4311 2339 4380 potest
2360 4323 2653 4379 superare.
2683 4309 2885 4364 Melior
2912 4310 3126 4383 quippe
3158 4315 3245 4367 est
3276 4311 3560 4384 conjuge-

1911 4403 2008 4453 tus
2037 4397 2096 4452 in
2127 4397 2242 4452 Deo
2274 4396 2521 4463 fervens,
2545 4413 2721 4468 quam
2764 4399 2979 4454 viduus
3021 4399 3107 4455 vel
3138 4400 3299 4472 virgo
3331 4405 3554 4472 tepens.

1912 4487 2137 4558 Itaque,
2172 4485 2377 4542 fratres
2421 4485 2557 4552 mei,
2590 4502 2792 4542 omnes
2839 4504 3249 4544 conversemur
3293 4488 3556 4556 honeste,

1833 4595 1882 4663 D
1913 4573 2320 4646 unusquisque
2368 4574 2426 4628 in
2459 4574 2660 4630 ordine
2691 4592 2816 4630 suo.
2856 4575 3174 4648 Diligamus
3204 4576 3388 4632 Deum
3439 4579 3559 4632 toto

1911 4663 2523 4728 desiderio,mundum
2547 4680 3161 4736 spernamus,carnem
3185 4664 3559 4737 castigemus,

1909 4753 2051 4808 vitia
2079 4752 2149 4807 de
2183 4751 2349 4807 nobis
2383 4751 2789 4824 exstirpemus,
2811 4754 2989 4808 verba
3020 4753 3121 4809 Dei
3151 4755 3356 4810 devoto
3388 4753 3564 4809 corde

1916 4839 2332 4912 suscipiamus,
2366 4841 2658 4912 operando
2689 4845 2746 4896 et
2785 4842 3046 4898 docendo
3079 4841 3180 4898 illa
3211 4839 3565 4913 multiplice-

1917 4946 2072 4996 mus,
2106 4933 2171 4984 ut
2201 4930 2455 4984 fructum
2507 4930 2844 4987 aeternitatis
2902 4931 3155 5004 recipere
3213 4946 3563 4986 mereamur.

1918 5018 2074 5085 Qood
2108 5019 2275 5074 nobis
2307 5022 2578 5090 praestare
2609 5020 2885 5093 dignetur
2910 5020 3009 5092 qui
3043 5020 3101 5076 in
3132 5020 3415 5076 'l‘rinitate
3445 5036 3568 5093 per-

1918 5108 2068 5164 fecta
2093 5107 2233 5162 vivit
2263 5111 2319 5162 et
2349 5112 2553 5180 regnat
2584 5113 2736 5164 Deus
2783 5127 2884 5183 per
2925 5109 3123 5167 omnia
3151 5109 3363 5167 saecula
3392 5126 3568 5167 seacu-

1917 5197 2130 5253 lorum.
2162 5197 2368 5252 Amen.

2497 5285 2802 5342 HOMILIA
2838 5288 2994 5346 XXX.
3053 5347 3057 5352 .

2289 5391 2565 5431 DOMINICA
2604 5393 2663 5430 ΙΝ
2703 5393 3190 5440 QUINQUAGESIMA.

1991 5463 2449 5521 Excellentiorem
2498 5465 2645 5520 viam
2681 5467 2829 5522 vobis
2860 5467 3096 5524 ostendo.
3129 5467 3191 5524 Si
3219 5468 3426 5540 linguis
3474 5467 3571 5524 ho-

1916 5557 2135 5610 minum
2161 5554 2354 5625 loquar
2399 5561 2448 5609 et
2494 5554 2834 5625 angelorum,
2865 5555 3184 5612 charitatem
3231 5565 3414 5612 autem
3461 5571 3573 5612 non

159 5645 415 5701 fructum
444 5643 505 5700 in
535 5642 842 5717 patientia,
865 5643 1024 5716 quia,
1050 5643 1164 5702 nisi
1195 5642 1349 5702 bona
1376 5645 1530 5701 terra
1558 5643 1813 5721 patiatur
1919 5646 2168 5714 habeam,
2200 5644 2380 5719 factus
2407 5659 2529 5704 sum
2577 5644 2721 5702 velut
2748 5660 2827 5704 aes
2863 5661 3063 5703 sonans
3112 5653 3207 5700 aut
3259 5644 3577 5720 cymbalum

476 5769 750 5834 PATROL.
794 5767 968 5835 CLV.

3171 5770 3251 5857 δε
