3982 6082
406 326 554 387 1³771

1401 325 1796 393 ADDENDA.
1842 360 1912 370 —
1943 325 2347 391 RADULPHI
2391 325 2817 389 ARDENTIS.

3678 327 3865 389 I772

408 459 655 514 tinniens
683 457 735 527 (ι
764 458 885 514 Cor.
909 472 1013 527 xu,
1053 462 1198 528 xm),
1222 461 1332 515 etc.
1359 458 1520 514 Inter
1565 474 1771 516 omnes
1817 458 2057 533 gratias,
2088 460 2146 528 Α
2173 458 2395 531 profuit
2412 457 2673 529 Balaam,
2692 457 2840 517 nihil
2861 457 3116 534 Sibyllae,
3130 457 3275 516 nihil
3295 456 3545 534 Caiphe,
3559 458 3735 532 quod
3760 458 3860 516 fu-

409 562 576 618 quas,
604 546 813 603 fratres
845 546 978 616 mei,
1004 546 1254 622 largitur
1283 546 1378 603 hic
1406 546 1578 604 nobis
1607 547 1978 621 omnipotens
2009 552 2067 605 et

408 636 741 694 misericors
772 641 925 693 Deus
956 637 1027 693 ad
1075 635 1381 709 praemium
1413 640 1638 692 aeternis
1684 636 2066 694 beatitudinis

406 725 884 799 promerendum,
908 725 1134 781 obtinet
1182 724 1579 798 principatum
1611 742 1746 782 vera
1785 725 2063 796 charitas,

408 814 513 871 Dei
551 813 820 870 videlicet
865 830 1032 870 amor
1078 818 1137 871 et
1178 814 1451 888 proximi.
1489 816 1645 871 llanc
1695 816 2067 872 commendat

407 902 723 976 Apostolus
744 902 1008 975 quinque
1030 903 1224 961 modis
1248 921 1261 958 :
1287 903 1497 978 primo,
1513 904 1670 977 quod
1693 903 2068 961 excellentior

406 991 502 1048 via
530 996 648 1060 est;
682 992 940 1048 secundo
972 994 1129 1066 quod
1170 993 1297 1049 sine
1327 1010 1396 1049 ea
1426 992 1573 1049 nihil
1603 997 1809 1050 caetera
1837 993 2065 1062 valent;

409 1079 580 1137 tertio
607 1082 764 1154 quod
802 1082 1003 1138 omnia
1025 1082 1167 1139 vitia
1207 1082 1488 1152 excludit;
1524 1088 1754 1155 quarto,
1777 1082 1934 1156 quod
1964 1082 2067 1155 qui

409 1169 563 1227 hanc
610 1170 806 1239 habet,
838 1172 1038 1228 omnia
1067 1172 1275 1241 habet;
1311 1171 1536 1245 quinto,
1562 1172 1719 1244 quod
1762 1188 2069 1244 nunquam

412 1259 638 1316 excidit.
663 1260 932 1316 Ostendit
962 1260 1143 1334 igitur
1170 1261 1267 1317 hic
1298 1261 1455 1334 quod
1484 1260 1742 1317 charitas
1768 1264 1858 1317 est
1884 1259 2069 1317 excel-

412 1347 625 1405 lentior
654 1348 767 1415 via,
804 1366 939 1405 cum
989 1349 1105 1405 ait:
1132 1351 1586 1407 Excellentiorem
1613 1352 1764 1406 viam
1790 1351 1939 1406 vobis
1978 1349 2070 1406 de-

412 1445 671 1495 monstro.
709 1438 808 1494 Est
836 1443 1031 1494 autem
1084 1439 1340 1495 Charitas
1387 1438 1761 1496 excellentior
1788 1438 1902 1506 via,
1933 1439 2075 1512 quia

414 1528 606 1600 magis
661 1526 964 1595 extollens,
1015 1528 1206 1602 magis
1255 1528 1543 1601 expedita,
1578 1527 1768 1601 magis
1816 1526 2070 1601 propria.

416 1616 605 1689 Magis
634 1614 916 1673 extollens
948 1621 1055 1685 est,
1089 1617 1228 1690 quia
1276 1616 1425 1672 nihil
1479 1617 1614 1690 plus
1643 1615 1866 1674 extollit
1895 1633 2071 1689 quam

416 1704 694 1772 charitas,
719 1722 846 1778 quae
868 1706 940 1761 de
970 1706 1153 1763 servis
1174 1706 1314 1763 facit
1344 1705 1515 1773 ﬁlios,
1542 1707 1613 1762 de
1644 1705 1915 1763 hostibus
1936 1705 2078 1761 ami-

2170 551 2305 604 tura
2327 547 2431 604 Dei
2456 552 2826 605 sacramenta
2855 548 3268 623 praedixerunt.
3293 548 3575 621 Magnum
3604 548 3859 605 bonum

2170 640 2263 694 est
2282 636 2432 694 scire
2453 638 2731 711 mysteria
2749 642 2808 695 et
2827 641 3197 695 sacramenta
3211 635 3439 694 Veteris
3454 641 3512 694 et
3525 635 3677 695 Novi
3704 637 3861 695 Tes-

2171 725 2438 795 tamenti,
2461 730 2520 782 et
2538 742 2773 783 omnem
2798 725 3104 783 scientiam
3125 724 3384 782 divinam
3403 729 3462 783 et
3480 725 3852 795 humanam,

2175 816 2277 873 sed
2310 815 2436 872 sine
2466 815 2753 872 charitate
2783 814 2928 871 nihil
2958 815 3215 889 prodest.
3244 813 3399 872 Nihil
3429 814 3649 888 quippe
3681 814 3857 872 Juda

2176 904 2447 978 profuere
2492 908 2879 971 sacramenta,
2919 921 3049 977 qua
3094 920 3234 960 cum
3280 902 3504 960 ceteris
3546 902 3854 977 apostolis

2174 992 2385 1050 habuit
2411 992 2771 1050 communia.
2803 992 2960 1049 Nihil
2999 992 3239 1066 prodest
3275 991 3529 1059 diabolo,
3551 992 3751 1065 quod,
3784 996 3856 1049 ut

2177 1082 2260 1139 ait
2288 1080 2571 1149 Ezechiel,
2594 1080 2853 1139 ccelestia
2892 1081 3054 1138 novit
3093 1080 3392 1154 mysteria.
3422 1078 3581 1136 Nihil
3610 1078 3857 1138 Scribis

2176 1176 2235 1228 et
2270 1170 2601 1236 Pharisieis,
2637 1169 2920 1244 falsisque
2967 1169 3305 1228 doctoribus
3352 1168 3575 1243 profuit
3618 1168 3857 1226 habere

2179 1260 2489 1317 scientiam
2528 1263 2868 1317 sanctarum
2915 1258 3266 1316 litterarum.
3299 1259 3581 1333 Magnum
3611 1259 3859 1315 bonum

2178 1352 2268 1406 est
2295 1348 2512 1406 habere
2540 1348 2808 1406 omnium
2830 1348 3008 1406 ﬁdem
3038 1347 3121 1405 ita
3139 1348 3477 1422 perfectam,
3492 1351 3563 1404 ut
3580 1363 3696 1421 per
3714 1363 3857 1404 eam

2179 1438 2612 1495 transferantur
2642 1441 2875 1494 montes
2918 1437 2991 1494 ad
3040 1434 3429 1501 litteram,vel
3473 1437 3795 1493 daemones
3822 1452 3861 1493 a

2181 1526 2571 1600 patientibus;
2605 1526 2706 1583 sed
2738 1525 2867 1584 sine
2896 1525 3177 1583 charitate
3205 1523 3354 1582 nihil
3382 1525 3647 1599 prodest.
3686 1523 3859 1582 Nihil

2182 1615 2440 1689 proderit
2460 1615 2837 1689 quibusdam,
2863 1614 2966 1688 qui
2994 1615 3117 1671 haec
3145 1618 3205 1671 et
3230 1612 3347 1671 alia
3366 1614 3522 1671 bona
3544 1612 3684 1671 sine
3706 1612 3860 1670 cha-

2183 1705 2355 1760 ritate
2376 1704 2639 1761 fecerunt
2656 1721 2670 1761 :
2687 1703 2837 1771 Quin
2859 1703 2919 1759 in
2935 1702 3162 1776 judicio
3182 1702 3294 1760 hoc
3314 1719 3377 1760 se
3397 1701 3863 1761 conﬁtebuntur

416 1810 537 1867 cos,
571 1795 640 1851 de
670 1794 1012 1852 hominibus
1044 1797 1213 1853 Deos.
1248 1795 1411 1852 Unde
1453 1796 1741 1852 Dominus
1769 1812 1782 1850 :
1816 1798 1938 1852 Jam
1964 1811 2075 1852 non
2106 1833 2152 1898 Β
2185 1792 2637 1850 fecisse:Nonne
2665 1795 2728 1849 in
2755 1794 2978 1850 nomine
3005 1801 3096 1849 tuo
3133 1792 3621 1865 prophetavimus?
3646 1791 3861 1849 Nonne

416 1882 598 1938 dicam
628 1900 718 1940 vos
762 1900 838 1939 se:
854 1900 962 1949 vos,
995 1887 1126 1957 quia
1153 1902 1340 1941 servus
1369 1887 1539 1941 nescit
1587 1884 1719 1958 quid
1763 1886 1935 1957 faciat
1978 1884 2073 1941 do-

414 1973 601 2027 minus
628 1974 764 2046 ejus.
804 1978 906 2029 Vos
935 1983 1119 2030 autem
1147 1974 1270 2030 dixi
1312 1976 1536 2040 amicos,
1567 1976 1701 2045 quia
1732 1975 1921 2030 omnia
1949 1987 2075 2046 qua?

420 2060 612 2116 audivi
640 2079 673 2116 a
703 2066 868 2118 Patre
922 2078 1061 2125 meo,
1088 2071 1219 2118 nota
1273 2065 1383 2134 feci
1442 2063 1590 2118 vobis
1649 2062 1825 2134 (Joan.
1861 2063 1984 2135 xv);
2016 2066 2075 2119 et

420 2148 558 2204 alibi
595 2166 607 2204 :
640 2150 796 2208 Dedit
823 2158 1006 2207 autem
1030 2153 1109 2206 eis
1134 2159 1451 2224 potestatem
1476 2152 1623 2224 ﬁlios
1670 2151 1769 2207 Dei
1813 2152 1955 2224 fieri,
1987 2152 2074 2207 his

420 2240 520 2311 qui
545 2238 773 2295 credunt
818 2241 879 2295 in
923 2243 1147 2297 nomine
1187 2241 1300 2312 ejas
1331 2241 1510 2314 (Joan.
1543 2240 1605 2313 ι).
1639 2241 1709 2297 Et
1739 2240 2025 2315 Propheta
2057 2258 2072 2298 :

420 2328 549 2398 Ego,
587 2328 800 2400 inquit,
831 2328 955 2384 dixi
983 2347 1002 2384 :
1039 2331 1133 2385 Dii
1177 2331 1324 2399 estis,
1374 2337 1426 2385 et
1472 2330 1583 2400 ﬁlii
1627 2329 1845 2386 Excelsi
1891 2345 2076 2386 omnes

423 2417 592 2486 (Psal.
618 2420 822 2486 LXXXI).
847 2418 1011 2474 Sicut
1056 2418 1214 2475 enim
1244 2418 1499 2475 charitas
1517 2417 1611 2476 via
1637 2422 1748 2487 est,
1769 2435 1889 2491 qua
1920 2417 2075 2474 Deus

422 2505 582 2561 venit
609 2505 682 2561 ad
725 2504 1026 2562 hominem
1053 2523 1066 2563 :
1092 2506 1174 2564 ita
1199 2511 1289 2563 est
1317 2506 1411 2563 via
1453 2524 1572 2579 qua
1612 2506 1788 2564 homo
1815 2506 1976 2564 vadit
2002 2506 2075 2562 ad

421 2593 790 2659 Deum.Quia
818 2594 975 2651 enim
1019 2612 1136 2652 non
1167 2596 1315 2652 bene
1336 2595 1689 2652 conveniunt
1718 2597 1997 2667 majestas
2020 2598 2079 2651 et

421 2698 608 2750 amor,
632 2682 760 2740 ideo
779 2684 932 2740 Deus
953 2701 1160 2741 amans
1176 2685 1473 2742 hominem
1496 2702 1557 2742 se
1578 2685 1896 2759 coaequavit
1914 2685 1987 2753 ei,
2011 2690 2078 2742 ut

423 2787 559 2827 eum
608 2788 809 2828 secum
859 2772 1514 2831 sublimaret.Charitas
1544 2778 1635 2831 est
1664 2773 1878 2841 oleum,
1919 2775 2071 2847 quod

422 2860 483 2916 in
514 2859 633 2917 imo
663 2861 847 2933 premi
882 2878 997 2918 non
1032 2865 1243 2934 potest,
1267 2863 1369 2919 sed
1397 2879 1576 2935 super
1604 2867 1787 2919 natat.
1810 2862 2076 2920 Charitas

422 2948 599 3005 etiam
656 2951 846 3023 magis
893 2950 1163 3023 expedita
1192 2951 1284 3006 via
1314 2954 1423 3017 est,
1448 2951 1729 3023 quoniam
1788 2968 1891 3024 per
1945 2968 2075 3008 eam

423 3039 898 3111 compendiosius
926 3044 984 3096 et
1012 3040 1243 3097 facilius
1269 3040 1342 3096 ad
1372 3040 1559 3097 Deum
1590 3040 1984 3098 ascendimus.
2014 3040 2075 3098 Si

425 3126 583 3183 enim
604 3144 880 3201 magnam
902 3128 1275 3201 sapientiam,
1289 3127 1339 3186 si
1362 3145 1638 3202 magnam
1654 3128 2072 3201 eloquentiam,

2184 1885 2243 1939 in
2272 1883 2492 1939 nomine
2521 1891 2614 1938 tuo
2641 1881 2919 1940 daemonia
2935 1882 3229 1955 ejicimus?
3248 1880 3450 1954 (Matth.
3476 1880 3599 1953 vn.)
3612 1880 3861 1948 Quibus

2185 1988 2301 2028 non
2320 1972 2569 2037 dicetur,
2589 1974 2713 2027 Non
2731 1970 3090 2029 habuissetis
3110 1970 3231 2027 hanc
3255 1970 3432 2039 dona,
3448 1969 3552 2026 sed
3570 1969 3701 2027 Non
3720 1972 3862 2028 novi

2182 2077 2271 2119 vos
2292 2060 2646 2134 (Ibid.),quia
2670 2060 2798 2117 sine
2818 2060 3101 2118 charitate
3130 2058 3278 2116 nihil
3303 2058 3665 2117 habuerunt.
3688 2057 3859 2115 Nihil

2183 2149 2337 2207 enim
2371 2154 2621 2222 prosunt
2649 2148 2990 2223 hypocritis,
3005 2148 3106 2222 qui
3137 2148 3212 2204 ob
3238 2164 3450 2206 vanam
3489 2146 3758 2222 gloriam
3786 2164 3861 2205 ea

2184 2239 2427 2296 faciunt.
2447 2238 2613 2295 Unde
2661 2237 3090 2307 Jacohus:Qui
3115 2237 3343 2312 offendit
3392 2239 3454 2294 in
3497 2253 3635 2306 uno,
3666 2239 3859 2310 factus
3898 2287 3903 2291 .

2182 2337 2260 2385 est
2289 2329 2537 2385 omnium
2563 2345 2689 2385 reus
2719 2328 2929 2397 (Jacobi
2945 2327 3028 2401 ιι).
3051 2328 3226 2401 Ergo,
3255 2325 3616 2395 charissimi,
3649 2325 3857 2384 chari-

2182 2421 2365 2475 tatem
2395 2433 2572 2490 super
2591 2416 2793 2475 omnia
2818 2417 3165 2475 studeamus
3183 2415 3420 2487 habere,
3441 2414 3575 2473 sine
3602 2431 3737 2488 qua
3753 2432 3860 2473 eo-

2184 2510 2310 2563 tera
2338 2506 2495 2563 bona
2522 2505 2605 2565 nil
2636 2509 2887 2580 possunt
2914 2504 3124 2563 valere.

2257 2595 2535 2668 Sequitur
2567 2612 2705 2669 pars
2747 2594 2941 2664 tertia,
2961 2594 3025 2652 in
3055 2612 3175 2669 qua
3220 2593 3480 2652 ostendit
3522 2593 3855 2668 Apostolus

2185 2684 2339 2758 quod
2371 2683 2627 2741 charitas
2669 2685 2871 2741 omnia
2915 2683 3057 2741 vitia
3102 2682 3380 2752 excludit,
3400 2700 3536 2740 cum
3588 2683 3850 2740 subdit:

2187 2774 2436 2831 Charitas
2460 2790 2575 2829 non
2610 2774 2931 2845 aemulatur,
2962 2789 3068 2847 per
3114 2772 3417 2838 invidiam,
3453 2771 3574 2829 imo
3624 2773 3857 2847 gaudet

2184 2879 2319 2920 cum
2349 2862 2764 2936 gaudentibus,
2788 2866 2846 2919 et
2888 2863 2987 2921 ﬂet
3029 2878 3167 2920 cum
3196 2860 3476 2920 ﬂentibus
3506 2861 3691 2932 (Rom.
3726 2862 3853 2935 xu).

2182 2953 2298 3009 Non
2328 2954 2448 3022 agit
2468 2967 2778 3025 perperam,
2799 2951 2860 3008 id
2889 2957 2982 3009 est
3011 2967 3299 3026 perverse,
3323 2951 3444 3008 imo
3473 2950 3681 3008 omnia
3712 2951 3857 3009 facit

2184 3040 2336 3097 bono
2359 3041 2492 3098 fine.
2509 3041 2630 3098 Non
2655 3048 2735 3098 est
2763 3041 3075 3110 ambitiosa,
3095 3056 3212 3097 non
3234 3039 3537 3098 contendit
3555 3039 3633 3097 de
3652 3039 3855 3097 hono—

2185 3146 2266 3198 re,
2286 3129 2389 3186 sed
2419 3129 2492 3185 de
2520 3128 2872 3186 humilitate.
2893 3129 3015 3186 Non
3033 3130 3241 3203 quaerit
3264 3144 3392 3203 quae
3416 3145 3529 3202 qua
3553 3137 3716 3199 sunt,
3750 3128 3854 3186 sed

427 3215 477 3272 si
494 3216 712 3275 multas
727 3216 1127 3290 eleemosynas
1144 3217 1404 3284 facere,si
1423 3217 1771 3292 martyrium
1787 3218 2079 3275 sustinere
2108 3207 2151 3274 C
2190 3236 2318 3291 quis
2348 3217 2593 3288 Christi;
2629 3217 2843 3276 Christi
2886 3217 3043 3275 enim
3085 3217 3451 3275 voluntatem
3489 3222 3549 3275 et
3589 3217 3854 3292 gloriam

428 3306 659 3379 nequis,
684 3306 904 3362 sufficit
931 3305 1035 3363 tibi
1067 3305 1116 3362 si
1148 3306 1333 3362 Deum
1355 3311 1413 3363 et
1433 3305 1765 3379 proximum
1794 3322 1928 3363 vere
1958 3306 2084 3363 dili-

431 3396 542 3469 gis.
562 3397 742 3453 Amor
770 3396 927 3453 enim
958 3396 1150 3469 seipso
1176 3400 1489 3453 contentus
1510 3401 1600 3453 est
1628 3397 1702 3453 ad
1735 3396 2079 3453 merendum

432 3485 637 3553 Deum,
669 3501 775 3541 nec
804 3488 1035 3541 tantum
1074 3485 1261 3541 Deum
1304 3489 1621 3559 exspectat,
1647 3486 1749 3542 sed
1795 3501 1928 3542 eum
1951 3485 2079 3558 jam

429 3572 626 3643 habet,
659 3575 801 3630 dum
848 3574 1131 3630 veraciter
1175 3591 1310 3630 eum
1359 3577 1537 3630 amat.
1587 3573 1852 3631 Charitas
1899 3574 2077 3631 etiam

429 3661 620 3735 magis
649 3661 883 3735 propria
913 3666 1002 3719 est
1030 3662 1132 3719 Dei
1173 3679 1534 3735 suorumque
1564 3662 1901 3730 electorum,
1935 3679 2077 3735 quo-

427 3749 585 3805 niam
603 3767 736 3807 cum
757 3754 965 3807 caetera
984 3752 1136 3808 bona
1154 3752 1380 3825 possint
1397 3752 1572 3809 etiam
1595 3751 1807 3809 habere
1824 3752 2074 3825 reprobi,

424 3838 769 3896 charitatem
800 3838 905 3896 soli
937 3841 1241 3913 possident
1272 3840 1461 3898 electi.
1497 3841 1637 3897 lliuc
1658 3845 1748 3898 est
1767 3841 1923 3897 enim
1946 3841 2077 3898 fons

418 3927 713 4002 proprius,
738 3928 831 3985 cui
862 3946 977 3985 non
1006 3930 1406 3986 communicat
1428 3929 1677 3987 alienus.
1698 3929 1887 3986 Alieni
1918 3929 2075 3987 enim

417 4021 577 4087 sunt,
612 4017 955 4091 quicunque
998 4018 1257 4075 audituri
1288 4023 1428 4075 sunt
1476 4019 1628 4077 hanc
1674 4035 1873 4077 vocem
1906 4036 1920 4075 :
1953 4025 2075 4079 Non

417 4109 548 4164 novi
578 4123 667 4164 vos
698 4108 908 4180 (Matth.
932 4113 1054 4178 vn).
1079 4108 1209 4164 Haec
1261 4112 1352 4165 est
1399 4108 1598 4165 tunica
1625 4107 1925 4185 nuptialis,
1958 4125 2077 4181 qua

418 4196 612 4252 induti
671 4196 861 4253 securi
912 4198 1283 4254 recumbunt.
1315 4197 1394 4254 De
1440 4197 1550 4254 hac
1601 4197 1887 4255 Dominus
1920 4214 1934 4253 :
1965 4200 2074 4254 Hoc

418 4293 518 4352 est,
553 4285 765 4359 inquit,
804 4295 1143 4360 praeceptum
1187 4302 1371 4343 meum
1416 4295 1477 4343 ut
1530 4286 1779 4359 diligatis
1831 4288 2071 4343 invicem

418 4378 467 4447 (J
483 4390 602 4430 ian.
634 4374 748 4447 xv).
771 4376 852 4431 Ac
884 4374 934 4431 si
968 4375 1185 4432 diceret
1212 4392 1226 4430 :
1257 4375 1375 4431 Hoc
1404 4379 1494 4431 est
1536 4373 1820 4432 excellens
1851 4379 1908 4431 et
1933 4391 2071 4448 pro-

420 4463 615 4536 prium
643 4464 989 4521 mandatum
1011 4481 1231 4532 meum,
1248 4481 1365 4537 quo
1387 4463 1502 4520 mei
1524 4481 1558 4520 a
1578 4480 1694 4520 non
1724 4463 1872 4520 meis
1901 4479 2069 4537 sepa-

418 4556 642 4609 rantur.
672 4552 895 4625 Itaque,
920 4553 1127 4609 fratres
1150 4551 1367 4621 mei,ut
1390 4551 1501 4607 ﬁlii
1523 4556 1580 4608 et
1609 4551 1781 4608 amici
1811 4551 1915 4609 Dei
1939 4569 2070 4611 esse
2097 4579 2146 4645 D

418 4658 671 4698 meream
683 4660 770 4711 ur,
797 4641 1140 4699 charitatem
1164 4657 1395 4713 semper
1416 4641 1836 4698 custodiamus.

491 4731 769 4804 Sequitur
788 4748 925 4805 pars
957 4730 1236 4797 secunda,
1260 4730 1319 4785 in
1342 4746 1460 4802 qua
1489 4729 1795 4802 Apostolus
1816 4732 2073 4790 ostendit

420 4820 580 4877 nulla
601 4825 1127 4893 quantumcunque
1146 4820 1299 4875 bona
1320 4818 1446 4875 sine
1467 4818 1749 4876 charitate
1770 4821 2068 4893 prodesse,

416 4925 551 4965 eum
575 4910 776 4966 subdit
798 4926 811 4964 :
831 4910 892 4965 Si
911 4910 1122 4978 linguis
1142 4910 1426 4964 hominum
1446 4909 1641 4980 loquar
1657 4916 1709 4965 et
1729 4910 2068 4981 angelorum.

416 4997 691 5069 Magnum
712 5000 927 5071 quippe
951 4998 1171 5054 bonum
1193 5001 1283 5053 est
1298 4997 1548 5054 fecunda
1565 5002 1623 5053 et
1639 4996 1915 5071 eloquens
1929 5016 2072 5072 prm-

415 5085 649 5155 dicatio,
671 5088 774 5142 sed
806 5088 934 5143 sine
954 5087 1238 5144 charitate
1265 5085 1409 5141 nihil
1445 5087 1679 5159 prodest
1708 5088 2067 5161 pradicanti,

414 5175 651 5246 prodest
669 5174 906 5246 quidem
933 5176 1318 5231 auditoribus.
1333 5176 1442 5230 Sed
1468 5175 1811 5247 praedicator
1827 5176 1928 5250 qui
1950 5194 2064 5235 non

413 5278 481 5318 ex
502 5262 805 5331 charitate,
825 5264 921 5319 sed
950 5270 1184 5336 propter
1210 5280 1520 5321 nummum
1544 5263 1627 5320 vel
1651 5263 1896 5337 gloriam
1919 5283 2065 5338 prai-

414 5350 590 5416 dicat,
604 5354 694 5407 est
713 5353 879 5424 quasi
904 5370 982 5409 res
1006 5369 1224 5409 sonans
1241 5357 1344 5408 aut
1364 5352 1697 5426 cymbalum
1720 5353 2065 5425 tinniens,id

412 5444 502 5496 est
523 5438 670 5496 alios
690 5441 764 5497 ad
786 5441 971 5497 Deum
992 5446 1177 5509 vocat,
1204 5443 1303 5497 sed
1330 5457 1391 5497 se
1417 5458 1526 5498 sua
1543 5450 1680 5499 voce
1709 5451 2066 5516 conquassat

412 5530 471 5583 et
490 5530 861 5586 condemnat.
883 5531 1164 5600 Magnum
1187 5529 1407 5585 bonum
1429 5535 1518 5587 est
1547 5530 1853 5603 prophetia
1876 5534 1945 5590 de
1970 5535 2063 5591 fu-

410 5615 581 5693 turis,
606 5619 706 5675 sed
730 5618 856 5674 sine
878 5615 1160 5674 charitate
1185 5616 1331 5673 nihil
1364 5619 1620 5692 prodest.
1648 5619 1803 5677 Nihil
1847 5621 2064 5697 quippe

2189 3306 2418 3380 quaerit,
2444 3323 2563 3365 non
2593 3323 2784 3364 suam.
2806 3308 2923 3366 Non
2954 3308 3217 3364 irritatur
3245 3323 3349 3381 per
3372 3305 3545 3375 iram,
3570 3323 3691 3364 non
3709 3323 3857 3380 aegi-

2188 3403 2270 3453 tat
2289 3396 2537 3460 malum;
2565 3395 2731 3454 fortis
2761 3395 2984 3454 scilicet
3024 3412 3142 3453 non
3193 3394 3387 3454 solum
3416 3395 3489 3454 ad
3521 3412 3642 3452 non
3676 3396 3851 3453 retri-

2188 3484 2454 3542 huendas
2482 3483 2756 3557 injurias,
2788 3484 2889 3541 sed
2920 3484 3101 3543 etiam
3130 3485 3203 3542 ad
3234 3501 3352 3542 non
3381 3484 3705 3542 curandas.
3732 3483 3849 3543 Non

2185 3574 2387 3645 gaudet
2435 3590 2603 3646 super
2650 3575 2964 3647 iniquitate,
3006 3574 3125 3631 imo
3172 3572 3367 3641 deflet,
3398 3573 3485 3630 sic
3530 3578 3594 3629 et
3636 3578 3848 3632 cetera

2186 3661 2325 3719 vitia
2353 3661 2608 3719 charitas
2639 3662 2914 3720 excludit.
2938 3661 3102 3720 Unde
3129 3666 3187 3720 et
3212 3661 3429 3736 legitur
3458 3678 3474 3717 :
3507 3662 3617 3730 Qui
3648 3663 3845 3720 chari-

2183 3755 2366 3808 tatem
2397 3751 2594 3820 habet,
2619 3768 2757 3808 nom
2781 3755 3011 3824 peccat;
3044 3768 3161 3808 non
3188 3748 3329 3824 quia
3351 3767 3468 3809 non
3494 3755 3723 3824 peccet,
3743 3752 3842 3809 sed

2184 3840 2327 3913 quia
2357 3857 2474 3896 non
2505 3843 2709 3914 peccat
2739 3840 2811 3897 ad
2832 3844 3102 3897 mortem.
3126 3840 3437 3897 Peccatum
3467 3838 3626 3896 enim
3656 3839 3720 3896 in
3741 3841 3844 3896 fer-

2182 3945 2317 3986 vore
2346 3928 2672 3999 charitatis,
2697 3933 2786 3986 est
2812 3928 2982 4002 quasi
3007 3932 3175 4003 gutta
3205 3945 3369 4002 aquae
3397 3927 3459 3986 in
3488 3928 3843 4003 ignem,qua

2182 4034 2317 4075 eum
2340 4035 2455 4075 non
2477 4017 2818 4092 exstinguit,
2833 4018 2935 4075 sed
2952 4018 3298 4074 inﬂammat.
3314 4017 3619 4075 Fervidam
3638 4017 3837 4092 igitur,

2180 4108 2411 4177 fratres,
2444 4106 2788 4164 charitatem
2840 4106 3188 4175 habeamus,
3220 4111 3287 4163 ut
3327 4106 3389 4163 in
3439 4106 3568 4179 ejus
3617 4107 3837 4165 fervore

2178 4196 2384 4253 sordes
2417 4200 2783 4269 peccatorum
2818 4200 3153 4253 nostrorum
3184 4200 3610 4269 excoquuntur.

2251 4286 2527 4360 Sequitur
2551 4303 2688 4359 pars
2721 4290 2949 4360 quarta,
2972 4285 3031 4341 in
3064 4302 3183 4359 qua
3212 4285 3471 4345 ostendit
3496 4284 3830 4358 Apostolus,

2178 4376 2337 4450 quod
2363 4375 2465 4449 qui
2508 4375 2685 4432 habet
2730 4375 3099 4443 charitatem,
3125 4391 3329 4431 omnes
3355 4374 3606 4431 virtutes
3633 4373 3829 4432 habet.

2178 4481 2313 4522 cum
2345 4464 2485 4521 dicit
2509 4481 2522 4520 :
2548 4464 2808 4520 Charitas
2831 4465 3052 4537 patiens
3078 4472 3159 4521 est
3193 4462 3349 4519 inter
3376 4463 3645 4529 adversa,
3674 4462 3830 4520 scili-

2177 4554 2311 4611 licet
2338 4553 2594 4627 benigna
2624 4556 2714 4610 est
2735 4552 3015 4622 inimicis,
3038 4568 3138 4609 eos
3167 4550 3345 4610 etiam
3376 4568 3411 4609 a
3442 4551 3665 4625 quibus
3692 4551 3831 4626 pati-

2177 4647 2294 4711 tur,
2317 4659 2545 4699 amans.
2569 4641 2887 4713 Congaudet
2912 4642 3151 4710 veritati,
3182 4640 3244 4697 id
3279 4643 3371 4699 est
3406 4639 3562 4697 bono
3583 4640 3828 4713 justiti:

2179 4731 2343 4788 Unde
2370 4735 2429 4788 et
2456 4730 2674 4788 dicitur
2696 4748 2710 4788 :
2742 4732 2904 4788 Beati
2928 4732 3025 4804 qui
3052 4731 3325 4799 esuriant,
3356 4736 3411 4786 et
3435 4730 3641 4786 sitiunt
3655 4729 3828 4802 justi-

2179 4822 2317 4877 tiam
2345 4819 2549 4893 (Matth,
2570 4823 2651 4890 v).
2678 4819 2877 4876 Omnia
2902 4818 3090 4885 credit,
3126 4835 3255 4892 qua
3284 4817 3508 4876 scilicet
3532 4817 3607 4874 de
3634 4817 3827 4875 futura

2177 4909 2296 4965 vita
2340 4907 2402 4964 in
2450 4906 2771 4981 Scripturis
2817 4906 3002 4965 sacris
3049 4907 3344 4981 leguntur.
3379 4906 3577 4963 Omnia
3628 4914 3822 4979 sperat,

2178 5015 2307 5071 quas
2333 4996 2557 5055 scilicet
2584 5013 2620 5053 a
2646 4997 2763 5054 Deo
2814 5000 2954 5054 sunt
2996 4995 3309 5070 promissa.
3340 4995 3476 5061 Quae
3521 4995 3635 5051 etsi
3662 4994 3822 5052 dile-

2178 5090 2404 5159 rantur,
2450 5088 2640 5144 omnia
2695 5088 2950 5144 sustinet.
3000 5085 3254 5142 Castores
3299 5100 3535 5158 quoque
3581 5083 3821 5141 virtutes

2173 5175 2369 5247 habet,
2399 5174 2500 5248 qui
2529 5191 2724 5232 veram
2756 5174 3103 5232 charitatem
3130 5172 3325 5231 habet.
3355 5174 3621 5240 Quarum
3651 5189 3821 5246 quas-

2174 5265 2310 5321 dam
2339 5265 2449 5321 etsi
2478 5281 2595 5321 non
2624 5263 2802 5321 habet
2825 5264 2886 5320 in
2912 5281 3044 5333 usu,
3067 5263 3245 5322 habet
3271 5266 3469 5320 tamen
3497 5262 3559 5319 in
3593 5262 3817 5320 affectu.

2173 5353 2449 5422 Quamvis
2476 5352 2634 5410 enim
2680 5369 2799 5409 non
2850 5353 3065 5411 haheat
3092 5352 3154 5409 in
3184 5368 3270 5422 se,
3291 5351 3471 5409 habet
3516 5354 3720 5409 tamen
3762 5351 3817 5408 in

2173 5443 2327 5511 aliis,
2348 5443 2419 5500 de
2449 5442 2666 5516 quibus
2696 5443 2916 5516 gaudet
2943 5446 3229 5516 tanquam
3268 5441 3340 5498 de
3382 5458 3466 5498 se.
3495 5441 3819 5498 Teneamul

2171 5530 3009 5607 itaque,fratres,charitatem,
3020 5548 3124 5607 per
3138 5546 3318 5606 quam
3336 5530 3539 5589 omnia
3555 5531 3717 5589 bona
3730 5531 3820 5588 ha-

2172 5623 2406 5691 bentur,
2430 5639 2532 5696 per
2561 5637 2741 5696 quam
2770 5621 2863 5681 lex
2905 5619 3281 5697 adimpletur.
3305 5619 3469 5679 Unde
3512 5619 3815 5698 Propheta.
