3982 6082
90 327 245 388 17⁸73

756 320 1108 385 HOMILI/E
1152 320 1228 382 IN
1271 319 1523 383 EPIST.
1569 319 1670 382 ET
1712 319 1999 381 EVANG.
2048 319 2400 381 DOMINIC.
2432 346 2509 365 --
2538 318 2740 383 PARS
2783 320 2831 380 Ι.

3336 317 3497 376 1774

88 457 277 515 Omnis
304 454 790 513 consummationis
838 453 952 509 vidi
979 453 1166 525 ﬁnem,
1197 452 1370 509 latum
1415 450 1737 509 mandatum
1764 450 1820 519 Α
1850 467 1970 508 suae
2009 451 2474 525 desperationem
2523 449 2918 524 praemuniret.
2953 449 3140 515 Quare
3188 445 3499 503 duodecim

85 540 242 603 tuum
280 546 449 602 nimis
478 544 650 614 (Psal.
679 545 896 611 cxvnr).
920 543 990 598 Et
1032 541 1338 609 Dominus,
1372 542 1432 598 in
1479 540 1589 598 hac
1620 544 1741 598 tota

83 633 179 691 lex
207 634 424 709 pendet
453 637 513 690 et
546 631 841 705 Prophetas
871 632 1077 701 (Matth.
1101 635 1262 701 χχιι).

158 723 436 797 Sequitur
474 739 613 796 pars
645 720 873 794 quinta,
894 720 953 777 in
1002 737 1120 793 qua
1148 720 1405 778 ostendit
1430 719 1744 795 Apostolus

83 812 242 886 quod
273 812 517 869 charitas
546 827 832 884 nunquam
850 811 1075 868 excidit.
1102 813 1414 884 Propterea
1438 826 1743 882 nunquam

84 902 255 959 cadet
286 900 388 976 qui
422 898 693 958 charitati
734 899 1009 957 adhaeret.
1036 899 1170 955 Vita
1196 899 1354 956 enim
1399 899 1597 955 futura
1627 915 1742 955 non

82 988 330 1058 auferet,
362 988 484 1046 imo
527 987 793 1061 perﬁciet
834 987 1203 1045 cbaritatem.
1236 991 1370 1056 Quae
1401 987 1557 1045 enim
1586 1003 1745 1043 nunc

80 1079 225 1136 data
252 1083 342 1137 est
371 1079 446 1135 ad
477 1079 624 1135 bene
655 1077 1024 1148 merendum,
1058 1081 1201 1134 tunc
1244 1076 1479 1134 dabitur
1507 1076 1567 1132 in
1599 1093 1742 1149 pree-

78 1168 296 1225 mium.
316 1168 535 1226 Caztera
562 1184 696 1225 vero
726 1168 899 1235 bona,
933 1184 1062 1241 quas
1093 1184 1250 1224 nunc
1279 1166 1497 1224 habent
1524 1165 1741 1233 locum,

77 1262 227 1325 tunc
258 1256 593 1316 cessabunt.
617 1255 943 1315 Cessabunt
966 1255 1309 1330 prophetiae,
1333 1254 1473 1329 quia
1491 1272 1607 1313 non
1633 1256 1746 1312 erit

79 1351 229 1403 tunc
262 1345 476 1403 absens
504 1344 593 1401 vel
641 1343 938 1403 occultum
968 1345 1125 1419 quod
1159 1345 1230 1402 de
1259 1344 1377 1402 Deo
1426 1344 1739 1402 videbitur.

85 1435 421 1493 Cessabunt
473 1433 711 1509 linguae,
744 1433 884 1507 quia
939 1451 1031 1491 res
1088 1437 1146 1490 et
1200 1432 1473 1509 cogitatio
1517 1438 1738 1508 aperta,

76 1522 453 1580 manifestari
483 1522 1012 1596 signiﬁcationibus
1044 1540 1159 1580 non
1181 1523 1454 1596 egebunt.
1479 1522 1742 1580 Cessabit

75 1610 350 1681 scientia,
367 1611 508 1686 quia
534 1615 674 1667 tunc
702 1629 819 1668 non
850 1611 960 1668 erit
989 1610 1309 1685 specularia
1329 1616 1387 1669 et
1408 1611 1740 1669 umbratilis

76 1700 475 1771 sciontia,sed
510 1704 713 1774 aperta
747 1701 843 1758 Dei
871 1700 1037 1758 visio.
1061 1700 1325 1757 Cessabit
1354 1702 1511 1758 enim
1541 1701 1687 1758 ﬁdes
1720 1717 1733 1757 :

75 1808 152 1849 ea
181 1790 339 1848 enim
366 1806 496 1863 quae
527 1789 699 1847 modo
733 1788 1053 1847 invisibilia
1082 1790 1396 1856 credimus,
1420 1794 1561 1846 tunc
1592 1807 1738 1864 prae-
1765 1824 1816 1891 Β

75 1879 409 1939 sentialiter
429 1878 779 1936 videbimus.
793 1879 1060 1936 Cessabit
1080 1895 1235 1952 spes,
1260 1880 1497 1952 quando
1517 1879 1737 1936 obtine-

75 1962 280 2026 bimus
292 1968 447 2041 quod
466 1969 774 2042 sperabam
783 1967 1114 2024 us.Cazteris
1130 1966 1328 2041 itaque
1343 1967 1732 2037 cessantibus,

74 2063 221 2139 tunc
250 2055 503 2113 eharitas
553 2049 864 2130 augebitur
894 2059 951 2112 et
996 2055 1347 2129 perﬁcietur.
1372 2057 1539 2114 Tunc
1577 2057 1731 2113 enim

76 2147 166 2224 ita
189 2145 503 2219 diligemus
527 2145 733 2215 Deum,
749 2145 908 2218 quod
931 2145 1005 2201 ab
1027 2147 1157 2218 ejus
1179 2162 1376 2202 amore
1398 2145 1734 2203 nullatenus

74 2234 406 2309 poterimus
434 2235 692 2308 separari
737 2233 828 2291 vel
880 2236 1189 2307 tepescere.
1223 2234 1544 2292 Pensemus
1574 2252 1731 2309 ergo,

73 2326 293 2393 fratres
342 2322 479 2394 mei,
514 2340 831 2399 pensemus
883 2328 1007 2381 toto
1053 2324 1245 2392 corde,
1280 2328 1521 2397 quanta,
1555 2340 1733 2398 quam

74 2411 447 2493 admirabilis
466 2413 577 2469 erit
595 2411 895 2470 beatitudo
917 2411 1038 2481 illa,
1064 2411 1166 2469 ubi
1187 2412 1375 2469 sancti
1405 2412 1733 2486 illud,quod

72 2519 314 2576 semper
340 2502 400 2558 in
431 2501 541 2559 hac
571 2501 1039 2576 peregrinatione
1070 2502 1563 2570 desideraverant,
1598 2520 1736 2576 epe-

73 2590 800 2664 raverant,exquisierant,
838 2591 1412 2665 contemplabuntur,
1442 2591 1733 2666 amplexa-

72 2682 322 2750 buntur,
350 2680 619 2737 fruentur
648 2679 773 2738 sine
802 2684 982 2748 metu,
1007 2679 1134 2737 sine
1163 2680 1413 2748 defectu,
1440 2680 1565 2737 sine
1587 2681 1734 2737 invi-

70 2770 196 2827 dia.
220 2768 328 2828 Ubi
354 2770 463 2827 etsi
495 2787 603 2844 par
644 2787 762 2827 non
811 2769 921 2826 erit
969 2774 1305 2827 sanctorum
1356 2769 1613 2839 claritas,
1648 2775 1734 2827 ta-

74 2876 215 2917 men
250 2876 356 2933 par
403 2859 513 2916 erit
557 2857 862 2932 gaudium.
887 2857 1097 2915 Omnia
1145 2857 1299 2914 enim
1350 2858 1523 2915 faciet
1570 2875 1733 2914 com-

72 2946 283 3007 munia
312 2965 477 3006 amor
520 2965 697 3017 unus,
721 2952 780 3004 et
807 2946 1079 3004 voluntas
1108 2964 1246 3003 una.
1274 2947 1494 3021 Itaque,
1524 2946 1735 3004 fratres

72 3038 219 3115 mei,
251 3036 619 3095 dilectionem
671 3036 772 3093 Dei
825 3041 883 3093 et
929 3035 1199 3110 proximi,
1233 3053 1361 3109 quae
1411 3036 1580 3095 nobis
1626 3036 1736 3093 erit

73 3126 389 3203 praemium
432 3126 490 3182 in
521 3126 731 3200 patria,
762 3129 884 3182 toto
934 3125 1106 3182 corde
1158 3129 1464 3183 teneamus
1510 3125 1570 3181 in
1619 3125 1729 3183 via.

74 3195 269 3291 -Super
296 3215 494 3273 omnia
521 3195 840 3290 diligamus
884 3214 1092 3283 Deum,
1119 3213 1221 3289 qui
1265 3231 1443 3288 super
1470 3231 1578 3272 nos
1619 3219 1728 3272 est.
1760 3195 1806 3266 C

74 3307 147 3364 In
177 3305 329 3365 bono
354 3304 672 3379 diligamus
700 3303 961 3360 animam
988 3308 1415 3377 nostram,quaa
1446 3303 1603 3361 intra
1624 3323 1730 3363 nos

74 3398 191 3453 est.
212 3394 373 3453 Sicut
422 3411 549 3462 nos,
576 3392 894 3467 diligamus
933 3392 1268 3466 proximum
1308 3398 1599 3463 nostrum,
1631 3393 1731 3468 qui

66 3486 243 3558 juxta
274 3498 382 3542 nos
421 3487 529 3541 est.
563 3485 708 3540 Cum
742 3481 1092 3539 discretione
1122 3482 1455 3539 nutriamus
1496 3499 1731 3540 carnem

71 3577 341 3631 nostram
372 3589 501 3645 qua:
545 3571 700 3629 infra
746 3588 853 3629 nos
885 3574 992 3640 est,
1019 3574 1308 3645 quatenus
1355 3571 1575 3645 pariter
1601 3589 1732 3645 per-

69 3662 273 3720 venire
304 3677 636 3719 mereamur
678 3660 753 3718 ad
799 3660 1116 3717 videndum
1145 3660 1330 3717 Deum
1376 3661 1620 3717 deorum
1668 3662 1730 3718 in

73 3748 242 3818 Sion,
266 3749 369 3807 ubi
408 3754 498 3808 est
547 3765 796 3824 regnum
846 3749 973 3807 sine
1020 3750 1293 3819 termino,
1316 3749 1558 3807 satietas
1604 3751 1732 3808 sine

72 3839 335 3911 fastidio,
362 3839 584 3896 sanitas
631 3838 757 3896 sine
788 3838 1012 3906 morbo,
1037 3840 1319 3911 juventus
1370 3838 1499 3895 sine
1547 3837 1729 3910 senio,

70 3930 294 3987 festum
324 3927 451 3986 sine
492 3944 756 3997 mcerore,
781 3927 1065 4003 gaudium
1116 3926 1242 3985 sine
1290 3927 1428 3994 ﬁne,
1451 3926 1734 4001 largiente

72 4006 324 4076 Domino
347 4020 546 4075 nostro
565 4017 709 4075 Jesu
731 4016 981 4086 Christo,
998 4015 1254 4090 quicum
1277 4017 1444 4073 Patre
1472 4020 1530 4073 et
1558 4015 1735 4090 Spiri-

73 4112 146 4163 tu
186 4110 389 4164 sancto
418 4105 561 4163 vivit
588 4109 646 4163 et
676 4110 881 4181 regnat
927 4106 1083 4163 Deus
1131 4122 1235 4180 per
1279 4103 1479 4163 omnia
1524 4104 1735 4163 saecula

75 4195 453 4297 saeculorum.
478 4197 684 4253 Amen.

1854 542 2123 597 tantum?
2158 542 2224 599 Ut
2252 542 2681 598 demonstraret
2725 542 2957 595 tantum
3003 534 3332 610 apostolicae
3361 536 3498 595 doc-

1850 629 2018 686 trinae
2048 647 2327 703 sequaces
2370 646 2498 686 esse
2528 629 2759 703 dignos,
2778 627 3049 684 humanae
3082 622 3502 698 redemptionis

1852 736 2168 793 agnoscere
2198 723 2255 777 et
2292 717 2639 793 participare
2684 720 3140 774 sacramentum.
3175 715 3363 781 Quare
3410 728 3501 770 se-

1853 810 2050 865 creto?
2078 808 2151 866 Ut
2186 813 2457 866 sanctum
2502 825 2617 865 non
2664 807 2875 864 debere
2924 802 3050 860 dari
3097 803 3363 872 canibus,
3396 819 3503 859 nec

1854 898 2227 972 margaritas.
2255 897 2449 972 porcis
2497 897 2927 953 demonstraret
2952 894 3159 965 (Matth.
3194 895 3316 962 vn).
3339 891 3504 948 Unde

1851 988 2008 1044 idem
2031 987 2113 1043 ait
2145 1004 2157 1043 :
2192 988 2370 1053 Vobis,
2404 986 2618 1059 inquit,
2649 985 2838 1042 datum
2856 992 2933 1040 est
2962 998 3119 1040 nosse
3139 982 3404 1054 mysteria
3424 996 3503 1037 re-

1850 1080 1949 1150 gni
1966 1079 2090 1146 Dei,
2102 1079 2317 1136 caeteris
2333 1084 2517 1133 autem
2537 1077 2598 1132 in
2616 1074 2896 1148 parabolis
2906 1072 3091 1143 (Marc.
3106 1088 3192 1141 1v;
3215 1068 3498 1143 Luc.vm).

1854 1165 2151 1224 Moraliter
2172 1170 2388 1234 autem,
2416 1165 2624 1221 fratres
2651 1164 2788 1233 mei,
2810 1160 3051 1219 instruit
3079 1177 3186 1217 nos
3216 1158 3502 1216 Dominus

1852 1255 2114 1330 exemplo
2132 1255 2544 1328 sui,quomodo
2560 1269 2877 1327 supernam
2889 1248 3214 1308 Jerusalem
3229 1248 3389 1306 adire
3407 1249 3497 1306 de-

1850 1345 2117 1402 beamus.
2141 1345 2307 1402 Sicut
2326 1343 2482 1400 enim
2504 1342 2631 1417 ipse
2660 1341 3026 1399 ascendendo
3048 1337 3495 1412 Jerosolymam,

1849 1434 2146 1508 patiendo,
2174 1434 2496 1501 moriendo,
2522 1432 2900 1505 resurgendo,
2923 1428 3189 1487 ascendit
3204 1427 3265 1484 in
3285 1425 3496 1484 ccelum

1850 1524 1920 1580 ad
1945 1524 2195 1592 Patrem,
2217 1522 2301 1580 ita
2319 1540 2447 1591 nos,
2475 1522 2683 1578 fratres
2701 1519 3058 1590 charissimi,
3084 1518 3203 1575 ima
3220 1516 3497 1574 vitiorum

1848 1613 2105 1680 vitando,
2138 1610 2547 1668 tribulationes
2587 1609 2880 1683 patiendo,
2912 1607 3134 1664 mundo
3171 1605 3496 1672 moriendo,

1850 1701 2050 1758 anima
2068 1705 2125 1758 et
2143 1718 2382 1775 corpore
2408 1699 2787 1772 resurgendo,
2816 1698 2888 1755 ad
2921 1697 3216 1754 caelestem
3245 1694 3497 1769 patriam

1848 1790 2164 1847 ascendere
2187 1793 2432 1864 oportet.
2454 1791 2534 1845 Ac
2554 1788 2605 1847 si
2628 1788 2845 1845 diceret
2871 1785 3194 1843 Dominus:
3225 1785 3332 1854 Qui
3355 1783 3500 1840 mihi

1840 1881 2143 1949 ministrat,
2172 1896 2260 1936 me
2286 1887 2566 1952 sequatur.
2600 1879 2665 1934 Et
2690 1878 2791 1933 ubi
2817 1892 2942 1932 sum
2968 1891 3085 1945 ego,
3108 1874 3230 1931 illic
3256 1880 3310 1930 et
3333 1873 3498 1929 mini-

1843 1977 1956 2026 ster
1970 1985 2124 2025 meus
2143 1970 2250 2025 erit
2272 1970 2450 2038 (Joan.
2472 1970 2597 2036 xu).
2617 1967 2840 2039 Itaque,
2862 1966 3093 2032 fratres,
3112 1963 3253 2020 totis
3270 1961 3496 2019 viribus

1845 2058 2152 2114 nitendum
2200 2061 2309 2114 est.
2340 2057 2487 2113 Nam
2520 2056 2570 2113 si
2615 2071 2750 2112 cum
2791 2058 2954 2111 tanto
2992 2052 3207 2111 sudore
3233 2049 3495 2108 culmina

1844 2146 2136 2203 montium
2158 2146 2779 2218 ascendimus,quanto
2800 2143 2998 2200 labore
3017 2159 3167 2215 opus
3186 2144 3279 2199 est
3303 2140 3495 2214 gravi-

1843 2235 1946 2292 tati
1980 2240 2191 2292 nostrae
2224 2234 2436 2291 nitenti
2466 2234 2537 2290 ad
2571 2232 2824 2290 ccelum‘?
2846 2233 3017 2288 Teste
3040 2230 3198 2288 enim
3220 2229 3491 2288 Domino.

1843 2325 1962 2382 lata
1999 2330 2056 2383 et
2085 2324 2343 2399 spatiosa
2369 2329 2460 2381 est
2496 2325 2753 2396 via,quze
2783 2322 2947 2379 ducit
2976 2321 3051 2378 ad
3078 2319 3490 2394 perditionem,

1843 2420 1901 2472 et
1930 2414 2101 2472 multi
2125 2418 2371 2471 currunt
2396 2430 2501 2486 per
2519 2429 2679 2482 eam;
2706 2413 2807 2469 sed
2840 2414 3091 2485 angusta
3119 2413 3175 2466 et
3199 2408 3386 2466 ardua
3403 2412 3495 2466 est

1840 2504 1953 2569 via,
1990 2521 2118 2577 quae
2149 2504 2311 2559 ducit
2360 2504 2433 2560 ad
2478 2502 2680 2570 vitam,
2712 2505 2769 2557 et
2816 2502 2988 2573 pauci
3036 2500 3364 2556 ascendunt
3391 2514 3495 2570 per

1842 2609 1971 2650 eam
2013 2593 2219 2665 (Matth.
2243 2596 2366 2661 vn).
2393 2590 2602 2649 Facilis
2635 2594 2725 2647 est
2762 2589 2941 2658 enim,
2964 2593 3112 2645 teste
3159 2592 3329 2661 poeta
3359 2588 3491 2661 (25),

1844 2683 2161 2739 descensus
2186 2681 2415 2738 Averni.
2437 2679 2626 2736 Facile
2656 2683 2746 2735 est
2780 2678 2997 2751 quippe
3044 2676 3394 2734 descendere
3423 2676 3496 2733 de

1843 2770 2097 2844 ingluvie
2128 2771 2200 2826 ad
2250 2769 2578 2838 libidinem,
2611 2769 2684 2824 de
2712 2767 2954 2829 libidine
2985 2767 3057 2823 ad
3090 2766 3494 2839 cupiditatem,

1843 2862 1916 2918 de
1945 2861 2263 2934 cupiditate
2294 2861 2365 2916 ad
2389 2854 2718 2929 avaritiam,
2740 2860 2799 2914 et
2826 2856 2906 2913 ita
2934 2857 3006 2912 de
3032 2856 3177 2914 vitia
3195 2855 3254 2910 in
3283 2855 3494 2912 vitium

1843 2967 2032 3023 usque
2061 2950 2120 3005 in
2153 2954 2429 3005 aeternam
2452 2945 3029 3004 damnationem.Sed
3048 2943 3217 3002 valde
3243 2943 3489 3001 laborio-

1843 3056 1976 3095 sum
2007 3041 2115 3106 est,
2139 3038 2346 3094 fratres
2396 3036 2532 3104 mei,
2566 3035 2877 3092 ascendam
2928 3033 3002 3090 ad
3045 3031 3486 3099 abstinentiam,

1843 3130 1914 3185 de
1943 3127 2298 3185 abstinentia
2339 3127 2412 3182 ad
2444 3124 2884 3193 continentiam,
2912 3123 2983 3180 de
3025 3120 3388 3179 continentia
3415 3121 3489 3177 ad

1841 3216 2047 3274 mundi
2078 3220 2504 3289 contemptum,
2536 3219 2593 3272 et
2632 3213 2715 3271 ita
2744 3214 2816 3270 de
2844 3212 3059 3269 virtute
3107 3210 3167 3267 in
3211 3210 3486 3267 virtutem

1840 3322 2029 3380 usque
2069 3306 2142 3362 ad
2190 3303 2441 3378 patriam
2495 3302 2812 3361 caelestem.
2846 3303 3005 3359 Hanc
3059 3299 3483 3371 ascensionem,

1840 3397 2070 3464 fratres,
2096 3412 2209 3451 non
2242 3398 2432 3466 potest
2460 3394 2648 3450 facere
2681 3409 2783 3466 per
2802 3408 2865 3449 se
2894 3391 3090 3461 homo,
3108 3389 3225 3447 nisi
3245 3389 3485 3462 adjutus

1841 3503 1876 3542 a
1902 3489 2037 3542 Deo.
2060 3484 2223 3541 Unde
2260 3482 2585 3539 Dominus:
2623 3486 2792 3541 Nemo
2833 3488 3023 3554 potest,
3054 3478 3268 3553 inquit,
3299 3479 3487 3536 uenire

1840 3573 1911 3630 ad
1937 3590 2043 3643 me,
2075 3574 2189 3629 nisi
2226 3573 2391 3628 Pater
2429 3587 2579 3628 meus
2623 3571 2848 3627 cretestis
2877 3571 3113 3627 traxerit
3150 3585 3277 3625 eum
3300 3567 3484 3642 (Joan.

1839 3663 1939 3737 v1).
1963 3661 2298 3718 Clamemus
2324 3659 2508 3735 igitur
2536 3660 2608 3717 ad
2637 3677 2796 3732 eum,
2823 3661 3051 3729 fratres,
3078 3656 3402 3716 clamemus
3432 3660 3492 3714 et

1841 3752 2108 3809 dicamus
2135 3751 2187 3807 ei
2211 3768 2224 3808 :
2254 3750 2424 3806 Trahe
2450 3767 2537 3806 me
2562 3758 2681 3822 post
2710 3757 2779 3816 te,
2802 3764 3084 3805 curremus
3114 3748 3176 3804 in
3204 3746 3365 3805 odore
3391 3763 3494 3803 un-

1840 3849 2167 3913 guentorum
2188 3847 2409 3896 tuorum
2429 3839 2604 3911 (Cant.
2632 3842 2690 3909 ι).
2714 3839 2885 3906 Nam,
2897 3838 3070 3910 juxta
3098 3835 3444 3911 Prophetam
3468 3852 3484 3893 :

1841 3932 2039 3988 Beatus
2084 3936 2160 3986 est
2212 3931 2317 3997 vir,
2348 3929 2509 4001 cujus
2546 3935 2625 3984 est
2651 3928 2933 3984 auxilium
2978 3928 3076 3983 abs
3124 3934 3193 3994 te,
3223 3927 3489 3983 ascensio-

1840 4036 1935 4077 nes
1966 4021 2027 4075 in
2052 4018 2211 4075 corde
2237 4034 2337 4074 suo
2376 4017 2644 4089 disposuit
2690 4018 2929 4073 existens
2958 4018 3020 4071 in
3046 4016 3191 4072 valle
3219 4015 3493 4087 lacryma-

1840 4126 1969 4166 rum
2009 4110 2071 4164 in
2113 4108 2224 4164 loco
2273 4122 2434 4179 quem
2477 4107 2661 4178 posuit
2689 4106 2859 4178 (Psal.
2894 4104 3146 4177 Lxxxm).
3180 4105 3251 4160 Et
3296 4102 3499 4176 procul

1843 4197 2022 4254 dubio
2052 4195 2323 4253 ﬁdelibus
2353 4193 2501 4250 nihil
2532 4195 2604 4251 de
2635 4211 2718 4263 se,
2744 4195 2845 4251 sed
2868 4195 2941 4251 de
2960 4194 3078 4275 _Deo
3106 4195 3338 4249 tantum
3359 4209 3502 4265 prae-

647 4301 957 4359 HOMlLIA
992 4302 1179 4365 XXXI.
1845 4284 2239 4351 sumentibus,
2263 4281 2700 4341 benedictiones
2724 4283 3049 4356 gratiarum
3087 4280 3239 4338 dabit
3277 4282 3500 4352 legisla-

462 4389 743 4431 DOMINICA
780 4390 839 4430 IN
877 4390 1364 4438 QUINQUAGESIMA.
1846 4384 1950 4443 tor,
1981 4378 2041 4431 et
2068 4374 2151 4430 ita
2192 4373 2352 4430 ibunt
2400 4372 2465 4428 de
2512 4373 2718 4428 virtute
2763 4373 2826 4428 in
2869 4372 3157 4439 xirtutem,
3180 4378 3233 4428 et
3260 4370 3499 4427 tandem

155 4465 461 4535 Assumpsit
504 4464 659 4521 Jesus
707 4461 988 4519 duodecim
1036 4462 1333 4535 discipulos
1383 4477 1529 4527 suos,
1561 4468 1614 4516 et
1658 4461 1741 4516 ait
1845 4466 2123 4522 videbitur
2155 4463 2294 4519 Deus
2334 4461 2563 4519 deorum
2589 4463 2647 4517 in
2677 4462 2807 4517 Sion
2837 4459 3043 4529 (Ibid.).
3067 4457 3500 4516 Tribulationes

75 4552 204 4610 illis
234 4571 254 4607 ἔ
296 4554 428 4609 Ecce
473 4551 814 4609 ascendimus
859 4551 1273 4623 Jerosolymam.
1305 4557 1358 4607 et
1401 4566 1740 4608 consumma-
1771 4570 1819 4638 Ι)
1848 4555 2046 4621 etiam,
2075 4553 2284 4610 fratres
2304 4550 2663 4619 charissimi,
2689 4565 2926 4606 necesse
2945 4552 3035 4605 est
3053 4564 3161 4604 nos
3189 4547 3333 4620 pati,
3356 4547 3501 4604 dum

79 4642 292 4698 buntur
336 4642 524 4698 omnia
568 4654 696 4713 quae
740 4639 946 4711 scripta
1000 4647 1131 4694 sunt
1181 4654 1283 4711 per
1334 4640 1626 4711 prephetas
1680 4638 1745 4694 de
1775 4635 1807 4638 ⁷
1856 4641 2232 4700 ascendimus
2263 4641 2333 4697 ad
2370 4639 2642 4714 patriam,
2666 4639 2838 4712 juxta
2880 4636 3025 4693 illud
3054 4635 3319 4711 Apostoli
3350 4651 3365 4691 :
3396 4637 3504 4693 Per

75 4729 234 4789 Filio
290 4730 528 4786 hominis
585 4731 735 4800 (Luc.
777 4731 963 4799 xvm),
1014 4733 1122 4785 etc.
1174 4727 1418 4785 Duobus
1473 4726 1746 4802 capitulis
1854 4734 2055 4789 multas
2085 4731 2472 4788 tribulationes
2492 4736 2695 4802 oportet
2720 4743 2818 4785 nos
2848 4729 3058 4783 intrare
3076 4728 3139 4782 in
3156 4742 3389 4796 regnum
3404 4740 3506 4781 cae-

81 4816 476 4892 distinguitur
513 4816 682 4875 lectio
732 4817 867 4886 ista,
922 4818 1132 4874 fratres
1184 4816 1539 4873 charissimi.
1574 4816 1747 4872 Porro
1858 4820 2353 4893 lorum(Act.x1v).
2377 4820 2446 4875 Et
2465 4817 2604 4875 alibi
2629 4835 2644 4873 :
2670 4816 2864 4875 Omnes
2888 4818 2987 4890 qui
3009 4818 3103 4889 pie
3118 4815 3308 4873 volunt
3325 4815 3506 4872 vivere

80 4906 149 4964 in
181 4906 371 4980 primo
411 4907 903 4964 considerandum
953 4909 1042 4964 est
1090 4906 1417 4962 secundum
1463 4905 1746 4975 litteram,
1858 4912 1920 4966 in
1950 4910 2168 4967 Christo
2199 4912 2354 4976 Jesu,
2374 4909 2802 4980 persecutionem
2816 4908 3102 4979 patientur
3121 4906 3197 4976 (II
3226 4905 3362 4961 Tim.
3394 4903 3502 4977 ιιι).

84 5011 273 5069 quare
295 4992 579 5052 Dominus
608 4995 943 5069 passionem
973 4998 1032 5052 et
1062 4995 1548 5052 resurrectionem
1580 5011 1749 5052 suam
1858 5003 2003 5056 Nam
2029 4999 2079 5054 si
2107 5000 2169 5053 in
2192 4997 2364 5053 viridi
2396 4998 2546 5066 liguo
2574 4997 2673 5052 hoc
2702 4994 2832 5064 fuit,
2866 4994 2925 5051 id
2957 4998 3045 5052 est
3074 4993 3134 5050 in
3166 4994 3417 5065 Christo,
3444 4993 3507 5050 in

88 5082 410 5161 praedicere
464 5082 730 5153 voluerit,
765 5089 820 5141 et
852 5102 1033 5159 quare
1087 5083 1397 5140 duodecim
1447 5083 1752 5159 discipulis
1863 5086 2025 5144 arido
2046 5085 2185 5159 quid
2212 5082 3511 5158 ﬁet?(Luc.xxm.)Hastribulationesoportet

90 5177 351 5244 tantum,
381 5177 441 5230 et
488 5189 669 5247 quare
716 5178 960 5232 secreto.
984 5177 1171 5242 Quare
1229 5191 1291 5231 se
1335 5190 1650 5248 passurum
1697 5178 1755 5231 et
1854 5176 2088 5249 justum
2116 5174 2521 5247 pati.Necesse
2540 5178 2631 5230 est
2652 5173 2818 5230 illum
2840 5174 2979 5247 pati,
3002 5173 3176 5243 tradi,
3198 5171 3387 5243 illudi,
3410 5172 3512 5229 ﬂa-

92 5267 569 5321 resurrecturum
593 5261 899 5338 praedixit?
919 5264 1004 5321 0b
1024 5270 1145 5322 tres
1161 5280 1391 5331 causas,
1406 5267 1471 5321 ut
1490 5281 1552 5321 se
1570 5263 1752 5320 Deum
1863 5262 2090 5338 gellari,
2106 5262 2373 5335 conspui.
2388 5261 2562 5318 Tradi
2583 5262 2614 5317 J
2621 5266 2820 5318 ustum
2838 5264 3085 5335 oportet,
3098 5266 3156 5318 et
3173 5261 3295 5318 haec
3314 5257 3513 5317 multi-

92 5351 545 5411 omniscientem
589 5353 1038 5424 demonstraret,
1061 5358 1127 5410 ut
1167 5371 1230 5411 se
1273 5359 1593 5427 spontanee
1620 5369 1753 5427 pas-
1864 5353 2008 5409 tudo
2030 5350 2433 5424 exemplorum
2462 5354 2519 5406 te
2537 5351 2724 5407 docet.
2754 5352 2791 5406 Λ
2823 5349 3130 5424 principio,
3153 5348 3289 5407 Abel
3309 5349 3514 5422 justus

96 5458 309 5525 surum
364 5442 654 5517 probaret,
681 5446 747 5500 ut
775 5441 1100 5516 discipulos
1129 5459 1269 5500 suos
1300 5446 1503 5501 contra
1549 5441 1757 5500 mortis
1865 5441 2119 5502 traditus
2141 5445 2231 5500 est
2248 5439 2309 5499 in
2332 5440 2607 5499 manibus
2623 5439 2762 5498 Cain
2780 5438 2929 5519 (Gen.
2950 5443 3060 5514 1v);
3080 5439 3515 5517 Josephjustus

171 5625 289 5703 (25)
320 5622 525 5702 Virgil.
560 5623 777 5683 Eneid.
811 5620 915 5682 lib.
942 5639 1019 5697 vn,
1049 5638 1201 5684 vers.
1237 5622 1359 5685 126.
