3990 6516
472 351 627 410 1775

1468 348 1872 411 ΛΠΒΕΝΒΑ.
1908 382 1985 393 -
2015 340 2417 410 RADULPHI
2459 342 2879 414 ABDENTIS.

3736 351 3894 415 1776

469 482 720 538 traditus
744 483 802 537 et
818 481 1088 537 venditus
1111 484 1199 538 est
1220 480 1532 538 ismaelitis
1551 481 1708 551 (Gen.
1734 479 1981 553 xxxvn);
2004 478 2114 538 Joh
2142 479 2201 549 Α
2226 476 2301 535 ad
2344 478 2561 550 lucem,
2594 490 2658 539 ut
2704 478 3153 558 quemadnwdttm
3193 478 3441 543 Christus
3486 484 3820 543 resimi:
3860 494 3892 542 ι

462 571 665 642 justus
695 569 947 626 traditus
977 572 1066 627 est
1106 569 1168 626 in
1214 586 1395 626 manu
1428 569 1643 627 diaboli
1679 588 1693 627 :
1727 574 1881 627 etut
1928 567 2118 643 magis

470 658 721 724 mireris,
748 659 820 715 ab
853 658 978 731 ipso
1010 659 1144 717 Deo.
1176 662 1325 726 Ecce,
1356 658 1569 733 inquit,
1591 676 1715 717 caro
1760 660 1879 732 ejus
1912 661 1971 715 in.
1998 674 2117 714 ma-

466 765 547 803 nu
574 755 668 804 tua
695 755 799 816 est;
840 756 1211 805 verumtamen
1239 751 1487 805 animam
1530 751 1647 822 ejus
1693 765 1851 806 serva
1880 749 2022 822 (Job.
2053 747 2114 819 1).

467 835 754 893 Dominus
767 835 969 907 justus
992 836 1245 894 traditus
1264 842 1353 894 est
1373 838 1646 911 gentibus
1670 852 1771 911 per
1791 852 2002 894 manus
2022 835 2121 893 Ju-

469 926 555 981 ἀεὶ
578 929 634 981 et
652 925 1012 993 Judaeorum,
1035 930 1092 983 et
1119 926 1229 984 hoc
1263 927 1345 982 illi
1370 944 1484 984 non
1514 930 1753 1001 possent
1782 927 1896 984 nisi
1928 926 2118 995 Pater,

468 1016 525 1071 et
554 1012 729 1070 etiam
775 1013 900 1086 ipse
949 1014 1210 1089 seipsum
1260 1017 1535 1073 traderet.
1572 1016 1717 1073 Dicit
1763 1016 1919 1073 enim
1952 1016 2022 1072 de
2051 1028 2117 1071 eo

465 1100 779 1174 Apostolus
805 1119 818 1158 :
844 1104 951 1172 Qui
975 1104 1203 1161 tradidit
1228 1106 1575 1178 semetipsum
1596 1121 1697 1177 pro
1726 1105 1881 1162 nobis
1902 1102 2115 1177 (Ephes.

468 1193 545 1261 v).
570 1190 715 1257 Quia
746 1208 902 1265 ergo,
930 1193 1138 1250 fratres
1168 1193 1301 1262 mei,
1327 1210 1442 1249 non
1470 1199 1561 1251 est
1586 1191 1912 1267 discipulus
1940 1204 2122 1266 supra

469 1279 841 1353 magistrum,
864 1280 913 1336 si
954 1299 1060 1337 nos
1089 1282 1209 1337 veri
1250 1281 1520 1355 discipuli
1554 1281 1768 1339 Christi
1805 1299 2035 1351 sumus,
2068 1280 2119 1339 si

467 1386 598 1426 vere
618 1368 767 1441 justi
797 1370 1025 1439 sumus,
1051 1388 1155 1428 nos
1201 1387 1432 1444 quoque
1481 1388 1718 1429 necesse
1748 1375 1838 1429 est
1875 1372 2029 1428 tradi
2059 1370 2118 1427 in

471 1474 683 1515 manus
718 1457 1051 1531 impiorum,
1087 1459 1303 1517 diaboli
1346 1460 1586 1530 scilicet,
1621 1464 1677 1517 et
1726 1460 2118 1534 malignorum

469 1545 798 1603 hominum.
832 1548 943 1603 Sed
996 1564 1102 1605 nos
1144 1547 1527 1623 respiciamus
1559 1549 1631 1605 ad
1656 1548 1953 1606 Christum
2000 1552 2119 1606 tra-

470 1636 760 1706 ditum,et
798 1635 856 1691 in
907 1654 973 1693 eo
1025 1638 1477 1695 consolabimur.
1511 1639 1760 1695 Necesse
1806 1639 1980 1696 etiam
2032 1641 2123 1694 est

468 1725 501 1782 J
508 1729 705 1783 ustum
730 1726 919 1782 illudi.
948 1726 1164 1783 Illusus
1186 1732 1274 1784 est
1295 1728 1629 1799 Noejustus
1650 1746 1685 1784 a
1706 1726 1823 1785 filio
1839 1727 1992 1798 (Gen.
2017 1730 2116 1797 1x),

468 1815 685 1889 Joseph
714 1831 747 1871 a
771 1815 1051 1872 fratribus
1085 1816 1451 1875 dicentibus:
1490 1819 1619 1875 Ecce
1647 1820 1948 1874 somniatur
1974 1818 2122 1874 venit

469 1905 622 1975 (Gen.
641 1904 1135 1978 xxan).Eliszeus
1167 1923 1201 1961 a
1230 1906 1427 1980 pueris
1469 1905 1799 1963 dicentibus
1839 1924 1852 1963 :
1885 1905 2124 1963 Ascende

470 1994 624 2050 calve
652 1995 743 2065 (IV
768 1997 894 2065 Reg.
918 1994 1002 2064 11).
1028 1994 1295 2051 Christus
1318 2013 1350 2051 a
1378 1994 1665 2051 militibus
1693 1995 1936 2052 indutus
1964 1998 2123 2052 veste

475 2082 765 2153 coccinea,
790 2084 977 2157 spinis
1018 2089 1351 2150 coronatus,
1373 2090 1430 2141 et
1454 2085 1741 2142 arundine
1772 2087 2120 2158 sccptratus,

474 2177 531 2228 et
577 2173 801 2229 dictum
854 2178 942 2229 est
999 2173 1051 2229 ei
1101 2173 1379 2231 derisorie
1410 2190 1424 2230 :
1457 2176 1581 2243 Ave,
1642 2175 1775 2243 Rex,
1806 2174 2125 2232 Iudaeorum

475 2265 653 2331 (Joan.
677 2262 813 2334 χιχ).
830 2261 967 2333 Nos,
991 2263 1218 2329 fratres,
1238 2262 1287 2319 si
1305 2264 1618 2320 ascendere
1639 2264 1709 2319 ad
1735 2263 1945 2320 caelum
1965 2263 2125 2319 volu-

476 2366 634 2417 mus,
656 2366 895 2407 necesse
917 2355 1006 2407 est
1036 2367 1143 2408 nos
1171 2349 1461 2420 illudi,vel
1483 2369 1518 2408 a
1546 2350 1777 2409 diabolo
1813 2369 1911 2424 per
1937 2352 2124 2425 phan-

473 2439 712 2495 tasticas
730 2438 1145 2509 illusiones,vel
1163 2457 1197 2496 a
1212 2439 1377 2496 falsis
1395 2440 1694 2510 fratribus,
1709 2445 1969 2498 nostram
1988 2439 2126 2498 sim-

474 2526 792 2601 plicitatem
844 2527 1247 2595 irridentibus,
1275 2534 1334 2585 et
1364 2528 1698 2602 hypocritas
1730 2544 1837 2587 nos
1866 2527 2125 2587 vocanti-

478 2617 607 2673 bus.
628 2616 737 2673 Sed
763 2633 869 2673 nos
890 2614 1274 2691 respiciamus
1297 2617 1368 2673 ad
1392 2616 1689 2675 Christum
1718 2618 2045 2688 illusum,et
2062 2618 2125 2675 in

476 2722 542 2763 eo
564 2705 1018 2762 consolabimur.
1038 2704 1286 2763 Necesse
1308 2709 1397 2763 est
1420 2706 1597 2763 etiam
1617 2707 1649 2764 J
1656 2712 1854 2765 ustum
1878 2704 2130 2781 flagella-

476 2795 545 2851 ri.
574 2794 922 2869 Flagellatus
942 2800 1030 2853 est
1051 2795 1182 2864 Job,
1209 2794 1538 2870 ﬂagellatus
1559 2801 1648 2853 est
1675 2794 1909 2866 Tobias,
1934 2794 2129 2870 ﬂagel-

475 2885 629 2942 latus
660 2891 747 2941 est
777 2885 1084 2953 Dominus,
1110 2890 1166 2942 et
1194 2886 1413 2959 ligatus
1442 2884 1515 2941 ad
1543 2885 1899 2954 columnam,
1919 2885 1980 2941 in
2011 2900 2128 2959 qua

476 2991 663 3048 usque
692 2972 865 3031 hodie
913 2978 1196 3048 apparent
1224 2973 1468 3048 vestigia
1507 2974 1834 3049 sanguinis.
1866 2973 2126 3049 Apostoli

476 3080 707 3137 quoque
731 3063 1003 3137 flagellati
1027 3067 1183 3120 sunt.
1208 3062 1324 3120 Nos
1347 3063 1635 3131 similiter,
1659 3063 1888 3133 fratres,
1903 3066 2129 3137 oportet

476 3153 777 3227 ﬂagellari,
807 3153 896 3209 vel
945 3152 1411 3225 infirmitatibus,
1452 3152 1542 3209 vel
1600 3150 2124 3226 persecutionibus,

2226 572 2480 637 mortuis,
2504 573 2584 628 ita
2612 581 2664 629 et
2690 586 2786 630 nos
2814 574 2875 629 in
2905 575 3140 631 navitate
3166 575 3298 633 vita
3325 573 3680 632 ambulemus
3708 572 3887 649 (Bona

2225 659 2325 730 VI).
2351 658 2599 718 Oremus
2644 660 2847 735 igitur,
2900 663 3109 722 fratres
3151 661 3504 732 charissimi,
3536 656 3886 731 Dominum,

2227 749 2294 803 ut
2323 747 2447 821 ipse
2474 749 2671 806 trahat
2711 748 2818 807 dos
2864 755 3000 824 post
3030 762 3113 818 se,
3144 746 3317 808 faciat
3347 752 3419 809 ab
3451 749 3590 808 imis
3644 749 3729 811 ad
3781 751 3887 813 alta

2227 850 2599 911 consurgere,
2626 836 2724 895 det
2750 837 2919 897 nobis
2950 852 3191 897 suarum
3210 838 3659 898 benedictiones
3681 840 3887 916 gruis-

2228 940 2381 992 rum,
2403 929 2469 982 ut
2503 926 2631 1000 ejus
2669 928 3026 1002 passionem,
3056 930 3565 1002 resurrectionem,
3589 934 3657 989 et
3690 942 3884 990 ascen-

2227 1009 2471 1082 sionem,
2500 1019 2789 1088 quantum
2820 1028 3138 1091 possumus
3170 1014 3488 1075 imitemur.

2298 1102 2611 1177 Sequitur:
2641 1103 2706 1162 At
2735 1106 2828 1162 illi
2870 1105 3018 1163 nihil
3067 1107 3264 1165 horum
3310 1106 3738 1166 multum“.
3771 1110 3886 1167 Det

2224 1192 2373 1249 enim
2399 1195 2622 1249 verbum
2658 1192 3043 1252 absconditum
3083 1194 3153 1252 ab
3198 1196 3299 1254 eis.
3330 1190 3487 1253 Idem
3538 1194 3733 1254 hodie
3760 1212 3879 1255 con.

2226 1281 2419 1355 tingit,
2468 1281 2675 1340 fratres
2722 1284 3075 1342 charissimi.
3109 1280 3257 1342 Nam
3302 1299 3434 1342 cum
3488 1285 3878 1360 praedicamus

2228 1369 2560 1429 carnalibus
2588 1371 2948 1442 hominibus,
2972 1370 3129 1448 quod
3161 1375 3359 1448 justas
3386 1378 3660 1448 operient
3690 1377 3755 1433 in
3788 1376 3879 1435 hoc

2230 1461 2450 1518 mundo
2478 1461 2652 1529 tradi,
2678 1460 2867 1530 illudi,
2900 1456 3205 1537 ﬂagellari,
3225 1464 3494 1538 conspui,
3526 1465 3689 1522 mori
3722 1468 3784 1523 et
3809 1480 3878 1523 rc-

2227 1547 2611 1623 surgerezvel
2644 1566 2759 1607 non
2789 1548 3149 1627 intelligunt,
3190 1550 3281 1609 vel
3327 1555 3749 1611 contemnunt.
3791 1555 3878 1613 εει

2228 1637 2383 1693 enim
2405 1637 2667 1696 divinum
2684 1639 2976 1713 judicium
2994 1641 3081 1698 eis
3097 1640 3530 1699 absconditum.
3550 1638 3626 1700 Et
3645 1644 3877 1717 quando

2225 1724 2423 1783 vident
2451 1726 2546 1784 hic
2569 1726 2801 1802 justum
2834 1728 2975 1803 pati,
2996 1732 3210 1804 putant
3236 1742 3371 1787 eum
3392 1726 3482 1787 vel
3512 1742 3633 1789 non
3668 1733 3878 1802 curari,

2149 1854 2198 1920 Β
2222 1813 2327 1917 vel
2349 1815 2678 1920 .reprobari.
2727 1816 3090 1920 Clementem
3135 1820 3602 1920 appropinquaret

2230 1904 2453 1978 quidam
2474 1919 2649 1963 caecus
2676 1906 2894 1963 sedebat
2917 1920 3069 1964 secus
3096 1909 3243 1964 viam
3270 1907 3614 1966 mendicum.
3642 1908 3777 1968 Hoc
3805 1916 3886 1970 est

2232 1994 2556 2050 secundum
2606 1993 2950 2068 capitulum,
2982 1995 3043 2052 in
3075 2008 3191 2070 quo
3240 1994 3521 2055 Dominus
3570 2003 3885 2075 postqum

2233 2083 2496 2156 praedixit
2520 2082 2829 2157 discipulis
2855 2085 2981 2142 suis
3002 2085 3336 2158 passionem
3357 2092 3414 2142 et
3432 2091 3694 2145 mortem
3727 2100 3886 2146 suam

2233 2172 2531 2229 illuminat
2560 2184 2799 2230 caecum.
2824 2173 2887 2231 In
2919 2189 3055 2248 quo,
3082 2174 3291 2233 trahes
3319 2170 3682 2246 charisslml,
3704 2185 3889 2237 osten-

2234 2261 2321 2317 dit
2348 2261 2588 2318 se‘mori
2646 2267 2873 2336 sponte,
2907 2263 3009 2338 qui
3039 2276 3223 2322 caecos
3269 2267 3493 2339 poterat
3546 2264 3881 2325 illuminare

2232 2350 2724 2424 Appropinquans
2739 2366 2872 2409 vero
2889 2348 3143 2423 Jericbo,
3160 2350 3456 2410 illuminat
3473 2364 3705 2417 caseum
3726 2350 3885 2416 Pam

2234 2438 2465 2496 Jericho
2497 2438 2631 2497 luna
2674 2438 3118 2515 interpretatur,
3142 2452 3244 2516 per
3286 2456 3462 2516 quam
3492 2436 3774 2503 defectus
3801 2458 3884 2503 no-

2236 2530 2368 2585 stra;
2420 2527 2799 2587 mortalitatis
2842 2524 3211 2605 intelligitur,
3244 2526 3396 2588 Dum
3443 2542 3584 2607 ergo
3632 2528 3801 2591 Deus
3826 2532 3882 2592 ai

2235 2617 2497 2674 defectus
2553 2622 2765 2676 nostrae
2826 2614 3203 2676 mortalitatis
3258 2619 3505 2694 accedit,
3558 2619 3880 2680 humanum

2235 2722 2421 2780 genus
2461 2709 2699 2780 propter
2738 2707 2991 2780 primam
3039 2704 3573 2781 pravaricationem
3623 2714 3879 2779 arceat,

2235 2792 2323 2853 vel
2352 2795 2425 2852 ad
2454 2792 2556 2854 Dei
2587 2795 2779 2853 lucem
2814 2792 3253 2871 intelligendam
3287 2792 3496 2855 reddit.
3527 2794 3667 2856 Fuit
3696 2802 3878 2857 autem

2237 2898 2353 2941 non
2382 2883 2542 2958 parvi
2574 2883 2767 2943 meriti
2824 2884 2936 2943 iste
2993 2898 3199 2956 caecus,
3232 2883 3442 2944 fratres
3496 2886 3644 2945 mei.
3674 2886 3879 2949 Habuit

2236 2974 2394 3031 enim
2424 2973 2788 3047 patientiam,
2811 2972 3008 3045 ﬁdem,
3039 2974 3319 3033 orationis
3346 2974 3725 3048 instantiam,
3756 2980 3881 3054 pw-

2234 3062 2412 3120 tionis
2431 3062 2794 3132 electionem,
2812 3063 3313 3138 impetrationem,
3328 3064 3757 3137 obedientiam,
3770 3080 3885 3144 gra-

2236 3152 2453 3209 tiarum
2483 3152 2791 3209 actionem.
2816 3152 3161 3210 Palientiam
3211 3152 3424 3229 quippe
3463 3151 3706 3226 habuit,
3734 3155 3883 3231 quia,

473 3226 577 3301 vel
612 3243 864 3316 injuriis,
897 3242 984 3299 vel
1017 3242 1269 3299 damnis.
1305 3243 1417 3299 Sed
1465 3259 1593 3311 nos,
1619 3242 1847 3310 fratres,
1897 3258 2128 3317 semper
2150 3226 2197 3296 C
2238 3239 2506 3315 quamvis
2532 3240 2753 3314 duplici
2784 3240 3041 3309 miseria,
3069 3226 3427 3315 paupertate,
3448 3242 3685 3302 scilicet
3711 3226 3775 3303 et
3798 3258 3888 3303 el!-

474 3333 861 3406 rcspiciamus
894 3334 966 3389 ad
998 3330 1295 3388 Christum
1329 3330 1709 3406 flagellatam,
1733 3337 1790 3389 et
1819 3332 1878 3388 in
1909 3348 1976 3389 eo
1998 3348 2130 3389 con-

475 3422 820 3479 solabimur.
844 3421 1093 3478 Necesse
1149 3425 1239 3478 est
1291 3420 1467 3477 etiam
1515 3421 1748 3477 Justum
1797 3421 2040 3495 conspui
2073 3424 2131 3478 et

475 3510 691 3583 respui.
737 3512 981 3583 Spretus
1031 3514 1087 3565 et
1138 3513 1509 3582 contemptus
1539 3509 1652 3565 fuit
1702 3509 1918 3584 Joseph
1977 3510 2131 3567 inter

474 3600 719 3667 fratres;
755 3601 987 3671 Spretus
1037 3614 1269 3671 quoque
1318 3597 1499 3654 David
1532 3614 1565 3654 a
1594 3598 1718 3655 suis
1749 3598 2077 3656 dicentibus
2109 3616 2125 3655 :

477 3687 628 3761 Quid
666 3687 823 3743 nobis
852 3695 903 3742 et
934 3687 1079 3744 Filio
1124 3685 1274 3743 Isai?
1304 3686 1549 3759 Spretus
1578 3690 1633 3743 et
1660 3688 1769 3744 Job
1802 3703 1835 3743 a
1863 3687 1990 3744 suis
2037 3688 2126 3745 in-

476 3782 564 3833 ter
594 3776 835 3831 adversa
868 3793 881 3832 :
916 3777 1157 3849 Spretus
1189 3780 1245 3831 et
1276 3775 1581 3843 Dominus,
1614 3781 1671 3832 et
1699 3781 1936 3833 vocatus
1968 3776 2128 3835 filius

476 3862 645 3932 fabri,
669 3866 725 3919 et
746 3868 1086 3935 consputus,
1110 3867 1167 3919 et
1193 3863 1345 3920 inter
1376 3862 1610 3936 iniquos
1640 3865 1953 3937 projectus.
1975 3867 2127 3939 Apo-

477 3952 609 4010 stoli
640 3952 910 4010 similiter
948 3952 1127 4025 spreti
1163 3956 1221 4009 et
1258 3953 1393 4009 facti
1444 3957 1724 4027 tanquam
1774 3970 2127 4027 purgamen-

474 4046 601 4098 tum
634 4047 690 4099 et
720 4042 985 4098 omnium
1016 4041 1346 4115 peripsema
1372 4041 1427 4112 (I
1456 4043 1575 4099 Cor.
1600 4043 1699 4116 Iv).
1723 4041 1840 4099 Nos
1871 4060 2124 4117 quoque,

476 4132 707 4201 fratres,
730 4130 778 4188 si
802 4132 952 4203 justi
985 4147 1214 4203 sumus,
1242 4147 1477 4188 necesse
1502 4137 1592 4189 est
1619 4147 1726 4188 nos
1748 4150 1782 4187 a
1812 4133 2128 4191 mundanis

475 4220 718 4293 conspui
752 4225 809 4277 et
856 4221 1049 4294 expui.
1089 4220 1202 4277 Sed
1253 4238 1384 4289 nos,
1416 4222 1647 4289 fratres,
1681 4224 2127 4280 contemnamus

473 4326 579 4366 nos
629 4309 943 4377 contemni,
990 4314 1046 4365 et
1097 4309 1474 4382 respicientes
1524 4311 1596 4365 ad
1645 4309 1941 4367 Christum
1989 4326 2125 4367 con-

470 4402 733 4471 sputum,
759 4399 817 4454 in
865 4415 930 4455 eo
981 4397 1436 4455 consolabimur.
1464 4399 1710 4455 Necesse
1758 4403 1847 4455 est
1895 4414 2128 4473 quoque

466 4488 704 4545 Justum
736 4489 808 4544 ad
841 4487 1014 4545 caelos
1045 4489 1381 4544 tendentem
1408 4486 1668 4562 crucifigi
1699 4492 1755 4544 et
1786 4486 1955 4544 mori.
1982 4487 2125 4546 Abel

457 4579 660 4649 justus
692 4577 762 4633 ab
796 4577 975 4650 impio
1025 4578 1200 4634 fratre
1230 4578 1456 4635 occisus
1487 4580 1596 4634 est.
1634 4576 1815 4633 Isaias
1865 4582 2125 4636 serratus
2154 4599 2204 4666 Ι)

466 4670 584 4733 est;
614 4667 899 4722 Jeremias
925 4665 1219 4738 lapidatus
1252 4670 1360 4737 est,
1385 4665 1654 4722 Christus
1679 4664 1991 4722 cruciﬁxus
2015 4671 2122 4736 est,

469 4755 717 4828 apostoli
749 4759 805 4811 et
836 4755 1021 4811 sancti
1061 4758 1346 4828 martyres
1375 4754 1552 4811 variis
1605 4755 1913 4811 tormentis
1964 4755 2122 4829 passi

469 4849 625 4899 sunt.
650 4845 768 4901 Nos
817 4860 1069 4917 quoque,
1095 4844 1323 4913 fratres,
1348 4844 1397 4900 si
1430 4844 1501 4899 ad
1549 4842 1760 4900 coelum
1810 4844 2121 4902 ascendam

465 4933 759 4998 volumus,
796 4951 1029 4989 necesse
1079 4937 1167 4990 est
1210 4932 1470 5006 crucifigi
1523 4931 1767 5002 mundo,
1800 4935 1856 4988 et
1904 4932 1954 4989 si
2003 4948 2119 4991 non

469 5021 757 5077 matcriali
812 5022 1123 5095 supplicio,
1167 5025 1363 5078 tamen
1409 5020 1758 5089 voluntario,
1791 5024 1857 5076 ut
1905 5020 2121 5079 scilicet

469 5111 891 5167 mortificemus
950 5112 1216 5166 membra
1282 5115 1482 5166 nostra
1537 5127 1664 5183 quae
1735 5113 1875 5165 sunt
1946 5127 2122 5184 super

469 5192 703 5265 terram,
766 5200 1091 5254 secundum
1148 5198 1294 5256 illud
1351 5198 1611 5271 Apostoli
1655 5215 1669 5253 :
1716 5199 1921 5255 Mortui
1972 5202 2115 5269 estis,

463 5295 515 5342 et
552 5289 667 5343 vita
714 5295 889 5342 vestra
944 5288 1259 5344 abscondita
1313 5297 1394 5345 est
1447 5305 1572 5343 cum
1629 5286 1840 5345 Christo
1898 5290 1959 5344 in
2011 5291 2119 5347 Deo

464 5376 608 5447 (Col.
637 5376 871 5447 11!).Sed
924 5376 1119 5445 etiam,
1172 5379 1401 5445 fratres,
1438 5394 1595 5433 mors
1646 5376 1966 5449 corporalis
2013 5378 2112 5435 be-

464 5464 639 5535 nigne
672 5481 704 5521 a
735 5464 906 5520 nobis
960 5466 1351 5537 exspectanda
1381 5470 1438 5523 et
1478 5465 1819 5539 excipienda
1862 5471 1969 5523 est.
2002 5467 2118 5525 Ne-

464 5567 627 5609 cesse
657 5556 748 5611 est
787 5552 985 5623 etiam,
1013 5553 1221 5611 fratres
1270 5556 1408 5623 mei,
1433 5555 1666 5626 justum
1715 5570 2017 5627 resurgere
2045 5557 2117 5614 de

461 5641 622 5724 vitiis
654 5644 727 5703 ad
759 5643 1056 5715 virtutem,
1083 5643 1153 5702 de
1184 5646 1369 5703 morte
1413 5643 1485 5702 ad
1535 5644 1732 5716 vitam,
1757 5643 1828 5700 de
1860 5645 2115 5704 tenebris

2240 3328 2411 3389 citate
2438 3333 2821 3403 premeretur,
2855 3344 2971 3387 non
3019 3331 3309 3404 desperat,
3337 3332 3439 3388 sed
3488 3330 3885 3393 innocentiam

2239 3435 2478 3477 servans
2508 3416 2734 3477 mavult
2772 3420 3122 3489 mendicare,
3148 3434 3327 3494 quam
3356 3418 3561 3491 furari,
3591 3432 3782 3497 quam
3809 3434 3883 3481 ra-

2237 3523 2393 3582 pere,
2419 3524 2597 3582 quam
2630 3508 2921 3565 fcenerari.
2945 3506 3015 3565 Et
3057 3507 3168 3565 hoe
3215 3512 3416 3566 contra
3463 3510 3769 3582 quosdam
3796 3511 3882 3585 qui

2238 3595 2483 3672 ﬂagellis
2513 3597 2743 3654 Domini
2773 3596 3119 3668 abutuntur,
3143 3598 3201 3655 et
3222 3596 3293 3655 de
3316 3596 3534 3672 quibus
3563 3598 3885 3658 debuerunt

2238 3686 2362 3743 fieri
2392 3685 2683 3754 meliores,
2735 3686 2886 3742 fiunt
2930 3686 3177 3760 pejores.
3223 3685 3291 3743 Et
3336 3700 3475 3744 cum
3524 3686 3884 3762 exigentibus

2238 3773 2462 3830 meritis
2500 3774 2645 3841 suis,
2679 3773 3040 3847 aporiantur,
3070 3773 3157 3832 vel
3204 3780 3568 3832 excaecantur
3621 3780 3884 3844 exterius,

2236 3880 2353 3919 non
2384 3861 2776 3937 corriguntur,
2802 3866 2905 3920 sed
2935 3866 3316 3935 sxcaecantur,
3340 3868 3398 3921 et
3426 3865 3788 3937 aperiantur
3812 3867 3886 3923 ia-

2235 3952 2438 4021 terius,
2474 3955 2532 4008 et
2559 3951 2709 4008 fiunt
2748 3950 3023 4022 usurarii,
3055 3954 3295 4027 perjuri,
3329 3966 3570 4027 rapaces
3615 3959 3680 4011 et
3722 3952 3887 4013 fures.

2236 4041 2318 4098 De
2348 4039 2627 4114 qualibus
2658 4039 2874 4097 dicitur
2905 4056 2921 4098 :
2952 4043 3282 4101 Curavimus
3309 4038 3676 4116 Babylonem,
3706 4052 3766 4101 et
3795 4059 3888 4101 σοι

2234 4138 2312 4187 est
2337 4137 2531 4186 sanata
2559 4128 2728 4200 (Hier.
2765 4131 2860 4199 LI).
2893 4130 2964 4187 Et
2992 4129 3131 4187 alibi
3163 4147 3179 4186 :
3213 4128 3409 4188 Omnes
3438 4133 3540 4187 isti
3562 4142 3649 4189 te:
3677 4138 3738 4190 et
3759 4141 3891 4191 stal-

2233 4237 2389 4287 num,
2412 4221 2473 4275 in
2492 4218 2671 4276 medio
2700 4220 2944 4290 fornacis
2975 4220 3186 4293 (Bacch.
3208 4223 3369 4290 xx").
3393 4213 3696 4278 Dominus
3714 4221 3892 4295 enim.

2236 4312 2527 4383 quantum
2559 4307 2619 4363 in
2650 4324 2713 4364 se
2755 4310 2866 4381 est,
2886 4322 2990 4364 eos
3017 4318 3122 4381 per
3149 4302 3381 4383 llas!!th
3418 4313 3620 4377 88ml,»
3655 4311 3767 4368 θεά
3794 4310 3891 4385 illi

2235 4415 2350 4454 non
2382 4400 2685 4465 sanantur,
2720 4397 2823 4453 sed
2871 4400 3011 4453 sunt
3037 4402 3323 4471 tauquam
3353 4412 3432 4454 ass
3480 4401 3543 4454 et
3586 4402 3889 4465 stannum.

2234 4500 2368 4543 cum
2400 4484 2670 4559 rubigine
2700 4502 2809 4543 sua
2838 4485 2898 4542 in
2928 4484 3122 4543 medio
3150 4482 3574 4544 tribulationis.
3598 4484 3784 4546 Sicut
3808 4502 3888 4545 n-

2232 4581 2349 4633 tem
2400 4573 2726 4645 abundans,
2770 4574 2820 4631 si
2870 4572 3303 4650 eleemosynam
3351 4576 3653 4646 comedat,
3690 4574 3892 4637 dicitur

2234 4664 2536 4722 comedere
2592 4667 2833 4737 peccata
2887 4664 3111 4738 populi,
3160 4664 3243 4721 ita
3298 4676 3525 4739 pauper
3558 4663 3783 4725 vivens
3834 4662 3889 4721 de

2232 4753 2621 4826 eleemosyna,
2644 4752 2785 4809 vivit
2814 4754 2886 4810 de
2933 4754 3142 4827 gratia.
3169 4753 3368 4811 ﬁdem
3412 4766 3575 4823 vero,
3598 4758 3770 4814 testae
3795 4748 3888 4814 Do-

2232 4842 2413 4909 mino,
2437 4856 2625 4898 caecus
2653 4839 2883 4911 habuit,
2909 4842 3049 4915 quia
3068 4858 3227 4913 eum,
3243 4857 3419 4917 quem
3444 4845 3569 4899 tam
3600 4843 3888 4903 instanter

2229 4936 2296 4988 ut
2324 4929 2415 4987 sui
2448 4930 2846 4999 misereretur,
2877 4934 2934 4987 et
2975 4945 3040 4988 se
3083 4929 3462 4998 illuminarct,
3493 4932 3769 5006 rogavit,
3796 4928 3885 4990 hoc

2228 5035 2362 5077 eum
2394 5035 2567 5093 posse
2616 5033 2732 5075 non
2762 5017 3070 5075 dubitavit.
3101 5016 3173 5076 Et
3201 5018 3312 5077 hoc
3341 5023 3545 5077 contra
3591 5018 3747 5079 illos
3794 5021 3883 5083 est.

2229 5108 2331 5183 qui
2363 5106 2538 5165 dubie
2569 5110 2625 5164 et
2660 5106 2985 5164 haesitando
3026 5112 3258 5181 petunt.
3290 5106 3453 5167 Unde
3481 5107 3765 5169 Jacobus
3794 5128 3809 5168 :
3834 5107 3889 5167 Si

2226 5201 2350 5271 quis
2379 5196 2588 5268 indiget
2611 5197 2901 5269 sapientia,
2932 5198 3176 5269 postulet
3201 5212 3237 5255 α
3264 5194 3497 5255 Domino
3535 5194 3707 5256 m'hil
3734 5198 3883 5258 tuai-

2227 5298 2370 5345 tans.
2404 5290 2545 5344 Nam
2573 5287 2671 5359 qui
2698 5287 2934 5355 haesitat,
2966 5287 3173 5345 similis
3220 5294 3303 5345 est
3337 5280 3535 5359 ﬂuctui
3560 5290 3783 5363 maris,
3808 5284 3885 5361 {Ii

2224 5396 2269 5436 α-
2287 5385 2441 5435 vento
2467 5382 2730 5444 movetur,
2762 5380 2816 5431 et
2841 5373 3231 5447 circumfertur
3268 5374 3411 5446 (Jac.
3436 5374 3498 5449 ι).
3526 5368 3668 5434 Non
3702 5381 3881 5437 sum

2226 5467 2476 5525 aestimet
2504 5464 2679 5521 homo
2711 5459 2869 5532 talis,
2895 5462 3054 5537 quod
3096 5464 3346 5541 accipiat
3390 5462 3623 5539 aliquid
3681 5484 3724 5523 ει
3764 5465 3883 5524 Deo.

2226 5559 2522 5625 Quantum
2551 5556 2749 5611 autem
2770 5568 2905 5611 vera
2933 5553 3082 5612 fides
3110 5554 3184 5613 ad
3216 5554 3662 5629 impetrandum
3688 5554 3887 5619 valeat,

2225 5644 2479 5706 ostendit
2501 5642 2787 5702 Dominus
2820 5640 3023 5703 dicens
3046 5659 3061 5704 :
3082 5642 3152 5704 Si
3177 5638 3479 5704 habueritis
3506 5639 3684 5718 ﬁdem
3724 5656 3889 5723 qm-
