3990 6516
127 246 312 314 απτ

126 393 272 442 tum
299 397 540 456 granum
565 380 1004 454 smnpis,dicetis
1025 383 1202 440 monti
1229 383 1389 438 huic:
1414 383 1808 453 Transferte,et
1836 383 1891 448 Α

113 476 296 550 facta
325 481 377 530 te
405 476 466 529 in
494 488 665 540 mare,
697 479 749 527 et
775 472 869 543 fiet
894 473 1098 542 (Matth.
1131 488 1274 540 xvi-1;
1308 475 1436 532 Luc.
1468 474 1629 539 xvn).
1660 475 1803 527 Cum

125 579 310 638 ergo,
331 559 1121 634 fratres,postulamus,cum
1154 577 1370 634 magna
1401 560 1616 617 ﬁducia
1646 561 1804 628 ﬁdei,

127 654 306 728 quod
340 651 761 726 postulandum
793 655 899 716 est,
932 649 1320 723 postulemus.
1342 649 1638 706 Orationis
1669 667 1807 723 quo-

125 759 262 820 que
293 739 642 798 instantiam
673 739 1055 810 habuit,quia
1084 743 1302 812 quanto
1332 739 1524 812 magis
1555 757 1585 796 a
1617 739 1804 796 turbis

123 829 549 905 praeeuntibus
588 828 1021 901 increpabatur,
1056 832 1123 883 ut
1152 832 1386 895 taceret,
1418 831 1583 884 tanto
1615 829 1803 901 magis

125 920 490 976 clamabat:
522 918 642 976 Fili
680 917 872 981 David,
905 918 1166 974 miserere
1209 920 1342 986 mei,
1392 933 1700 990 usquequo
1748 921 1804 974 et

125 1007 476 1066 tumultum
520 1007 830 1063 turbarum
859 1004 1136 1074 vinceret,
1171 1009 1228 1062 et
1256 1007 1460 1064 Jesum
1490 1011 1800 1064 transeun-

120 1101 287 1166 tem,
321 1099 395 1154 ad
427 1096 705 1152 standum
737 1099 796 1152 et
825 1095 898 1151 ad
943 1094 1344 1152 miserandum
1388 1100 1797 1153 commoveret.

123 1187 329 1255 Quem
363 1203 470 1244 nos
500 1185 824 1252 imitantes,
843 1185 1053 1241 fratres
1084 1183 1442 1253 charissimi,
1475 1185 1798 1243 clamemus

123 1276 286 1334 totis
307 1275 632 1333 visceribus
651 1275 846 1332 cordis
866 1275 937 1330 ad
960 1290 1093 1330 eum
1120 1291 1134 1331 :
1162 1273 1268 1330 Fili
1300 1274 1502 1342 David,
1521 1275 1798 1331 miserere

122 1367 339 1422 nobis.
370 1367 440 1422 Et
471 1365 522 1421 si
547 1365 755 1432 turba,
787 1367 845 1420 et
881 1363 1174 1418 tumultus
1229 1380 1512 1420 venarum
1576 1365 1795 1437 cogita-

123 1456 398 1524 tionum,
427 1454 517 1511 vel
559 1452 952 1526 malignorum
1001 1451 1340 1525 spirituum,
1375 1458 1440 1508 ut
1468 1453 1798 1526 frequenter

123 1545 454 1618 contingit,
487 1561 594 1600 nos
625 1546 858 1599 orantes
902 1541 1235 1598 disturbant
1263 1546 1320 1597 et
1350 1542 1698 1614 impediunt,
1731 1547 1797 1598 ut

124 1637 212 1694 ab
245 1635 509 1692 oratione
538 1648 858 1699 cessemus,
878 1631 1053 1686 Jesus
1082 1635 1318 1704 propter
1348 1635 1606 1704 teporem
1638 1649 1795 1688 men-

824 245 1190 314 HOMILIE.
1225 246 1303 309 ΙΝ
1347 246 1601 311 EPIST.
1647 247 1748 310 ΕΤ
1790 245 2080 312 EVANG.
2127 245 2478 311 DOMINIC.
2512 281 2591 294 —-
2619 247 2818 312 PARS
2863 248 2911 312 Ι.

3418 252 3571 316 1778

2467 383 2776 440 HOMILIA
2814 384 3026 441 XXXII.

2223 488 2390 527 PERIA
2429 488 2656 535 QUARTA
2695 491 2755 529 IN
2797 493 2990 530 CAPITE
3025 492 3264 550 σεωκῐι.

1988 558 2385 616 Convertimini
2413 561 2483 617 ad
2511 579 2598 617 me
2626 564 2685 618 in
2716 571 2824 620 toto
2853 566 3010 621 corde
3056 575 3250 635 vestro,
3284 567 3342 621 in
3362 567 3570 639 jejunis

1912 655 1966 703 et
1990 651 2142 719 ﬂetu,
2175 657 2225 706 et
2245 651 2496 722 planctu,
2528 659 2580 706 et
2633 653 2865 709 scindite
2916 655 3081 709 corda
3136 665 3331 722 vestra,
3364 665 3413 711 ct
3458 674 3564 712 non

1912 740 2229 795 vestimenta
2257 748 2438 795 vestra
2471 742 2626 811 (Joel.
2661 741 2742 813 II),
2779 747 2888 797 etc.
2942 744 3042 798 His
3101 745 3310 812 verbis,
3362 747 3566 802 fratres

1913 826 2266 894 charissimi,
2284 827 2424 884 olim
2441 829 3080 888 hortabaturDominus
3101 850 3202 905 per
3222 835 3562 907 prophetam

1911 915 2194 988 populum
2225 935 2424 984 suum,
2459 919 2554 990 qui
2590 922 2880 991 peccando
2911 927 3229 978 recesserat
3260 942 3293 977 a
3318 940 3399 993 se,
3434 942 3565 981 con-

1909 1006 2052 1060 verti
2085 1006 2158 1060 ad
2203 1023 2284 1062 se.
2325 1008 2495 1062 Porro
2554 1025 2680 1080 quae
2741 1008 2881 1064 olim
2940 1011 3086 1064 dixit
3136 1012 3375 1079 Judaais,
3408 1031 3562 1069 nunc

1909 1110 2142 1166 quoque
2163 1094 2304 1150 dicit
2329 1096 2518 1152 nobis.
2536 1098 2689 1153 Sunt
2705 1103 2900 1153 autem
2925 1099 3101 1170 hujus
3125 1100 3391 1157 lectionis
3425 1119 3563 1174 qua-

1906 1186 2042 1238 tuor
2061 1188 2276 1256 partes.
2299 1183 2490 1240 Primo
2521 1186 2679 1242 enim
2713 1191 2912 1242 monet
2932 1188 3211 1260 populum
3237 1208 3412 1246 suum
3437 1209 3562 1264 pec-

1906 1275 2161 1328 catorem
2205 1274 2277 1328 ad
2334 1291 2396 1330 se
2446 1276 2752 1331 converti:
2789 1279 3046 1333 secundo
3100 1279 3264 1350 ponit
3319 1297 3558 1337 causam

1905 1376 2085 1432 quare
2115 1362 2325 1418 debeat
2356 1364 2632 1420 converti.
2676 1365 2866 1421 Tertio
2899 1363 3154 1423 ostendit
3180 1369 3276 1439 qui
3311 1369 3559 1425 debeant

1905 1451 2180 1506 converti.
2201 1455 2418 1519 Quarto
2449 1470 2566 1524 qua
2597 1454 2869 1510 utilitate.
2889 1456 3078 1512 Primo
3103 1457 3301 1530 igitur,
3327 1459 3552 1528 fratres,

1905 1545 2104 1596 monet
2161 1559 2267 1597 nos
2325 1542 2610 1598 Dominus
2660 1545 2731 1598 ad
2783 1562 2842 1600 se
2898 1546 3172 1614 converti,
3203 1564 3335 1602 cum
3369 1549 3549 1604 dicit:

1903 1628 2300 1686 Convertimini
2319 1631 2389 1686 ad
2415 1649 2518 1687 me.
2555 1633 2716 1700 Ecce,
2753 1635 2958 1689 fratres
2991 1637 3126 1700 mei,
3163 1643 3383 1708 quanta
3413 1644 3554 1694 sunt

120 1726 216 1783 tis
257 1727 472 1781 nostra
518 1720 688 1777 nobis
737 1719 967 1776 transit.
1002 1720 1113 1776 Sed
1161 1737 1290 1786 nos,
1325 1720 1553 1790 fratres,
1588 1721 1792 1778 turbas
1823 1750 1870 1816 Β
1899 1717 2122 1816 viscera
2153 1719 2386 1816 pietatis
2405 1721 2834 1795 divinaeitogat
2854 1741 2958 1816 nos
2980 1726 3294 1816 qui‘rogari
3327 1727 3546 1782 debuit.
3621 1731 3624 1734 ’

123 1821 196 1873 et
225 1813 643 1889 phantasmata
672 1808 1118 1883 cogitationum,
1142 1826 1175 1865 a
1206 1809 1376 1865 nobis
1405 1810 1544 1866 totis
1571 1810 1794 1867 viribus
1823 1807 1865 1816 ’
1903 1807 2172 1864 Oil‘ensus
2189 1809 2476 1866 Dominus
2492 1815 2657 1884 rogat
2677 1829 2905 1868 servum
2929 1813 3263 1885 fugitivum.
3281 1815 3547 1872 Oil‘ensus

123 1902 516 1978 repellamus.
550 1900 620 1956 Et
663 1901 880 1972 quanto
939 1897 1074 1971 plus
1130 1914 1239 1954 nos
1295 1897 1598 1964 infestant,
1630 1902 1792 1955 tanto

123 1991 333 2066 magis
363 1989 689 2046 ciamemus
721 2005 736 2042 :
769 1986 877 2042 Fili
926 1988 1122 2056 David,
1178 1986 1454 2044 miserere
1509 1988 1696 2044 nobis.
1727 1989 1795 2045 Et

120 2086 280 2139 tunc
304 2079 562 2154 profecto
595 2076 864 2133 Christus
908 2077 968 2132 in
1000 2077 1276 2133 cordibus
1323 2076 1541 2133 nostris
1589 2076 1789 2145 stabit,

123 2175 194 2228 et
242 2187 353 2227 nos
399 2184 503 2243 per
548 2166 799 2239 gratiam
854 2182 1022 2222 suam
1079 2165 1452 2223 illuminabit.
1487 2165 1791 2223 Potiti-onis

121 2258 482 2318 eiectionem
540 2254 768 2322 habuit,
816 2255 957 2328 quia
1007 2254 1398 2327 interrogatus
1429 2273 1464 2311 a
1493 2255 1738 2311 Domino
1772 2273 1785 2310 :

123 2349 282 2420 Quid
309 2347 411 2414 vis,
446 2354 506 2402 ut
535 2346 744 2417 faciam
773 2345 925 2400 tibi?
949 2343 1073 2399 Non
1108 2342 1273 2416 petiit
1302 2362 1335 2399 a
1364 2343 1609 2400 Domino
1639 2343 1792 2400 sicut

121 2419 162 2500 ᾗ
196 2438 366 2512 puris
393 2433 738 2492 hominibus
763 2432 988 2490 solebat
1028 2449 1238 2505 panem
1288 2432 1668 2506 temporalem
1699 2434 1788 2489 vel

103 2518 576 2602 'argentumﬂel
608 2521 829 2595 aliquid
859 2522 995 2587 tale,
1013 2522 1112 2578 sed
1145 2521 1428 2590 lucem,et
1457 2527 1598 2595 puto
1630 2523 1785 2595 quod

117 2622 452 2687 utrumque
503 2612 689 2686 petiit,
741 2610 896 2669 sicut
951 2614 1266 2684 utrumque
1325 2612 1564 2683 accepit.
1603 2613 1783 2676 Quem

119 2723 261 2774 nos,
290 2706 521 2770 fratres,
555 2702 878 2767 imitantes,
911 2705 1184 2772 petamus
1211 2718 1246 2755 a
1275 2700 1390 2756 Deo
1423 2701 1588 2757 Patre
1618 2700 1787 2757 lumi-

119 2811 278 2852 num
338 2809 453 2848 non
513 2787 734 2862 aliquid
791 2787 1217 2855 transitorium,
1253 2789 1356 2844 sed
1414 2788 1644 2858 lucem;
1678 2806 1782 2846 nec

118 2885 322 2942 lucem
356 2896 484 2955 quae
513 2878 642 2935 loco
667 2877 983 2945 clauditur,
1012 2881 1070 2934 et
1104 2883 1366 2950 tempore
1411 2879 1778 2947 terminatur,

115 2974 234 3033 sed
265 2972 458 3028 lucem
495 2968 703 3024 divinae
751 2967 1016 3023 visionis.
1048 2966 1519 3040 lmpetrationem
1554 2967 1778 3036 habuit,

101 3062 269 3138 quia
304 3059 457 3118 sicut
487 3055 885 3132 postulaverat
911 3060 970 3113 et
995 3056 1252 3112 exterius
1280 3060 1337 3112 et
1365 3055 1612 3112 interius
1643 3056 1775 3114 illu-

1903 1913 2158 1969 sponsus
2189 1903 2354 1970 rogat
2382 1899 2570 1954 redire
2603 1917 2879 1972 sponsam
2913 1902 3361 1960 adulterantem.
3387 1906 3548 1963 Unde

1902 1985 2026 2058 ipse
2048 2003 2150 2058 per
2176 1986 2489 2043 Jeremiam
2512 1989 2854 2062 prephetam
2881 1992 3081 2048 Judeze
3107 2009 3242 2048 cum
3269 1995 3545 2050 daemoni-

1901 2074 2012 2131 bus
2028 2075 2379 2132 adulteranti
2401 2076 2614 2133 clamat
2631 2095 2643 2133 :
2659 2080 2724 2136 Si
2744 2080 2992 2136 recedens
3012 2098 3155 2138 uxor
3175 2101 3208 2137 a
3228 2084 3549 2150 viro,dua‘e-

1900 2167 1976 2220 rit
2003 2166 2188 2220 virum
2215 2167 2468 2233 alterum,
2501 2168 2755 2239 nunquid
2784 2176 3080 2226 revertetur
3109 2171 3180 2226 ad
3209 2189 3331 2227 eam
3360 2175 3508 2229 ultra
3527 2179 3552 2228 .9

1897 2254 2152 2326 Nunquid
2177 2272 2286 2312 non
2309 2257 2524 2327 polluta
2553 2264 2604 2312 et
2630 2260 3000 2314 contaminata
3034 2261 3140 2315 erit
3166 2263 3370 2317 mulier
3397 2264 3499 2318 illa
3523 2265 3550 2318 ?

1903 2344 1975 2398 Tu
2001 2351 2182 2399 autem
2208 2347 2482 2415 fornicata
2512 2363 2567 2401 es
2603 2362 2729 2401 cum
2758 2350 3094 2404 amatoribus
3123 2352 3334 2417 multis,
3369 2360 3550 2408 tamen

1897 2440 2164 2488 revertere
2217 2434 2286 2488 ad
2341 2451 2428 2490 me
2476 2435 2612 2490 dicit
2668 2437 2929 2492 Dominus
2979 2443 3118 2504 (Jer.
3155 2443 3259 2507 In).
3315 2442 3548 2505 Quoties

1895 2520 2072 2588 enim,
2101 2522 2306 2578 fratres
2325 2522 2460 2590 mei,
2477 2524 2677 2580 anima
2693 2525 3074 2582 criminaliter
3098 2530 3544 2601 transgreditur,

1893 2610 2066 2666 toties
2097 2609 2427 2683 legi-timum
2458 2629 2739 2684 sponsum
2773 2615 3033 2682 dimittit,
3059 2621 3115 2670 et
3146 2633 3278 2672 cum
3313 2618 3542 2675 diabolo

1893 2699 2236 2755 mcechatur.
2270 2700 2428 2756 Hanc
2478 2706 2672 2757 tamen
2722 2704 2891 2770 hanc,
2924 2704 3166 2760 inﬁnitae
3213 2707 3540 2764 misericor-

1891 2788 2000 2843 diae
2031 2788 2318 2844 Dominus
2349 2789 2638 2859 hortatur,
2670 2797 2735 2846 ut
2765 2794 2981 2860 redeat,
3014 2799 3072 2849 et
3093 2795 3262 2866 juxta
3292 2797 3538 2868 prophe-

1889 2880 2011 2933 tam
2043 2883 2227 2950 rogat,
2245 2882 2310 2933 ut
2339 2879 2542 2934 audiat
2570 2897 2766 2936 vocem
2801 2887 2930 2953 post
2960 2887 3188 2954 tergum
3223 2886 3535 2942 monentis.

1890 2966 2304 3035 Convertimini,
2341 2967 2552 3040 inquit,
2583 2969 2653 3024 ad
2697 2987 2800 3026 me.
2834 2973 2903 3026 Et
2959 2972 3125 3044 quasi
3185 2989 3535 3047 quaeremus,

1888 3057 2182 3130 quomodo
2214 3058 2284 3112 ad
2313 3061 2368 3113 te
2399 3061 2848 3115 convertemur?
2878 3061 3117 3116 Modum
3149 3062 3442 3135 adjungit:
3475 3067 3538 3120 In

116 3124 387 3210 minatus
415 3124 544 3215 fuit,
573 3146 811 3220 quando
859 3146 1080 3202 dictum
1126 3151 1216 3202 est
1243 3147 1296 3202 ei
1329 3163 1344 3202 :
1378 3148 1614 3218 Respice,
1646 3148 1778 3218 ﬁdes
1801 3124 1850 3193 (ἶ
1887 3124 1994 3203 toto
2022 3147 2180 3202 corde
2209 3155 2403 3203 vestro.
2439 3148 2683 3213 Quidam
2718 3153 2857 3205 sunt
2886 3150 2984 3222 qui
3018 3124 3435 3207 convertuntur
3463 3155 3536 3210 ad

107 3251 226 3299 Μ·
260 3248 309 3298 te
354 3239 566 3296 salwm
611 3237 762 3309 fecit,
809 3243 864 3292 et
903 3237 1187 3308 confestim
1237 3235 1393 3292 vidit.
1428 3238 1612 3303 Quem
1644 3253 1772 3304 nos,

105 3332 352 3397 fratres,
385 3326 708 3394 imitantes,
724 3341 833 3381 nos
856 3323 1348 3381 ii-luminationem
1371 3329 1644 3381 aiternam
1669 3324 1775 3380 im-

111 3422 459 3500 petraturos
489 3415 876 3482 conﬁdamus,
909 3411 959 3469 si
990 3413 1048 3468 in
1090 3413 1330 3470 ferventi
1382 3412 1772 3486 postulatione

109 3503 704 3584 persevemverimus.
735 3501 1139 3560 Obedientiam
1168 3503 1396 3572 habuit,
1430 3503 1589 3576 quia,
1618 3508 1773 3576 postr

113 3612 302 3673 quam
331 3594 498 3660 vidit,
528 3610 663 3650 cum
694 3596 934 3648 secutus
961 3596 1070 3648 est.
1104 3591 1268 3649 Videt
1302 3591 1461 3648 enim
1492 3597 1548 3648 et
1573 3593 1768 3665 sequi-

96 3683 240 3758 tur,
272 3685 375 3758 qui
405 3684 625 3740 bonum
653 3681 811 3754 quod
843 3679 1134 3755 intelligit,
1159 3684 1454 3754 operatur.
1469 3682 1631 3746 Quod
1663 3699 1769 3738 nos

113 3775 400 3850 indignos
423 3771 837 3849 predieatores
862 3769 1178 3844 redarguit,
1199 3771 1298 3843 qui
1332 3787 1435 3843 per
1462 3770 1767 3827 scientiam

110 3867 414 3931 videmus,
443 3865 502 3919 et
531 3867 726 3917 tamen
753 3876 858 3932 per
883 3859 1281 3933 operationem
1327 3859 1620 3915 Christum
1650 3877 1766 3918 non

112 3953 446 4031 sequimur.
475 3950 644 4006 Viam
678 3948 813 4005 aliis
841 3949 1336 4015 demonstremus,
1351 3953 1409 4004 et
1432 3954 1628 4006 tamen
1658 3967 1766 4006 nos

93 4057 364 4126 pergere
392 4058 509 4097 non
551 4055 850 4095 curamus.
885 4037 1230 4094 Moneamus
1283 4037 1465 4110 igitur
1514 4043 1763 4108 nosmet,

105 4134 332 4191 fratres
353 4127 712 4194 charissimi,
742 4127 814 4182 ad
843 4126 1177 4184 faciendum
1227 4127 1384 4198 quod
1433 4126 1674 4196 scim-us,
1709 4133 1767 4184 et

98 4222 270 4296 quod
303 4217 711 4293 praedicamus,
735 4215 1014 4287 quoniam
1047 4231 1250 4270 servus
1283 4215 1476 4272 sciens
1505 4215 1765 4272 volunta-

109 4317 229 4369 tem
263 4307 488 4366 domini
517 4305 631 4370 sui,
663 4307 723 4360 et
770 4320 887 4359 non
936 4303 1178 4372 faciens,
1233 4303 1420 4376 plagis
1467 4304 1766 4376 vapulabit

108 4399 318 4458 multis
344 4398 493 4472 (Luc.
537 4398 656 4462 xu).
693 4392 1023 4448 Gratiarum
1055 4407 1290 4464 quoque
1335 4392 1624 4448 actionem
1656 4410 1762 4448 can-

1879 3235 2090 3302 Deum,
2107 3237 2207 3292 sed
2231 3253 2346 3292 non
2372 3236 2430 3291 in
2453 3241 2570 3293 toto
2599 3239 2789 3294 corde.
2809 3238 2933 3293 Non
2965 3239 3120 3294 enim
3145 3240 3203 3294 in
3224 3244 3345 3296 toto
3367 3243 3538 3298 corde

1883 3325 1954 3380 ad
1987 3325 2172 3381 Deum
2204 3325 2581 3392 convertitur,
2607 3326 2702 3397 qui
2739 3327 3034 3398 quoddam
3065 3328 3271 3384 vitium
3304 3335 3539 3403 propter

1883 3414 2068 3470 Deum
2081 3413 2317 3481 deserit,
2336 3413 2464 3470 etin
2480 3415 2592 3470 alio
2616 3415 2806 3470 adhuc
2826 3421 3105 3470 moratur.
3123 3420 3306 3486 Quod,
3333 3418 3538 3476 fratres

1883 3503 2018 3569 mei,
2052 3503 2292 3559 omnino
2325 3520 2651 3560 caveamus.
2688 3505 2836 3558 Nam
2886 3505 3158 3577 impietas
3207 3512 3297 3562 est
3339 3525 3374 3562 a
3398 3509 3532 3574 Deo,

1879 3591 1981 3664 qui
2004 3609 2240 3648 summa
2251 3591 2485 3664 justitia
2507 3597 2618 3662 est,
2639 3593 2869 3649 veniam
2893 3610 3126 3668 sperare
3143 3594 3533 3655 dimidiatam.

1879 3681 2062 3738 Diaum
2085 3681 2241 3737 enim
2265 3686 2367 3737 aut
2387 3681 2585 3737 omnia
2615 3681 2879 3754 dimittit,
2905 3688 3005 3738 aut
3033 3683 3201 3739 nihil.
3225 3686 3535 3757 Propterea

1876 3770 2021 3843 quid
2052 3772 2312 3842 prodest,
2345 3772 2553 3827 fratres
2586 3772 2720 3839 mei,
2757 3772 3014 3829 sauciato
3067 3773 3264 3829 omnia
3292 3774 3533 3832 vulnera

1876 3875 2136 3926 curasse,
2162 3859 2211 3915 si
2237 3876 2420 3915 unum
2452 3865 2630 3916 restat
2662 3862 3029 3916 mortiferum
3054 3863 3082 3917 ?
3111 3863 3261 3929 Quid
3297 3865 3531 3936 prodest

1875 3947 2051 4004 etiam
2083 3966 2288 4004 omnes
2314 3949 2508 4004 aditus
2538 3951 2713 4004 castri
2746 3951 3139 4017 obserasse,si
3165 3969 3319 4006 unus
3350 3957 3531 4008 restat

1875 4042 2112 4110 apertus
2143 4054 2247 4110 per
2275 4054 2450 4109 quem
2491 4038 2676 4093 irruat
2705 4037 2982 4093 inimicus
3001 4038 3028 4092 ‘I
3061 4039 3285 4109 Itaque,
3321 4040 3527 4096 fratres

1876 4127 2012 4193 mei,
2027 4125 2224 4182 omnia
2254 4130 2489 4197 peccata
2511 4144 2545 4182 θ,
2567 4126 2733 4182 nobis
2756 4130 3110 4191 avertamus,
3131 4133 3192 4181 ut
3207 4131 3326 4182 toto
3358 4130 3528 4184 corde

1874 4216 1945 4271 ad
1974 4215 2157 4271 Deum
2196 4220 2620 4270 convertamur.
2656 4216 2767 4271 Sed
2823 4231 2927 4270 nec
2976 4215 3084 4269 hoc
3143 4216 3380 4284 sufﬁcit,
3415 4218 3528 4274 nisi

1873 4307 2202 4376 perpetrata
2220 4302 2398 4358 etiam
2421 4309 2659 4374 peccata
2674 4303 2733 4358 in
2749 4303 2917 4358 nobis
2941 4303 3276 4375 puniamus.
3300 4305 3530 4363 Undeet

1872 4393 2074 4448 subdit
2105 4408 2118 4446 :
2151 4391 2210 4446 In
2233 4392 2468 4463 jejunio,
2519 4401 2569 4447 et
2605 4394 2755 4462 ﬂetu,
2805 4402 2857 4448 et
2909 4393 3160 4464 planctu.
3203 4394 3264 4448 In
3297 4395 3528 4452 duobus

95 4505 209 4548 ουδ’
234 4483 634 4545 illuminatori
695 4497 802 4538 suo
859 4481 998 4552 egit,
1049 4485 1108 4535 et
1157 4478 1303 4536 alios
1361 4479 1625 4553 exemplo
1655 4499 1762 4538 suo
1797 4498 1842 4562 ο
1872 4481 2028 4536 enim
2056 4496 2190 4537 vera
2237 4479 2509 4536 consistit
2558 4479 2922 4551 pmnitentia,
2955 4479 3012 4535 in
3042 4480 3354 4537 evitatione
3386 4499 3520 4554 pec-

99 4593 268 4654 agere
293 4575 451 4645 fecit,
472 4572 770 4647 quoniam
789 4569 1198 4642 subjungitur:
1213 4571 1278 4625 Et
1298 4569 1623 4642 sequebatur
1641 4587 1766 4627 eum

100 4666 460 4740 mgniﬁeuns
518 4664 714 4719 Deum.
746 4661 812 4716 Et
867 4660 1047 4715 omnis
1089 4658 1262 4730 plebs,
1311 4666 1376 4713 ut
1420 4659 1574 4727 vidit,
1608 4659 1756 4716 dedit

107 4755 317 4813 εοτιάετη
351 4756 479 4811 Deo.
511 4750 630 4808 Nos
663 4765 916 4823 quoque,
950 4748 1158 4809 fratres
1191 4746 1324 4816 mei,
1350 4747 1421 4803 de
1450 4747 1756 4806 immensis

85 4838 404 4906 beneﬁciis
460 4857 580 4897 non
634 4837 824 4896 simus
879 4835 1118 4910 ingrati,
1153 4836 1253 4892 sed
1281 4853 1350 4892 ex
1391 4840 1513 4892 toto
1560 4837 1753 4905 corde,

110 4933 279 4992 verba
308 4934 556 5002 etepere
585 4927 806 5001 gratiae
831 4925 1244 4999 agmesmjus
1266 4923 1758 4998 laudibus,quan-

115 5026 238 5079 tum
288 5017 609 5094 possimus,
641 5017 700 5071 in
759 5015 868 5071 hoc
926 5013 1137 5070 saeculo
1192 5012 1561 5082 insistemus,
1595 5019 1660 5072 ut
1697 5015 1755 5070 in

114 5114 388 5166 sternam
411 5121 550 5163 eum
567 5103 762 5160 videre
779 5103 1100 5160 et‘lsudare
1129 5117 1477 5160 mereamur.
1503 5103 1610 5158 Per
1639 5104 1750 5159 Do-

113 5198 335 5257 minum
366 5197 636 5253 nostrum
665 5194 867 5251 Jesum
884 5192 1210 5259 Christum,
1227 5192 1325 5264 qui
1347 5208 1482 5247 cum
1505 5196 1673 5250 Patre
1697 5197 1754 5250 et

114 5288 324 5363 Spiritu
345 5288 556 5344 sancto
569 5283 710 5340 vivit
725 5286 789 5339 et
809 5286 1014 5356 regnat
1036 5286 1184 5338 Deus
1207 5297 1307 5354 per
1329 5281 1526 5336 omnia
1542 5282 1753 5338 siccula

116 5377 452 5436 seculorum
485 5374 685 5430 Amen.

1874 4570 2078 4635 cati,et
2108 4568 2505 4625 satisfactione
2534 4568 2858 4624 commissi.
2881 4569 3230 4626 Poenitentia
3257 4571 3415 4626 enim
3439 4577 3528 4629 est

1864 4662 2194 4730 perpetrata
2211 4656 2365 4713 mala
2382 4657 2740 4731 plangere,et
2761 4658 3100 4732 plangenda
3121 4676 3236 4713 non
3254 4660 3524 4716 commit-

1865 4752 2005 4804 tere.
2033 4748 2110 4802 Ad
2135 4752 2454 4818 utrumque
2485 4747 2578 4803 hic
2611 4753 2811 4803 monet
2841 4765 2946 4803 nos
2970 4765 3041 4802 ne
3072 4747 3523 4804 committamus

1865 4835 2216 4909 plangenda,
2249 4852 2384 4891 cum
2415 4836 2496 4890 ait
2529 4854 2542 4890 :
2578 4837 2978 4892 Convertimini
3011 4838 3070 4891 in
3100 4844 3206 4892 toto
3237 4836 3396 4892 corde
3422 4854 3436 4903 ;
3467 4842 3525 4892 et

1865 4925 2216 4998 plangamus
2247 4929 2600 4996 perpetrata,
2635 4942 2769 4980 cum
2820 4925 2901 4980 ait
2935 4941 2948 4981 :
2981 4929 3046 4980 In
3071 4925 3287 4996 jejunio
3317 4933 3367 4980 et
3395 4927 3523 4995 ﬂetu

1864 5022 1915 5070 et
1941 5016 2185 5086 planctu,
2215 5021 2267 5070 et
2293 5013 2521 5069 scindite
2572 5014 2735 5069 corda
2785 5022 2958 5069 vestra
2988 5022 3038 5070 et
3068 5030 3180 5068 non
3208 5015 3522 5070 vestimenta

1858 5112 2053 5159 vestra.
2089 5103 2194 5157 Per
2221 5103 2330 5158 hoc
2373 5103 2530 5158 enim
2563 5103 2884 5159 satisfactio
2916 5104 2988 5158 de
3017 5103 3351 5158 commissis
3384 5120 3523 5175 pec-

1861 5191 2004 5247 catis
2037 5190 2204 5246 nobis
2239 5192 2840 5264 demonstratur,qua3
2865 5192 3134 5248 consistit
3153 5192 3210 5247 in
3232 5191 3444 5258 tribus,
3463 5193 3523 5248 in

1863 5280 2261 5338 satisfactione
2319 5280 2534 5352 operis,
2567 5279 2626 5334 in
2685 5281 3134 5354 compunctione
3192 5282 3432 5351 mentis,
3463 5282 3522 5337 in

1863 5369 2228 5427 confessione
2258 5369 2398 5424 oris.
2421 5373 2599 5424 Porro
2617 5371 2686 5426 ad
2708 5370 3170 5426 satisfactionem
3202 5371 3394 5442 operis
3419 5389 3524 5426 nos

1862 5459 2135 5515 hortatur
2165 5475 2299 5514 cum
2332 5457 2494 5526 dicit,
2529 5461 2591 5513 in
2620 5459 2854 5530 jejunio.
2889 5460 2958 5516 Et
2989 5459 3129 5532 quia
3162 5477 3277 5515 non
3307 5459 3526 5515 sufﬁcit

1862 5549 1989 5604 sine
2000 5545 2190 5605 cordis
2209 5546 2464 5618 pmnitud
2473 5545 2567 5604 ine
2581 5551 2639 5603 et
2654 5549 3122 5620 compunctione,
3138 5549 3479 5618 subscquen
3491 5579 3516 5592 -
