3990 6516
474 269 629 332 1779
1482 264 1881 326 ADDENDA.
1917 298 1991 309 -—
2021 262 2418 327 RADULPHI
2460 261 2876 327 ARDENTIS.
3755 256 3911 323 i733

470 381 560 434 ter
579 375 651 433 ad
672 370 1180 447 compunctionem
1210 369 1425 428 mentis
1456 387 1563 427 nos
1593 370 1861 426 hortatur
1885 388 2018 427 cum
2037 373 2119 427 di-
2147 372 2202 438 Α
2232 388 2348 428 non
2374 389 2387 440 ;
2419 374 2562 428 sicut
2591 375 2648 428 et
2677 372 2774 428 ibi.
2803 370 3019 443 Quibus
3066 370 3262 444 juravi
3290 370 3350 426 in
3378 369 3465 425 ira
3492 385 3628 426 mea
3659 388 3683 424 :
3713 370 3798 425 Si
3830 372 3910 425 ia-

473 466 571 533 cit,
603 467 665 522 in
693 465 826 535 ﬂetu
852 471 904 519 et
943 463 1189 534 planctu.
1225 461 1332 516 Per
1378 459 1579 516 ﬂetum
1621 461 1834 534 quippe
1866 466 1923 518 et
1952 461 2120 535 plan-
2228 461 2470 517 troibunt
2499 462 2556 516 in
2586 463 2832 534 requiem
2883 477 3061 517 meam
3081 460 3252 529 (Psal.
3286 462 3494 528 xcxrv).
3525 460 3612 515 Ac
3648 457 3706 514 si
3744 458 3911 514 dica-

473 560 653 622 ctum,
678 552 917 610 interior
938 551 1308 624 compunctio
1327 550 1614 607 sacerdoti
1632 550 1989 624 propalatur.
2006 552 2119 608 Sed

471 644 613 718 quia
642 659 748 699 nec
776 641 967 715 operis
999 640 1342 706 satisfactio,
1369 656 1472 695 nec
1502 638 1715 695 mentis
1746 641 2118 713 compunctio

472 731 693 789 sufﬁcit
724 728 997 786 sine-oris
1030 728 1394 784 confessione
1424 728 1664 784 habenti
1694 733 1926 803 tempus
1952 735 2008 787 et
2039 730 2120 787 lo-

473 839 630 890 cum,
664 821 736 875 ad
786 818 1208 875 confessionem
1251 834 1358 873 nos
1406 818 1693 887 hortatur,
1728 836 1862 875 cum
1895 819 2116 888 subdit,

471 919 523 968 et
566 908 796 966 scindite
838 907 1000 963 corda
1050 914 1243 962 vestra.
1276 906 1521 972 Quidam
1567 908 1783 964 etenim
1833 914 1970 965 sunt
2019 912 2117 983 qui

471 1001 710 1074 peccata
755 1013 864 1054 sua
910 999 1107 1052 tenent
1144 996 1487 1052 abscondita
1515 996 1575 1052 in
1606 998 1798 1067 corde,
1835 1002 2117 1072 tanquam

472 1087 844 1164 putredinem
875 1086 937 1141 in
968 1084 1181 1141 ulcere.
1216 1087 1327 1141 Sed
1359 1086 1540 1153 scitis,
1574 1088 1780 1143 fratres
1811 1087 1946 1157 mei,
1981 1089 2122 1161 quia

474 1177 643 1235 ulcus
674 1193 790 1233 non
839 1178 1100 1241 sanatur,
1132 1174 1248 1229 nisi
1305 1175 1550 1247 putredo
1608 1174 1772 1248 prius
1828 1176 2116 1248 ejiciatur.

474 1267 547 1325 Ut
566 1283 703 1340 ergo
724 1264 921 1321 ulcera
950 1263 1142 1320 cordis
1173 1265 1356 1320 nostri
1387 1269 1685 1333 sanentur,
1709 1268 1955 1338 putredo
1986 1285 2118 1341 pec-

476 1359 740 1413 catorum
773 1370 876 1427 per
904 1352 1329 1409 confessionem
1361 1353 1812 1426 propaletur.Ad
1839 1355 1969 1425 hoc,
2004 1357 2118 1412 fra-

476 1450 597 1502 tres
628 1443 763 1512 mei,
796 1459 902 1498 nos
929 1440 1199 1497 hortatur
1247 1442 1510 1515 exemplo
1541 1442 1633 1499 sui
1680 1447 1737 1500 et
1783 1444 1933 1501 alius
1980 1462 2119 1518 pro-

474 1535 652 1608 pheta
678 1532 751 1588 ad
774 1530 1097 1604 jejunium,
1127 1547 1262 1587 cum
1294 1531 1375 1587 ait
1408 1548 1422 1586 :
1456 1533 1642 1589 Genua
1674 1550 1797 1590 mea
1838 1536 2122 1607 inﬁrmata

471 1630 601 1679 sunt
626 1638 661 1677 a
680 1621 896 1693 jejunio
923 1621 1096 1689 (Psal.
1129 1620 1326 1693 cvm);
1360 1624 1416 1676 et
1443 1619 1584 1676 alibi
1619 1639 1631 1677 :
1669 1622 1810 1690 Quia
1854 1624 1996 1679 sicut
2038 1625 2119 1679 ci-

472 1727 659 1769 nerem
683 1718 950 1809 tanquam
962 1725 1165 1781 panem
1192 1709 1593 1814 manducabam
1625 1710 1793 1784 (Psal.
1814 1712 1885 1783 cu)
1914 1731 1926 1780 ;
1960 1716 2015 1767 et
2046 1713 2117 1767 ad
2147 1748 2196 1814 B

473 1798 1155 1873 compunctionem,cum
1175 1798 1375 1855 subdit
1398 1817 1411 1867 ;
1439 1807 1490 1855 et
1515 1801 1774 1872 poculum
1800 1818 1982 1857 meum
1997 1818 2121 1856 cum

470 1892 603 1963 ﬂetu
630 1889 925 1946 miseebam
955 1888 1140 1961 (Ibid.)
1170 1890 1240 1944 Et
1269 1888 1407 1945 alibi
1437 1907 1450 1944 :
1484 1890 1524 1944 Α
1554 1906 1676 1947 voce
1728 1893 1966 1964 gemitus
2012 1894 2122 1947 mei

472 1980 706 2038 adhaesit
734 1994 791 2035 os
819 1993 1002 2034 meum
1027 1980 1190 2033 carni
1216 1994 1351 2035 mea?
1378 1978 1586 2051 (Ibid)
1618 1979 1794 2043 Quasi
1854 1979 2072 2037 diceret
2103 1996 2116 2035 :

474 2069 700 2127 Tantus
729 2070 854 2123 erat
880 2065 1045 2122 dolor
1068 2067 1323 2139 gemitus
1351 2066 1486 2134 mei,
1520 2069 1675 2140 quod
1704 2085 1839 2125 ossa
1868 2069 2122 2125 adhaese-

474 2162 613 2215 runt
642 2173 784 2213 mete
815 2155 995 2212 carni.
1029 2156 1099 2211 Et
1141 2156 1275 2228 quis
1324 2163 1594 2213 nostrum
1654 2158 2120 2215 miserrimorum

474 2250 847 2320 peccatorum
877 2243 1015 2300 facit
1051 2243 1243 2311 hodie,
1275 2263 1402 2317 quae
1453 2244 1549 2301 ille
1600 2250 1719 2302 tam
1766 2264 2017 2321 magnus
2066 2252 2123 2304 et

474 2339 599 2392 tam
629 2337 871 2391 sanctus
901 2331 1042 2389 dicit
1070 2350 1134 2390 se
1162 2332 1407 2391 fecisse?
1434 2334 1592 2391 Idem
1623 2353 1830 2391 rursus
1857 2335 2122 2409 exemplo

474 2423 568 2481 sui
598 2424 671 2480 ad
701 2422 1129 2479 confessionem
1162 2439 1269 2479 nos
1298 2422 1585 2494 hortatur,
1600 2441 1734 2481 cum
1767 2424 1937 2481 dicit:
1971 2426 2124 2483 Deli-

472 2521 621 2570 ctum
647 2528 830 2569 meum
856 2514 1136 2582 cognitum
1182 2512 1284 2568 tibi
1326 2515 1453 2585 feci,
1486 2522 1538 2570 et
1568 2514 1903 2586 injustitiam
1946 2532 2124 2571 meam

473 2617 585 2659 non
638 2600 917 2657 abscondi.
973 2600 1113 2657 Dixi
1143 2619 1161 2656 :
1205 2600 1506 2671 Gonﬁtebor
1560 2602 1892 2674 injustitiam
1946 2619 2125 2659 meam

472 2691 721 2759 Domino,
754 2697 807 2746 et
834 2698 894 2745 tu
921 2690 1185 2746 remisisti
1212 2691 1548 2762 impietatem
1568 2693 1786 2764 peccati
1811 2693 1922 2748 mei
1948 2693 2118 2762 (Psal.

471 2782 648 2854 χχιιι).
683 2780 857 2837 Porro
890 2780 950 2835 in
996 2779 1106 2836 hoc
1154 2781 1311 2852 quod
1361 2784 1672 2854 postquam
1722 2782 1804 2837 ait
1836 2799 1849 2837 :
1882 2784 2125 2840 Scindite

469 2870 635 2928 corda
662 2877 859 2937 vestra,
893 2868 1182 2941 adjungit,
1215 2877 1264 2925 et
1294 2885 1403 2925 non
1432 2872 1747 2927 vestimenta
1779 2879 1974 2938 vestra,
1998 2890 2122 2929 mo-

472 2977 594 3017 rem
653 2958 1030 3033 reprehendit
1086 2958 1447 3026 Judaeorum,
1483 2957 1585 3030 qui
1616 2959 1675 3013 in
1708 2958 2122 3017 afﬂictionibus

471 3048 821 3107 scindebant
850 3048 1195 3105 vestimenta
1216 3065 1345 3114 sua,
1363 3048 1550 3122 magis
1581 3066 1757 3129 quam
1786 3050 1964 3106 corda
1992 3069 2118 3107 sua.

2228 553 2362 605 tur:
2397 549 2608 606 Nullus
2637 549 2795 606 novit
2824 550 2982 622 quod
3014 553 3165 604 Deus
3190 565 3306 604 non
3336 552 3759 614 convertatur,
3793 547 3904 603 imo

2230 655 2460 711 semper
2471 640 2543 695 ad
2558 656 2665 695 nos
2684 655 2819 694 cum
2841 637 3093 695 converti
3110 654 3343 710 sperare
3355 637 3559 710 potius
3572 638 3900 703 debemus,
3966 698 3967 709 χ

2230 727 2368 801 quia
2415 729 2581 802 piger
2630 729 2702 784 ad
2753 744 2974 801 pcenas,
3009 743 3267 799 praeceps
3298 727 3371 781 ad
3400 725 3685 798 praemia,
3718 725 3897 797 velox,
3966 726 3967 795 ξ

2230 835 2336 874 nec
2383 817 2759 875 obliviscetur
2806 815 3069 873 misereri
3119 816 3295 885 Deus,
3326 831 3431 871 nec
3470 814 3825 871 continebit
3850 818 3897 870 in

2229 907 2317 964 ira
2347 925 2455 964 sua
2482 906 2915 964 misericordias
2946 923 3083 962 suas
3113 905 3288 975 (Psal.
3323 908 3532 973 Lxxvi).
3565 905 3699 961 Sed
3731 904 3897 960 relin-

2229 1002 2412 1070 quent
2441 1002 2575 1070 post
2604 1014 2686 1064 se,
2707 996 2762 1052 id
2787 1001 2899 1066 est,
2917 994 3233 1061 conversis,
3264 993 3787 1060 benedictionem,
3817 1013 3895 1052 sa-

2228 1086 2514 1144 crificium
2532 1090 2589 1142 et
2605 1086 2882 1143 libamen.
2900 1083 3230 1142 Benedictio
3262 1082 3475 1139 dicitur
3495 1084 3774 1151 donum,
3793 1084 3897 1140 sive

2227 1175 2432 1250 gratia,
2467 1174 2874 1248 realiter,quia
2904 1178 3140 1248 propter
3168 1190 3297 1230 eam
3326 1173 3561 1229 donans
3592 1172 3895 1228 benedici-

2228 1270 2341 1321 tur.
2362 1264 2726 1322 Sacriﬁcium
2756 1281 2891 1321 vero
2921 1264 3099 1321 fiebat
3129 1261 3267 1320 olim
3298 1262 3368 1318 de
3398 1261 3737 1329 carnibus;
3760 1262 3893 1317 libs-

2229 1372 2362 1412 men
2394 1356 2464 1411 de
2495 1354 2757 1427 liquidis.
2793 1354 2988 1421 Porro,
3023 1353 3232 1409 fratres
3263 1350 3399 1419 mei,
3431 1350 3582 1407 dum
3620 1356 3894 1423 peccator

2229 1448 2557 1516 perseverat
2584 1443 2645 1499 in
2672 1447 2931 1517 peccato,
2963 1443 3080 1498 Deo
3111 1457 3217 1498 nec
3255 1439 3625 1508 benedicere,
3666 1456 3786 1496 nec
3812 1457 3891 1495 sa-

2229 1533 2509 1601 criﬁcare,
2543 1549 2648 1589 nec
2679 1532 2863 1588 libare
2910 1535 3137 1605 potest;
3171 1529 3310 1603 quia
3361 1546 3462 1586 nec
3516 1537 3602 1585 est
3652 1532 3889 1601 speciosa

2229 1625 2351 1679 laus
2399 1625 2461 1679 in
2515 1639 2606 1679 ore
2656 1624 2957 1694 peccatoris
2988 1621 3174 1693 (Eccti.
3208 1620 3322 1691 xv).
3350 1620 3420 1675 Et
3440 1619 3620 1690 juxta
3658 1618 3888 1692 sapien-

2228 1716 2367 1779 tem,
2400 1713 2640 1769 victim
2668 1713 2969 1784 impiorum
2995 1709 3392 1766 abominabiles
3421 1710 3611 1777 (Prov.
3632 1713 3763 1776 xv).
3792 1709 3886 1765 Sed

2236 1803 2384 1858 Deus
2441 1817 2756 1857 conversus
2812 1801 2913 1856 dat
2964 1797 3253 1872 peccatori
3306 1797 3582 1871 gratiam,
3617 1798 3888 1871 aperiens

2229 1892 2358 1964 ejus
2390 1890 2564 1958 labia,
2599 1889 2763 1964 prius
2803 1890 2863 1945 in
2911 1890 3050 1956 vita,
3081 1892 3147 1943 ut
3181 1889 3306 1960 jam
3354 1903 3488 1942 eum
3540 1887 3889 1944 benedicere

2230 1980 2443 2054 possit;
2477 1981 2578 2036 dat
2609 1985 2666 2036 et
2693 1979 2744 2035 ei
2776 1977 3154 2047 sacriﬁcium,
3180 1977 3237 2034 id
3269 1979 3359 2034 est
3387 1976 3608 2032 mentis
3639 1977 3890 2033 devotio-

2232 2084 2365 2123 nem
2395 2066 2529 2139 igne
2558 2066 2745 2122 sancti
2788 2065 3042 2137 Spiritus
3090 2067 3545 2131 concrematam,
3582 2064 3753 2121 unde
3780 2064 3885 2121 Deo

2231 2155 2558 2233 sacriﬁcare
2586 2159 2643 2213 et
2673 2153 2897 2227 placere
2927 2153 3261 2227 possit.Dat
3276 2169 3508 2226 quoque
3528 2153 3587 2209 ei
3606 2153 3881 2221 libamen,

2230 2245 2289 2302 id
2321 2249 2431 2314 est,
2462 2244 2854 2318 lacrymosam
2893 2242 3468 2316 contemplationem,
3501 2260 3626 2316 qua
3651 2243 3756 2300 hic
3783 2261 3882 2301 caa-

2231 2334 2402 2392 lestia
2430 2333 2780 2402 desiderare,
2803 2336 2859 2389 et
2888 2332 3325 2406 quodammodo
3346 2330 3656 2404 prmlibare
3684 2334 3877 2405 possit.

2231 2425 2478 2481 Oremus
2508 2439 2644 2497 ergo
2673 2439 2828 2490 eum,
2849 2422 3058 2478 fratres
3091 2421 3225 2491 mei,
3248 2426 3313 2477 ut
3340 2421 3677 2479 secundum
3704 2422 3878 2478 inﬁni-

2233 2505 2354 2570 tam
2403 2530 2574 2570 suam
2625 2510 3087 2568 misericordiam
3136 2514 3505 2568 convertatur
3531 2517 3594 2567 et
3622 2511 3878 2585 ignoscat

2231 2603 2387 2659 Deus
2412 2601 2600 2670 nobis,
2616 2605 2674 2658 et
2704 2600 2999 2674 relinquat
3026 2600 3197 2657 nobis
3222 2602 3356 2673 post
3373 2617 3435 2656 se
3460 2600 3773 2657 conversis
3798 2602 3876 2657 be-

2232 2690 2622 2748 nedictionem
2666 2690 2863 2763 gratiae
2907 2707 3047 2759 ευω,
3079 2689 3235 2745 unde
3291 2690 3486 2761 ipsum
3542 2690 3873 2747 benedicere

2231 2780 2633 2848 valeamus;et
2653 2778 3007 2836 sacriﬁcium
3039 2778 3231 2836 cordis
3263 2777 3452 2835 devoti
3474 2783 3531 2835 et
3546 2779 3874 2852 compuncti

2233 2886 2429 2926 amore
2460 2886 2568 2926 suo
2598 2869 3142 2939 concremati,unde
3157 2867 3353 2941 ipsum
3382 2866 3679 2924 delectare
3702 2870 3873 2942 possi-

2233 2975 2404 3027 mus;
2439 2963 2497 3015 et
2541 2958 2794 3015 libamen
2846 2957 3239 3031 lacrymarum
3289 2957 3707 3030 contemplari,
3742 2958 3875 3013 unde

2232 3047 2478 3121 gloriam
2507 3047 2786 3105 bonitatis
2806 3065 2925 3103 suae
2946 3047 3006 3102 in
3030 3047 3141 3103 hac
3162 3046 3310 3103 valle
3329 3046 3734 3120 lacrymarum
3757 3065 3875 3121 pre

470 3137 728 3202 Quorum
757 3135 933 3192 etiam
964 3134 1134 3192 hodie
1164 3133 1387 3191 similes
1417 3139 1557 3190 sunt
1585 3124 1683 3208 qui
1716 3136 2116 3208 pcnnitentiam
2149 3124 2193 3193 C
2231 3137 2430 3203 libare,
2464 3137 2902 3210 praesuspirare,
2934 3142 2994 3194 et
3022 3135 3471 3210 predesiderare
3501 3154 3818 3211 queamus.

472 3225 663 3300 magis
691 3224 751 3280 in
783 3224 1168 3281 exterioribus
1198 3223 1399 3281 volunt
1429 3227 1937 3298 ostentare,quam
1962 3226 2017 3282 in
2038 3227 2123 3284 in-

473 3314 786 3372 terioribus
815 3314 1049 3371 habere.

547 3403 828 3477 Sequitur
847 3420 984 3475 pars
1005 3403 1345 3469 secunda,in
1360 3421 1479 3476 qua
1498 3405 1659 3475 ponit
1680 3422 1917 3463 causam
1940 3424 2121 3480 quare

475 3494 794 3549 debeamus
823 3493 1097 3549 converti.
1131 3494 1276 3562 Quia
1308 3496 1595 3563 benignus,
1628 3493 1845 3567 inquit,
1875 3505 1925 3552 et
1956 3499 2116 3552 misc-

459 3584 644 3638 ricors
673 3589 769 3650 est,
791 3582 1007 3653 patiens
1044 3589 1094 3636 et
1142 3582 1378 3637 multum
1423 3584 1753 3650 misericors,
1780 3587 2118 3656 praestabilis

469 3687 634 3744 super
658 3669 1087 3735 malitia.Quasi
1115 3669 1359 3725 diceret:
1378 3670 1791 3727 Convertimini
1814 3674 1887 3729 ad
1909 3674 2113 3742 Deum,

471 3758 611 3831 quia
639 3758 737 3815 ille
768 3758 953 3815 facilis
982 3762 1072 3814 est
1101 3759 1175 3815 ad
1206 3757 1625 3831 recipiendum,
1657 3761 1798 3833 quia
1827 3762 2116 3837 benignus

469 3852 559 3903 est
586 3846 947 3916 naturaliter,
981 3851 1038 3903 et
1066 3864 1237 3903 omne
1268 3848 1489 3904 bonum
1520 3848 1873 3922 diligens.Et
1896 3853 2117 3909 miseri-

469 3952 598 3993 cors
627 3935 805 3993 etiam
837 3952 976 4010 erga
1004 3939 1358 4009 pecca‘ores,
1392 3937 1491 4010 qui
1522 3955 1637 3994 non
1670 3939 1718 3993 si
1752 3940 1951 3997 statim
1982 3959 2115 3998 con-

465 4029 785 4094 vertantur,
816 4024 943 4098 ipse
972 4029 1168 4082 tamen
1199 4029 1288 4082 est
1317 4026 1567 4099 patiens,
1600 4043 1698 4084 eos
1728 4029 1799 4084 ad
1834 4030 2115 4102 poeniten-

464 4113 608 4170 tiam
642 4118 1004 4188 exspectans.
1038 4114 1145 4179 Qui
1196 4114 1245 4170 si
1294 4115 1613 4172 abutantur
1660 4117 1758 4172 Dei
1808 4119 2110 4190 patientia,

465 4202 715 4259 crimina
734 4203 1083 4260 criminibus
1104 4204 1405 4273 addentes,
1434 4205 1557 4277 ipse
1573 4209 1768 4263 tamen
1790 4225 1966 4281 super
1983 4227 2113 4282 pec-

465 4296 597 4349 cata
612 4291 798 4349 multa
811 4297 901 4349 est
913 4292 1167 4348 multum
1183 4292 1600 4363 misericors,in
1614 4299 1843 4352 tantum
1858 4299 2110 4356 utetiam

465 4380 544 4438 sit
565 4381 915 4454 praestabilis
938 4399 1115 4455 super
1134 4381 1442 4452 malitia,id
1455 4387 1543 4440 est
1562 4385 1690 4456 ejus
1713 4385 2113 4444 misericordia

2301 3224 2577 3300 Sequitur
2601 3244 2737 3300 pars
2767 3225 2960 3298 tertia,
2980 3227 3037 3281 in
3059 3243 3177 3299 qua
3196 3226 3298 3299 qui
3328 3227 3591 3282 converti
3614 3227 3874 3291 debeant,

2230 3318 2504 3373 ostendit.
2539 3318 2730 3373 Canite
2780 3318 2913 3372 tuba
2969 3317 3026 3371 in
3081 3317 3242 3386 Sion,
3294 3320 3404 3372 etc.
3457 3316 3699 3371 Fratres
3757 3316 3873 3380 mei,

2229 3405 2398 3478 plaga
2429 3406 2719 3479 generalis
2747 3404 3004 3480 generali
3034 3404 3258 3479 indiget
3288 3403 3604 3460 medicina.
3639 3404 3695 3459 Si
3731 3404 3871 3460 enim

2231 3512 2383 3551 unus
2406 3494 3025 3568 peccasset,singulari
3058 3494 3312 3551 remedio
3340 3492 3535 3549 curari
3573 3492 3868 3564 potuisset.

2228 3585 2340 3640 Sed
2373 3585 2528 3640 sicut
2555 3584 2696 3640 olim
2724 3583 2783 3639 in
2805 3587 3067 3655 tempore
3095 3580 3554 3651 Judaeorumﬁta
3575 3584 3641 3637 et
3655 3581 3869 3638 nuncin

2225 3677 2486 3745 tempore
2516 3671 2981 3729 Christianorum
2999 3675 3231 3732 :Omnes
3255 3669 3699 3727 declinaverunt
3716 3671 3870 3727 simul

2225 3762 2458 3818 inutiles
2486 3763 2631 3833 facti
2648 3771 2802 3828 sunt,
2832 3778 2944 3819 non
2973 3768 3059 3818 est
3090 3760 3189 3834 qui
3214 3759 3400 3833 faciat
3420 3760 3869 3829 bonum,nonest

2224 3868 2400 3923 usque
2429 3852 2506 3907 ad
2538 3868 2715 3908 unum
2742 3853 2919 3922 (Psal.
2934 3851 3163 3923 xm).Et
3183 3850 3335 3913 sicut
3354 3848 3436 3904 ait
3458 3848 3653 3905 Isaias
3677 3868 3693 3905 :
3713 3853 3871 3910 Omne

2222 3951 2395 4012 caput
2423 3942 2780 4013 languidum,
2794 3951 3025 3997 etomne
3041 3956 3144 3997 cor
3166 3954 3432 4010 marcus,
3451 3955 3490 3994 a
3501 3939 3721 4008 planta
3730 3940 3872 4009 pedis

2222 4047 2398 4105 usque
2416 4031 2495 4088 ad
2513 4032 2781 4088 verticem
2805 4047 2917 4086 non
2938 4038 3022 4086 cst
3044 4030 3102 4085 in
3122 4046 3189 4085 eo
3209 4027 3457 4083 sanitas.
3482 4028 3656 4094 (Isai.
3672 4029 3736 4099 ι).
3756 4028 3873 4085 Fere

2224 4120 2453 4176 nullum
2480 4121 2540 4176 in
2563 4123 2681 4176 toto
2703 4134 2941 4192 corpore
2962 4117 3231 4175 Ecclesiae
3256 4116 3593 4173 membrum
3617 4123 3715 4173 est
3735 4118 3871 4190 quod

2221 4209 2299 4265 sit
2328 4225 2541 4265 sanum
2596 4209 2713 4265 Nos
2743 4208 2900 4264 enim
2934 4207 3270 4264 sacerdotes
3298 4209 3359 4261 et
3384 4205 3665 4262 doctores
3695 4205 3871 4263 Eccle-

2220 4297 2341 4368 siae,
2373 4297 2474 4369 qui
2504 4297 2851 4354 deberemus
2880 4313 3010 4354 esse
3039 4295 3139 4351 lux
3169 4293 3375 4351 mundi
3404 4294 3585 4366 (quod
3620 4294 3753 4352 sine
3781 4312 3868 4369 ge-

2220 4386 2367 4441 mitu
2398 4402 2624 4458 nequeo
2655 4386 2886 4455 dicere),
2906 4385 3103 4458 potius
3133 4400 3341 4440 sumus
3372 4383 3682 4439 fumantes
3704 4400 3866 4457 quam

464 4475 703 4544 praestat
731 4475 789 4527 et
819 4470 1091 4561 praevalet
1112 4471 1308 4561 omni
1347 4470 1602 4542 malitiae,
1632 4474 1910 4545 quoniam
1946 4476 2110 4534 nulla
2137 4497 2184 4561 Ι)
2220 4475 2606 4531 flammantes.
2633 4476 2699 4530 Et
2719 4476 2774 4531 si
2804 4477 2996 4530 lumen
3023 4475 3172 4547 quod
3202 4474 3261 4531 in
3292 4470 3555 4529 Ecclesia
3584 4480 3866 4540 antene-

464 4563 919 4633 quantacunque
939 4559 1182 4627 malitia,
1197 4560 1455 4616 divinam
1478 4565 1672 4633 potest
1690 4563 1917 4619 vincere
1938 4565 2111 4622 mise-

2220 4565 2336 4622 braz
2363 4574 2515 4632 sunt,
2529 4564 2690 4637 ipsae,
2708 4565 2920 4637 inquit,
2935 4566 3183 4621 tenebrae
3206 4570 3441 4635 quantae
3457 4570 3640 4617 erant
3652 4564 3862 4634 (Matth.

463 4646 799 4704 ricordiam.
832 4650 998 4716 Ecce,
1032 4650 1239 4704 fratres
1270 4649 1405 4717 mei,
1440 4649 1579 4721 quid
1620 4651 1837 4707 sufﬁcit
1867 4670 2113 4725 pensare
2223 4650 2545 4723 Vl).Quales
2566 4656 2704 4707 sunt
2723 4651 3016 4724 principes
3046 4655 3334 4706 terrarum
3364 4653 3424 4704 et
3443 4648 3691 4721 judices
3711 4653 3739 4707 ?
3768 4652 3861 4707 Ra-

458 4735 681 4794 viscera
724 4737 930 4794 divinae
982 4736 1413 4794 misericordia.
1448 4738 1618 4811 Ergo,
1651 4739 1877 4808 fratres,
1912 4742 2112 4800 nullus
2222 4743 2417 4812 ptores
2446 4744 2605 4808 sunt,
2640 4744 2705 4795 ut
2733 4740 2814 4796 ait
2847 4738 3154 4813 Propheta,
3187 4737 3387 4812 impiis
3434 4740 3793 4813 vespertinis
3816 4744 3861 4796 et

462 4831 986 4899 quantumcunque
998 4825 1346 4901 flagitiosus,
1361 4831 1881 4902 quantumcunque
1903 4832 2116 4889 facin0°

460 4930 631 4972 rosus
659 4916 947 4989 desperet,
980 4917 1077 4972 sed
1130 4920 1326 4971 currat
1373 4916 1446 4971 ad
1498 4917 1716 4973 fontem
1749 4918 1950 4987 David,
1983 4922 2106 4994 qui,

451 5004 622 5075 juxta
641 5005 1004 5076 prophetam,
1020 5009 1109 5061 est
1122 5010 1329 5077 patens
1343 5004 1400 5059 in
1415 5004 1713 5062 ablutione
1730 5013 2106 5067 menstruatae

459 5091 640 5163 (Zach.
672 5096 815 5160 xm),
848 5094 1126 5166 quoniam
1162 5093 1323 5149 omni
1348 5110 1646 5161 converso,
1677 5096 1829 5151 Deus
1860 5113 2099 5154 conver-

457 5178 714 5235 titurzEt
732 5179 817 5235 illi
838 5181 944 5237 soli
968 5183 1138 5238 venia
1161 5184 1501 5255 denegatur,
1518 5184 1617 5255 qui
1647 5185 1720 5239 ad
1748 5185 1931 5242 Deum
1963 5205 2098 5244 con-

455 5268 601 5323 verti
633 5268 1001 5342 dedignatur.
1038 5273 1153 5345 Qui
1179 5274 1301 5340 scit,
1334 5271 1548 5344 inquit,
1578 5274 1631 5328 si
1657 5283 2019 5344 convertatur,
2049 5287 2102 5334 et

458 5358 705 5427 ignoscat
748 5358 905 5426 Deus,
937 5368 988 5416 et
1033 5361 1311 5433 relinquat
1364 5368 1484 5433 post
1527 5377 1584 5417 se
1631 5362 2101 5424 benedictionem?

452 5446 788 5517 sacriﬁcium
827 5456 878 5505 et
924 5450 1162 5505 libamen
1223 5451 1453 5506 Domino
1513 5455 1628 5507 Deo
1676 5463 1855 5511 nostro
1881 5459 1904 5511 Ρ
1931 5457 2101 5529 quasi

458 5533 932 5594 nullus.Ponitur
960 5541 1155 5594 autem
1186 5537 1307 5596 haec
1337 5539 1688 5611 conjunctio,
1709 5542 1778 5611 si,
1812 5560 1914 5615 pro
1945 5547 2098 5617 quod

2219 4828 2475 4898 tributis,
2490 4833 2548 4885 et
2568 4828 2968 4885 exactionibus
2986 4829 3263 4885 devorant
3278 4827 3502 4899 plebem
3521 4828 3859 4886 sicutcscan

2217 4918 2384 4988 panis
2413 4917 2589 4986 (Psal.
2631 4917 2773 4990 χιιι).
2801 4918 2870 4973 Et
2902 4916 3095 4991 qualis
3122 4921 3215 4974 est
3244 4915 3495 4990 populus
3513 4917 3543 4972 ?
3571 4920 3787 4977 Omnes
3811 4921 3857 4974 is

2215 5007 2494 5077 sanguine
2518 5007 2892 5076 insidiantur,
2904 5017 2957 5064 et
2974 5007 3062 5063 vir
3078 5008 3335 5079 fratrem
3348 5022 3518 5062 suum
3535 5009 3856 5065 venatus-ad
3966 5056 3967 5071 χ

2208 5105 2452 5152 mortem
2476 5097 2666 5169 (Mich.
2684 5098 2806 5169 vn).
2822 5102 2944 5154 Non
2955 5106 3040 5153 est
3053 5096 3287 5163 veritas,
3299 5110 3411 5152 non
3426 5104 3511 5150 est
3533 5096 3854 5155 miscricor-

2208 5186 2305 5242 dia
2314 5202 2443 5254 ,non
2457 5194 2541 5242 est
2560 5187 2799 5244 scientia
2813 5187 3003 5256 Dei,in
3023 5195 3206 5244 terra.
3228 5185 3852 5254 Maledictumpncnda-

2207 5277 2360 5333 cium
2370 5275 2781 5345 ,homicidium,
2789 5276 3397 5346 furtum,adulterium
3416 5274 3850 5343 inundaverant,

2207 5373 2263 5421 et
2278 5365 2514 5436 sanguis
2524 5365 2859 5435 sanguinem
2875 5365 3062 5436 tetigit
3074 5368 3329 5435 (θεων).
3348 5364 3652 5438 Quiaergo
3663 5380 3851 5422 omnes

2210 5454 2664 5525 declinaverunt,
2698 5471 2902 5511 omnes
2950 5454 3219 5511 hortatur
3256 5452 3547 5528 propheta
3575 5454 3652 5510 ad
3686 5455 3849 5528 paeni-

2211 5544 2474 5613 tontiam,
2490 5546 2558 5598 ut
2573 5560 2705 5599 cum
2723 5543 2979 5616 generali
3000 5544 3190 5602 edicto
3212 5559 3415 5600 omnes
3441 5542 3516 5600 ad
3539 5542 3849 5603 Ecclesium
