3990 6516
160 269 320 342 1⁸781
363 282 371 292 '

826 280 1181 343 HOMILIIE
1220 281 1302 344 IN
1346 281 1597 343 EPIST.
1644 278 1744 343 ET
1786 279 2085 346 EVANG.
2131 283 2478 347 DOMINIC.
2511 319 2590 331 —
2618 287 2821 350 PARS
2861 283 2912 349 Ῑ.

3420 289 3443 353 l
3457 290 3572 353 782

156 415 572 482 convocentur,
605 429 741 470 cum
774 411 856 470 ait
887 429 901 469 :
929 412 1122 470 Canite
1167 415 1298 470 tuba
1348 414 1410 470 in
1454 414 1607 471 Sion.
1649 415 1810 482 Quod
1844 416 1895 482 Α
1925 415 2100 473 etiam
2132 415 2380 473 aliorum
2412 422 2668 490 peccata.
2711 418 2874 476 Sicut
2901 418 3057 477 enim
3108 422 3438 480 sacerdotes
3488 425 3573 480 vi-

154 522 297 575 nos,
327 504 537 562 fratres
563 502 700 571 mei,
731 503 906 560 hodie
936 503 1201 572 fecimus,
1234 505 1468 576 quando
1499 521 1633 561 cum
1665 520 1819 561 cam-

154 595 333 670 panis
363 596 433 652 ad
467 593 773 651 ecclesiam
802 593 991 650 vocati
1022 610 1252 650 sumus.

232 682 605 757 Sanctiﬁcate,
650 682 866 757 inquit,
889 683 1193 755 jejunium.
1223 683 1546 754 Jejunium,
1581 684 1811 754 fratres,

153 789 266 847 per
294 790 358 831 se
396 771 596 829 nullus
626 771 817 828 meriti
852 771 1121 839 habetur,
1156 771 1271 829 nisi
1319 772 1492 830 bonis
1538 774 1814 846 operibus

153 862 579 919 sanctiﬁcetur.
615 861 813 917 Monet
855 875 992 934 ergo
1032 878 1160 929 nos,
1195 864 1262 917 ut
1307 877 1411 934 per
1440 861 1812 919 evitationem

154 953 387 1021 mali,et
410 950 806 1025 operationem
827 949 1281 1023 boniJejunium
1308 955 1575 1008 nostrum
1603 950 1814 1008 sancti-

102 1036 105 1039 ’
152 1042 408 1099 ficemus
438 1056 453 1099 :
485 1041 554 1096 Et
583 1043 725 1095 tunc
755 1038 1045 1113 praecipue
1094 1038 1362 1109 orationi,
1408 1040 1809 1114 eleemosynae,

151 1129 469 1205 vigiliis,et
496 1127 720 1187 centeris
749 1127 920 1185 bouis
951 1128 1166 1186 studiis
1194 1128 1562 1186 insistamus.
1596 1131 1813 1187 Deinde

153 1236 397 1278 omnem
437 1218 708 1294 gradum,
741 1234 975 1275 omnem
1026 1223 1274 1286 aetatem,
1325 1236 1560 1276 omnem
1606 1237 1809 1277 sexum

151 1308 423 1387 precipit
448 1305 751 1365 convocari
800 1323 815 1362 :
864 1307 1138 1378 majores,
1187 1325 1321 1365 eum
1370 1308 1469 1377 ait,
1521 1309 1813 1367 Convocate

151 1398 484 1473 cztum,qui
509 1398 680 1471 quasi
702 1394 1078 1453 rationabiles
1095 1402 1513 1454 convocantur:
1529 1398 1805 1469 minores,

151 1507 296 1550 cum
327 1490 409 1546 ait
440 1505 455 1544 :
489 1488 823 1558 Congregate
844 1485 1129 1559 populum,
1163 1486 1265 1558 qui
1295 1486 1465 1560 quasi
1506 1487 1811 1544 irrationa-

151 1581 306 1639 biles
356 1582 414 1636 et
460 1576 618 1634 bruti
665 1574 1005 1648 congregari
1052 1575 1265 1631 debent
1294 1580 1351 1632 et
1381 1576 1540 1650 cogi;
1576 1581 1805 1633 aetatem

150 1688 294 1730 cum
338 1668 419 1726 ait
450 1685 463 1724 :
498 1665 809 1723 Coadunate
859 1681 1010 1721 senes
1055 1674 1106 1721 et
1149 1674 1404 1739 sugentes
1432 1667 1623 1732 ubera,
1662 1683 1805 1740 quo-

1923 510 2070 560 vunt
2099 506 2168 562 de
2209 506 2600 563 oblationibus
2648 512 2705 563 et
2748 508 3130 583 eleemosynis
3177 510 3462 581 ﬁdelium,
3494 513 3576 571 ita

1923 593 2227 668 plorando,
2252 597 2599 668 jejunando,
2633 602 2690 652 et
2719 602 2923 655 caetera
2971 600 3123 655 bona
3161 600 3444 670 faciendo,
3479 603 3579 660 de-

1922 684 2064 740 bent
2120 690 2351 758 portare
2409 690 2646 759 peccata
2695 704 2917 756 eorum,
2978 693 3046 744 ut
3105 689 3259 746 sicut
3322 691 3575 763 populus

1921 778 2115 847 portat
2144 774 2403 832 laborem
2436 792 2538 849 pro
2571 777 2871 832 sacerdote
2919 777 2977 832 in
3016 780 3458 851 temporalibus,
3493 782 3577 838 ita

1922 866 2194 921 sacerdos
2226 870 2416 937 portet
2456 883 2606 922 onus
2653 883 2756 938 pro
2804 866 3018 939 populo
3051 868 3111 921 in
3144 868 3570 940 spiritualibus.

1919 954 2012 1009 Sic
2068 954 2336 1027 plorabat
2393 954 2631 1011 Samuel
2679 954 2838 1021 Saul,
2895 972 3029 1011 cum
3089 957 3315 1013 audivit
3371 976 3404 1013 a
3436 962 3573 1017 ‘Do-

1921 1042 2129 1098 mino:
2182 1044 2460 1115 Usquequo
2511 1053 2570 1099 tu
2620 1045 2772 1114 luges
2821 1044 2976 1113 Saul,
3028 1060 3152 1100 cum
3195 1063 3292 1115 ego
3336 1051 3572 1122 projece-

1918 1135 2028 1188 rim
2054 1149 2179 1189 eum
2209 1133 2256 1205 (I
2284 1134 2410 1203 Reg.
2444 1134 2763 1206 xvx).0rare
2794 1133 2969 1188 etiam
3010 1150 3110 1190 eos
3131 1135 3446 1205 jubet,non
3477 1156 3569 1193 so-

1916 1221 2039 1277 lum
2068 1238 2171 1294 pro
2203 1221 2346 1288 suis,
2372 1223 2472 1278 sed
2506 1223 2681 1278 etiam
2713 1240 2815 1295 pro
2847 1222 3094 1279 aliorum
3128 1225 3570 1296 peccatis.Unde

1916 1314 2038 1365 tam
2068 1327 2214 1382 pura
2266 1315 2325 1366 et
2371 1313 2593 1367 munda
2640 1312 2810 1367 debet
2851 1328 2979 1367 esse
3024 1328 3227 1367 eorum
3267 1315 3471 1383 oratio,
3506 1321 3570 1372 ut

1916 1400 2099 1455 Deum
2130 1399 2346 1455 iratum
2398 1400 2581 1472 possit
2640 1399 2889 1473 placare,
2944 1403 3002 1455 et
3050 1401 3265 1473 populo
3306 1406 3567 1461 reconci-

1915 1487 2077 1544 liare.

1985 1577 2264 1649 Sequitur
2293 1595 2429 1650 pars
2463 1579 2755 1651 quarta,in
2787 1595 2903 1650 qua
2933 1580 3262 1636 ostenditur
3292 1599 3419 1654 qua
3452 1585 3563 1640 uti-

1914 1665 2049 1721 litas
2099 1667 2367 1739 sequitur
2415 1683 2484 1721 ex
2534 1667 2893 1739 poenitentia,
2944 1684 3078 1721 cum
3129 1669 3344 1723 subdit.
3378 1671 3443 1726 Et
3473 1689 3564 1727 ze-

149 1762 316 1821 niam
349 1774 506 1816 nemo
534 1755 772 1856 mundus
815 1772 851 1810 a
893 1755 1068 1825 sorde,
1099 1771 1197 1811 nec
1238 1757 1404 1840 etiam
1438 1757 1621 1827 infans
1648 1758 1806 1831 cujus
1835 1791 1882 1856 B
1917 1756 2057 1813 latus
2087 1766 2164 1812 est
2194 1758 2455 1812 Dominus
2499 1757 2764 1828 populum
2803 1773 2985 1826 suum,
3018 1765 3069 1812 et
3096 1760 3336 1828 pepercit
3366 1762 3565 1832 papula

146 1853 269 1910 vita
319 1857 399 1907 est
441 1848 611 1904 unius
669 1844 783 1900 diei
821 1860 985 1916 super
1031 1852 1234 1899 terram
1260 1832 1392 1918 (Job.
1426 1862 1536 1911 xw,
1580 1848 1612 1900 4
1646 1847 1797 1917 juxt.

150 1940 340 2010 LXX),
374 1938 472 2012 qui
505 1939 563 1992 et
593 1934 644 1992 si
675 1950 790 1990 non
815 1931 1141 2013 actualiter,
1175 1937 1372 1989 tamen
1421 1934 1800 2006 originaliter,

148 2030 515 2097 maculatur;
549 2038 754 2083 sexum
784 2038 919 2078 cum
941 2021 1370 2093 ait,egrediatur
1387 2038 1613 2094 sponsus
1632 2024 1697 2079 de
1715 2041 1806 2080 cu-

148 2124 259 2180 bili
286 2125 463 2189 suo,et
489 2131 686 2189 sponsa
714 2112 779 2169 de
805 2112 1043 2168 thalamo
1066 2127 1185 2167 suo.
1219 2113 1374 2177 Quos
1404 2110 1534 2167 ideo
1576 2112 1801 2179 dividit,

146 2210 433 2287 quoniam
465 2206 526 2261 in
550 2209 812 2276 tempore
834 2199 1194 2273 jejuniorum
1226 2217 1261 2256 a
1283 2199 1684 2273 complexibus
1715 2208 1805 2260 est

147 2295 593 2359 abstinendum.
626 2291 949 2365 lnterponit
987 2289 1163 2346 etiam
1211 2290 1577 2347 sanctiﬁcare
1610 2292 1802 2349 Eccle-

146 2389 327 2455 siam.
357 2383 618 2443 Ecclesia
668 2385 864 2438 autem
913 2379 1330 2449 sanctiﬁcatur,
1365 2381 1599 2453 quando
1629 2399 1803 2439 omne

146 2476 377 2537 malum
406 2475 478 2531 de
507 2490 575 2530 ea
603 2470 885 2528 aufertur.
909 2469 1072 2542 Saepe
1101 2468 1257 2525 enim
1289 2474 1591 2541 peccatum
1622 2471 1801 2528 unius

144 2581 412 2643 persona
442 2562 503 2618 in
535 2564 721 2617 totam
751 2558 1040 2615 redundat
1069 2557 1408 2614 Ecclesium.
1443 2559 1558 2615 Nec
1607 2559 1799 2616 solum

143 2659 455 2731 peccatum
487 2648 788 2726 principis,
821 2652 886 2703 ut
915 2647 1117 2714 David,
1152 2647 1238 2703 vel
1271 2649 1610 2719 sacerdotis,
1633 2652 1698 2704 ut
1726 2651 1799 2704 ﬁ-

140 2746 360 2804 liorum
384 2739 635 2810 Heli,sed
658 2737 891 2813 privata;
915 2740 1266 2809 persouzemt
1286 2741 1588 2809 peccatum
1610 2738 1801 2795 Achor

144 2833 369 2907 (26)qui
404 2833 629 2888 furatus
659 2830 749 2884 est
765 2825 1049 2882 laminam
1082 2841 1316 2881 auream
1336 2827 1405 2881 de
1430 2826 1799 2885 anathemate

140 2922 378 2982 Jericho
409 2921 482 2977 ob
513 2919 684 2992 cujus
713 2919 1016 2990 peccatum
1049 2914 1217 2970 multi
1252 2915 1323 2970 de
1348 2915 1563 2988 populo
1585 2917 1800 2974 cecide-

142 3016 287 3071 runt
313 3013 492 3081 (Iosue
512 3014 631 3077 vn).
666 3010 797 3062 Haec
826 3005 1044 3076 itaque,
1079 3004 1285 3060 fratres
1315 3003 1450 3071 mei,
1485 3006 1800 3061 formidan-

141 3107 255 3172 tes,
283 3102 354 3157 de
384 3097 577 3156 medio
605 3094 875 3153 Ecclesiae
906 3093 1300 3167 propellamus
1351 3093 1687 3168 sacrilegos,
1740 3100 1798 3152 et

1913 1847 2213 1913 suo.Quasi
2236 1846 2453 1901 diceret
2485 1862 2498 1901 :
2535 1848 2717 1912 Quem
2740 1846 3048 1901 adversum
3073 1847 3331 1902 minatus
3356 1850 3561 1917 fuerat,

1914 1952 2258 1991 conversum
2291 1934 2514 1990 zelatur
2541 1938 2598 1990 et
2626 1935 2997 2006 recepit.Ecce
3025 1952 3140 2005 ego,
3191 1937 3402 2008 inquit,
3432 1942 3562 1995 mit-

1914 2034 2027 2081 tam
2054 2026 2207 2080 robis
2236 2027 2577 2096 frumentum
2604 2026 2797 2080 vinum
2825 2032 2877 2080 et
2903 2026 3101 2093 oleum,
3137 2034 3187 2081 et
3232 2027 3567 2085 lmtabimini

1912 2116 1970 2170 in
2001 2114 2257 2170 eis.0lim
2287 2113 2470 2169 Judaei
2503 2113 2789 2180 carnales,
2823 2114 2921 2186 qui
2954 2116 3025 2170 ob
3059 2116 3317 2171 carnalia
3347 2118 3561 2173 servie-

1912 2204 2073 2272 bant,
2107 2202 2442 2259 carnalibus
2468 2203 2774 2275 promissis
2803 2205 3162 2276 gaudebunt.
3192 2204 3265 2261 Ut
3296 2223 3422 2274 nos,
3446 2207 3561 2262 fra-

1910 2298 2049 2361 tres,
2087 2293 2134 2349 si
2166 2291 2499 2365 spirituales
2530 2309 2758 2358 sumus,
2792 2309 2906 2348 non
2952 2293 3241 2363 promittit
3288 2296 3455 2351 nobis
3486 2298 3559 2353 ad

1911 2400 1973 2439 se
2021 2383 2315 2439 conversis
2364 2381 2684 2454 temporale
2734 2382 3115 2449 frumentum,
3178 2383 3399 2448 vinum,
3460 2389 3562 2440 aut

1909 2471 2124 2539 oleum,
2159 2489 2286 2544 quae
2334 2471 2510 2526 etiam
2557 2469 2891 2526 inﬁdelibus
2924 2469 3188 2542 largitur,
3220 2472 3321 2527 sed
3366 2473 3560 2543 potius

1908 2561 2196 2635 promittit
2255 2560 2423 2616 nobis
2479 2558 2779 2631 spirituale
2828 2560 3211 2627 frumentum,
3252 2560 3455 2616 vinum
3503 2566 3562 2618 et

1908 2650 2123 2706 oleum.
2156 2651 2265 2705 Per
2293 2650 2652 2704 frumentum
2702 2648 2937 2720 quippe,
2974 2649 3129 2720 quod
3182 2650 3343 2721 prius
3391 2656 3562 2708 ornat

1909 2755 2196 2805 mensam,
2249 2742 2307 2794 et
2361 2754 2459 2793 cor
2507 2737 2766 2793 hominis
2824 2737 3133 2805 eonfortat,
3194 2738 3561 2811 signiﬁcatur

1908 2829 2100 2903 prima
2126 2830 2409 2884 virtutum
2442 2827 2606 2892 ﬁdes,
2641 2844 2767 2898 quae
2818 2829 3073 2882 mentem
3126 2826 3382 2885 hominis
3421 2846 3581 2886 con--

1908 2919 2122 2974 ﬁrmat.
2156 2922 2266 2973 Per
2294 2916 2516 2985 vinum,
2550 2916 2705 2987 quod
2736 2914 2990 2970 laetificat
3019 2918 3078 2970 et
3106 2916 3356 2972 inebriat
3389 2934 3559 2974 men-

1906 3012 2025 3064 tem
2084 3006 2362 3072 hominis,
2423 3004 2790 3079 signiﬁcatur
2835 3021 2970 3076 spes
3017 3004 3365 3073 caelestium,
3430 3025 3558 3079 qua;

1908 3100 2165 3153 mentem
2198 3099 2459 3151 nostram
2509 3092 2811 3158 exhilarat,
2864 3096 2921 3148 et
2967 3093 3255 3149 desiderio
3284 3095 3413 3149 vita:
3444 3111 3556 3151 cm-

142 3190 440 3267 praacipue
486 3182 1022 3243 excommunicatos
1069 3187 1126 3239 et
1172 3186 1570 3255 contumaces,
1602 3201 1675 3240 ne
1723 3186 1798 3241 ob
1829 3162 1873 3230 (ἶ
1903 3184 2069 3243 lestis
2098 3184 2484 3240 inebriat.Per
2498 3182 2691 3239 oleum
2712 3183 2865 3253 quod
2898 3183 3261 3254 superfertur
3280 3182 3556 3240 omnibus

142 3278 484 3352 contagium
536 3274 712 3331 unius
762 3271 1047 3339 scelerati,
1109 3275 1348 3344 pereant
1387 3271 1577 3330 multi.
1632 3275 1795 3341 Quod

142 3373 352 3427 contra
377 3365 511 3423 illos
540 3368 630 3421 est
657 3363 757 3436 qui
806 3360 1327 3418 excommunicatis
1363 3362 1797 3420 communicare

140 3475 262 3516 non
292 3456 650 3522 timent,non
682 3451 1047 3508 attendentes
1068 3450 1347 3522 quoniam
1366 3452 1466 3523 qui
1490 3452 1678 3526 tangit
1693 3452 1798 3509 im-

140 3541 809 3612 mundum,immundus
836 3540 1275 3611 est(Levit.mI),
1310 3543 1366 3596 et
1395 3541 1495 3613 qui
1527 3557 1796 3598 commu-

141 3634 306 3692 nicat
331 3629 854 3697 excommunicato,
905 3627 1444 3685 excommunicatus
1501 3634 1609 3686 est.
1651 3635 1793 3688 Cum

140 3728 344 3783 autem
375 3736 578 3778 omnes
609 3720 845 3774 moneat
873 3717 1158 3790 propheta
1187 3718 1259 3772 ad
1290 3718 1692 3789 paenitentiam
1741 3725 1798 3777 et

139 3810 636 3877 emendationem,
668 3806 958 3880 pracipue
1000 3810 1202 3862 monet
1250 3808 1601 3879 sacerdotes,
1651 3825 1795 3881 quo-

139 3902 302 3960 niam
333 3898 484 3956 sicut
516 3895 686 3954 ruina
713 3896 1085 3952 sacerdotum
1114 3899 1203 3952 est
1250 3896 1421 3953 ruina
1458 3896 1680 3970 populi,
1713 3898 1798 3954 ita

138 4006 345 4050 eorum
376 3987 671 4063 profectus
702 3988 792 4041 est
820 3984 1115 4056 profectus
1144 3984 1366 4057 populi.
1400 3987 1504 4052 Qui
1554 4004 1668 4044 non
1701 4004 1793 4044 so-

138 4080 268 4137 lum
297 4095 401 4152 pro
431 4075 579 4142 suis,
610 4076 730 4131 imo
762 4090 866 4146 pro
896 4072 1146 4129 aliorum
1197 4074 1470 4145 peccatis,
1521 4080 1796 4131 tenentur

138 4168 372 4244 plorare
401 4169 457 4222 et
485 4180 672 4229 orare,
706 4163 862 4218 unde
891 4167 949 4217 et
980 4161 1213 4217 subdit:
1237 4163 1384 4218 Inter
1401 4165 1727 4220 vestibulum
1744 4174 1796 4221 et

138 4256 328 4315 altare
363 4255 660 4328 plorabant
688 4254 804 4321 (27)
843 4251 1151 4307 sacerdotes
1179 4252 1432 4307 ministri
1460 4254 1714 4319 Domini,
1745 4262 1797 4309 et

139 4347 396 4403 dicebant
421 4344 539 4414 (28)
575 4359 588 4399 :
623 4343 813 4409 Parce,
851 4342 1101 4409 Domine,
1132 4356 1297 4412 parce
1320 4341 1519 4413 populo
1549 4349 1658 4410 tuo,
1682 4347 1793 4399 etc.

143 4436 323 4491 Porro
344 4432 457 4487 tria
471 4431 644 4503 jubet
663 4446 763 4485 eos
783 4429 969 4484 facere
988 4445 1001 4482 :
1018 4432 1172 4484 stare
1194 4429 1347 4484 inter
1369 4430 1723 4486 vestibulum
1741 4435 1798 4487 et

1906 3275 2255 3349 liquoribus,
2288 3273 2653 3345 signiﬁcatur
2683 3271 2961 3339 charitas,
2986 3288 3113 3343 quae
3136 3271 3411 3327 omnibus
3439 3273 3555 3329 vir-

1905 3365 2133 3421 tutibus
2164 3362 2544 3437 superfertur.
2585 3363 2698 3415 llas
2721 3359 2902 3434 igitur
2949 3376 3297 3432 magnarum
3329 3361 3557 3419 charis-

1905 3458 2065 3510 mata
2093 3454 2373 3507 virtutum
2407 3450 2693 3524 promittit
2723 3450 2891 3505 nobis
2930 3450 3222 3506 conversis
3248 3450 3553 3522 Dominus,

1906 3547 1972 3599 ut
2017 3543 2075 3598 in
2127 3542 2212 3597 eis
2270 3544 2327 3595 et
2383 3540 2477 3595 hic
2527 3540 2678 3594 inter
2729 3538 2970 3593 adversa
3014 3537 3193 3609 hujus
3241 3539 3458 3610 seaculi,
3500 3545 3557 3595 et

1905 3624 1963 3679 in
2023 3624 2219 3679 futuro
2274 3620 2333 3676 in
2391 3624 2607 3675 aeterna
2667 3618 3027 3674 beatitudine
3091 3618 3357 3675 laetemur
3413 3636 3555 3676 con-

1905 3712 2276 3786 templantes,
2345 3714 2401 3764 et
2467 3706 2874 3763 benedicentes
2942 3708 3128 3762 Deum
3195 3707 3253 3761 in
3320 3707 3552 3764 saecula.

1902 3804 2083 3858 Amen
2096 3843 2108 3856 .

2442 3886 2748 3943 HOMILIA
2780 3885 3020 3941 XXXIII.

2145 3978 2310 4018 FERIA
2348 3976 2573 4023 QUARTA
2612 3975 2671 4013 IN
2710 3974 2906 4013 CAPITE
2939 3973 3321 4013 JEJUNIORUM.

1977 4070 2112 4125 Cum
2131 4068 2418 4140 jejunatis,
2466 4065 2637 4119 nolite
2685 4065 2810 4133 ﬁeri
2852 4065 2993 4118 sicut
3035 4064 3334 4134 hypocrita:
3376 4067 3558 4122 tristes

1905 4158 2111 4232 (Matth.
2144 4158 2219 4226 v).
2254 4153 2574 4220 Quomodo,
2627 4152 2837 4206 fratres
2888 4151 3240 4218 charissimi,
3273 4152 3442 4209 nobis
3482 4155 3558 4211 sit

1896 4246 2310 4322 jejunandum,
2346 4242 2626 4298 Dominus
2658 4241 2716 4296 in
2745 4240 2852 4296 hac
2886 4240 3130 4297 lectione
3157 4242 3324 4298 nobis
3355 4247 3558 4299 osten-

1904 4335 2026 4393 dit?
2056 4332 2321 4404 Praecipit
2348 4331 2505 4387 enim
2541 4330 2710 4387 nobis
2743 4334 2995 4402 quatuor
3028 4347 3039 4384 :
3073 4329 3343 4387 videlicet
3364 4336 3429 4387 ut
3459 4332 3559 4388 ha-

1905 4428 2152 4483 beamus
2181 4426 2396 4477 rectam
2432 4419 2815 4475 intentionem
2848 4418 2906 4473 in
2941 4418 3201 4490 jejunio:
3252 4419 3310 4474 in
3362 4424 3556 4478 mente

139 4524 347 4588 altare,
378 4520 627 4595 plorare,
659 4522 717 4575 et
760 4533 863 4591 pro
894 4516 1110 4590 populo
1141 4534 1324 4573 orare.
1358 4518 1514 4575 Inter
1539 4520 1795 4575 vestibu-
1826 4537 1872 4601 D
1902 4509 2314 4570 misericordia:
2346 4508 2812 4580 compassioncm
2832 4524 2845 4575 ;
2867 4508 2923 4562 in
2948 4507 3305 4562 conscientia
3327 4509 3555 4564 mundi.

138 4612 265 4670 lum
297 4615 357 4668 et
387 4609 651 4676 altare,id
685 4605 952 4678 est,inter
979 4606 1164 4663 Deum
1194 4612 1252 4663 et
1280 4607 1563 4680 populum
1585 4609 1796 4665 debent

142 4706 297 4759 stare
327 4699 660 4756 sacerdotes
691 4695 889 4763 medii,
915 4695 1137 4763 ordine,
1174 4695 1569 4754 familiaritate
1598 4701 1655 4753 et
1675 4714 1791 4753 me-

142 4788 445 4846 ditatione.
477 4786 652 4843 Medii
685 4785 888 4842 ordine
919 4785 1131 4841 debent
1161 4802 1309 4854 esse,
1352 4789 1417 4840 ut
1459 4786 1614 4842 sicut
1659 4791 1799 4842 sunt

148 4878 400 4950 majores
431 4880 719 4949 quantum
751 4875 823 4931 ad
855 4875 1061 4940 Deum,
1086 4874 1166 4929 ita
1196 4874 1316 4931 sint
1344 4874 1595 4946 majores
1616 4892 1798 4947 quan-

145 4971 275 5023 tum
307 4965 381 5022 ad
412 4964 850 5039 populum.Non
883 4962 1040 5019 enim
1073 4962 1246 5019 debet
1274 4980 1402 5020 esse
1432 4965 1704 5021 sacerdos
1733 4969 1799 5021 ut

146 5053 421 5130 populus.
455 5052 630 5109 Medii
658 5049 1158 5119 familiaritate,ut
1187 5051 1412 5108 scilicet
1440 5068 1573 5107 cum
1606 5053 1720 5109 Deo
1743 5056 1800 5109 et

148 5161 285 5203 cum
314 5140 660 5199 hominibus
686 5140 809 5197 sint
832 5138 1152 5198 familiares
1170 5157 1273 5214 per
1289 5139 1804 5197 dilectionem.Me-

149 5234 230 5292 dii
262 5230 737 5297 meditatione,ut
764 5229 988 5289 scilicet
1006 5247 1109 5304 per
1129 5230 1603 5287 intercessionem
1630 5247 1800 5286 suam

148 5324 377 5399 possint
407 5318 784 5381 reconciliare
815 5325 873 5379 et
901 5321 1183 5396 populum
1217 5326 1347 5389 Deo,
1381 5324 1438 5376 et
1481 5320 1666 5375 Deum
1698 5337 1800 5393 p0-

149 5412 307 5488 pulo.
342 5410 577 5468 Plorare
607 5410 785 5468 etiam
816 5426 915 5468 eos
936 5410 1106 5482 jubet
1154 5426 1270 5467 non
1316 5407 1508 5469 solum
1542 5425 1669 5471 sua,
1699 5410 1799 5491 sed

212 5520 325 5591 (26)
357 5517 529 5591 Vulg.
561 5516 786 5591 Achan;
819 5515 966 5575 alias
993 5516 1194 5574 Achar.

222 5590 340 5663 (27)
367 5590 541 5665 Vulg.
571 5590 888 5664 plorabant.

1902 4605 2067 4665 tiam,
2090 4602 2151 4656 in
2181 4598 2324 4655 cmlo
2354 4598 2613 4654 thesauri
2646 4596 3350 4669 repositionem.Praecipit
3381 4596 3559 4669 igitur

1904 4692 2093 4765 primo
2124 4687 2293 4745 nobis
2324 4691 2389 4742 ut
2419 4687 2476 4742 in
2501 4684 2728 4758 jejunio
2759 4685 3080 4740 habeamus
3112 4690 3330 4741 rectam
3362 4686 3559 4742 inten-

1903 4781 2266 4851 tionem,non
2302 4773 2759 4841 simulationem,
2786 4791 2919 4829 cum
2948 4773 3030 4828 ait
3059 4790 3072 4828 :
3102 4777 3241 4830 Cum
3262 4774 3553 4845 jejunatis,

1904 4872 2072 4926 nolite
2109 4869 2232 4940 ﬁeri
2269 4868 2412 4922 sicut
2445 4866 2745 4937 hypocrita?
2792 4865 2988 4930 tristes,
3023 4863 3079 4917 id
3124 4866 3212 4918 est
3259 4862 3439 4918 nolite
3485 4865 3557 4920 ad

1908 4959 2148 5014 modum
2181 4953 2616 5028 hypocritarum
2648 4951 2945 5007 tristitiam
2980 4950 3560 5007 simulareExteMi-

1905 5055 2043 5103 nant
2071 5048 2221 5102 enim
2248 5045 2418 5116 facies
2445 5059 2594 5108 suas,
2628 5049 2688 5096 ut
2719 5049 3019 5113 appareant
3063 5042 3376 5096 hominibus
3409 5041 3561 5113 jeju-

1910 5143 2121 5192 nantes.
2154 5134 2279 5190 Non
2311 5136 2528 5202 autem,
2561 5131 2768 5185 fratres
2798 5129 3435 5202 charissimi,prohibet
3453 5131 3562 5186 D0-

1913 5224 2111 5280 minus
2124 5220 2552 5294 jenuuantibus
2574 5218 3005 5290 tristitiam,nec
3028 5218 3317 5291 pullorum
3341 5217 3558 5286 vultus,

1825 5311 1829 5315 ’
1913 5331 2018 5369 nec
2048 5310 2361 5367 candorem
2392 5307 2588 5373 vestis,
2623 5324 2728 5363 nec
2780 5313 2982 5362 caetera
3031 5308 3398 5381 hujusmodi,
3432 5325 3559 5380 quae

1912 5406 2052 5459 sunt
2081 5400 2251 5473 signa
2280 5396 2787 5470 pmniteutiaa,quze
2812 5397 2971 5468 juste
3003 5414 3199 5455 coram
3222 5398 3339 5455 Deo
3359 5415 3394 5453 a
3414 5396 3560 5453 mul-

1985 5508 2095 5579 (28)
2125 5504 2299 5579 Vulg.
2330 5504 2527 5561 dicent.
