3982 6082
404 277 564 344 1783

1402 283 1807 347 ADDENDA.
1838 315 1917 328 —
1947 264 2347 345 BADULPHI
2386 281 2804 346 ARDENTIS.

3651 280 3825 344 1'78!

401 415 479 473 tis
505 415 800 473 habentur
826 414 1132 490 religiosis.
1160 416 1287 474 Non
1317 415 1587 490 prohibet
1631 415 1924 490 siquidem
1972 432 2045 472 ne
2073 415 2130 483 Α
2154 415 2353 488 [ledere
2379 417 2551 485 (Rom.
2585 421 2643 490 ι).
2676 415 2784 484 Qui
2813 413 2973 473 sicut
2993 414 3488 474 immisericordes
3534 418 3702 485 sunt,
3735 414 3821 474 ita

399 504 750 573 habeantur,
781 505 884 562 sed
938 522 1012 562 ne
1057 506 1273 563 habere
1314 508 1681 579 appetuntur.
1717 506 1881 563 Unde
1928 523 2046 563 non

398 594 480 651 ait
511 611 524 650 :
558 593 747 651 Nolite
780 594 906 650 fieri
938 595 1155 662 tristes,
1189 595 1290 651 sed
1321 595 1490 652 nolite
1530 597 1657 668 ﬁeri
1699 597 1844 653 sicut
1876 597 2046 670 hypo-

394 686 554 741 crita?
581 685 788 741 tristes.
824 683 931 750 Qui
962 684 1121 741 enim
1150 684 1420 740 tristatur
1455 684 1527 741 de
1574 702 1817 742 suorum
1855 701 2046 742 recor-

396 773 631 831 datione
657 776 1052 845 peccatorum,
1082 773 1171 830 vel
1202 774 1274 830 de
1302 773 1492 831 alieno
1521 773 1697 844 male,
1729 774 1818 830 vel
1856 775 1928 831 de
1956 775 2046 831 di-

394 860 612 917 latione
639 860 839 932 patriaa
888 859 1159 931 caelestis,
1210 862 1355 918 bene
1398 861 1828 919 constristatur.
1882 861 2045 919 Unde

397 949 685 1022 Propheta
716 965 731 1006 :
766 949 869 1007 Cor
896 952 1194 1006 contritum
1233 956 1287 1007 et
1331 950 1709 1020 humiliatum,
1740 952 1902 1019 Deus,
1932 967 2046 1009 non

395 1039 656 1112 despicies
689 1039 860 1111 (Psat.
892 1039 954 1112 1).
985 1040 1056 1096 Et
1081 1039 1219 1096 alibi
1252 1056 1267 1095 :
1298 1041 1417 1096 Heu
1462 1057 1548 1097 me
1596 1040 1727 1114 (29),
1779 1042 1911 1114 quia
1955 1043 2043 1097 in-

397 1129 602 1187 colatus
630 1145 782 1186 meus
804 1130 1163 1201 prolongatus
1190 1135 1305 1186 est!
1336 1130 1443 1197 Qui
1472 1146 1606 1185 vero
1656 1129 1926 1186 tristatur
1970 1129 2045 1186 de

396 1218 713 1277 amissione
742 1235 939 1275 rerum
988 1218 1426 1291 temporalium,
1476 1218 1567 1275 vel
1618 1218 1689 1275 de
1736 1218 1936 1292 aliqua
1982 1236 2044 1276 re

392 1325 544 1365 vana
569 1306 658 1363 vel
687 1306 863 1378 mala,
896 1305 1048 1362 male
1096 1308 1382 1363 tristatur.
1416 1306 1736 1381 Hypocritaa
1782 1325 1916 1365 vero
1954 1308 2044 1365 vel

394 1413 512 1457 non
540 1396 871 1464 tristantur,
904 1396 1003 1452 sed
1037 1395 1337 1453 tristitiam
1368 1395 1672 1465 simulant,
1700 1395 1791 1452 vel
1838 1396 1886 1453 si
1937 1396 2041 1452 tri-

392 1488 645 1554 stantur,
680 1483 963 1542 simulant
1003 1484 1414 1542 intentionem:
1437 1486 1575 1558 quia
1593 1484 1877 1541 simulant
1898 1501 1959 1542 se
1975 1502 2045 1541 ex

391 1575 548 1632 bona
575 1573 896 1631 intentione
925 1573 1286 1644 contristari;
1317 1590 1453 1630 cum
1504 1573 1615 1646 ipsi
1646 1575 1718 1631 de
1763 1574 2043 1631 dilatione

390 1682 552 1721 vanae
583 1663 984 1738 gloriae,quam
1013 1663 1367 1731 desiderant,
1399 1664 2041 1732 constristantur.Quod

392 1757 463 1812 ut
488 1752 701 1812 melius
731 1753 960 1827 possint
988 1752 1286 1818 simulare,
1319 1770 1355 1810 a
1403 1753 1654 1809 naturali
1702 1752 1911 1823 colore,
1946 1770 2041 1811 ex-

391 1843 714 1900 terminant
740 1842 947 1899 faciem
978 1859 1170 1911 suam,
1202 1846 1261 1899 et
1299 1841 1610 1899 artiﬁciose
1653 1859 1782 1899 eam
1827 1842 2044 1916 pallere

393 1933 634 2003 faciunt,
670 1932 771 1989 sed
802 1949 929 2005 quas
960 1931 1043 1988 eis
1072 1929 1336 1989 utilitas?
1363 1932 1533 1990 Amen
1577 1931 1696 1989 dico
1741 1934 1916 2000 vobis,
1954 1950 2042 1991 re-

392 2031 651 2097 ceperunt
677 2021 974 2080 mercedem
999 2021 1423 2090 suam,laudem
1453 2020 1678 2079 scilicet
1695 2021 2042 2097 humanam,

392 2116 631 2188 propter
660 2127 838 2185 quam
888 2114 1079 2167 totum
1127 2110 1272 2167 illud
1318 2110 1626 2168 faciebant.
1658 2113 1801 2168 Cum
1840 2112 2040 2185 igitur,

392 2203 603 2260 fratres
628 2200 766 2267 mei,
788 2198 1094 2272 jejunatis,
1118 2215 1254 2255 cum
1285 2198 1717 2274 eleemosynam
1745 2199 1920 2272 datis,
1952 2201 2041 2260 vel

392 2306 530 2349 cum
558 2289 782 2363 aliquid
804 2287 961 2345 aliud
992 2287 1212 2344 bonum
1243 2287 1453 2359 facitis,
1485 2306 1603 2346 non
1631 2289 1857 2347 faciatis
1892 2290 2041 2348 illud

392 2380 465 2438 ad
496 2379 732 2436 laudem
761 2377 1093 2446 hominum,
1124 2378 1227 2435 sed
1256 2378 1330 2434 ad
1355 2394 1615 2437 amorem
1667 2379 1763 2436 Dei
1809 2397 2039 2454 prome-

390 2469 662 2528 rendum.
692 2467 840 2525 Nam
869 2485 996 2541 qua
1025 2467 1148 2524 vita
1174 2466 1563 2525 miserabilior
1590 2472 1679 2525 est
1706 2470 1836 2526 vitae
1865 2469 2042 2544 hypo-

391 2558 571 2627 crita,
604 2556 707 2631 qui
736 2557 810 2614 ob
839 2573 1019 2614 vanos
1048 2555 1356 2613 hominum
1387 2556 1762 2616 rumusculos
1798 2562 1856 2615 et
1892 2575 2038 2632 pre-

392 2651 620 2711 sentem
665 2645 845 2703 vitam
890 2646 1095 2720 perdet
1144 2649 1203 2703 et
1249 2646 1529 2704 futuram.
1578 2651 1778 2719 Porro,
1830 2649 2039 2707 fratres

392 2736 825 2811 mei,perfectis,
852 2735 955 2809 qui
984 2735 1231 2809 gloriam
1260 2735 1567 2792 hominum
1597 2754 1714 2794 non
1734 2742 2037 2813 appetunt,

392 2829 453 2884 et
479 2825 736 2883 oblatam
767 2828 1174 2894 contemnunt,
1202 2840 1320 2881 non
1352 2828 1443 2882 est
1490 2842 1725 2883 necesse
1755 2826 2038 2900 pallorem

388 2915 608 2983 vultus,
640 2918 699 2971 et
743 2914 1078 2988 squalorem
1123 2914 1305 2972 vestis
1351 2915 1587 2986 evitare,
1620 2915 1708 2972 vel
1741 2934 1848 2974 sua
1886 2918 2040 2977 bona

391 3021 567 3080 opera
591 3004 969 3073 abscondere,
999 3003 1117 3061 imo
1166 3007 1224 3060 et
1269 3007 1595 3077 peccarent,
1629 3005 1678 3060 si
1726 3005 2042 3067 absconde-

388 3098 538 3164 rant,
567 3092 847 3168 quoniam
872 3091 1091 3150 talibus
1121 3092 1343 3150 dictum
1393 3096 1484 3151 est
1528 3111 1541 3149 :
1592 3094 1686 3151 Sic
1731 3096 1909 3154 luceat
1941 3098 2040 3155 tua:

2154 521 2460 567 summum
2489 506 2759 563 Judicem
2799 504 2913 564 sibi
2960 505 3216 563 sentient
3258 504 3816 562 immisericordem.

2155 594 2451 668 Scriptum
2483 595 2566 651 esi
2598 595 2777 663 enim,
2805 594 3089 653 Iudicium
3133 597 3256 652 sine
3298 595 3679 652 misericordia
3726 596 3827 666 ﬁet

2152 686 2208 739 ei
2235 686 2336 757 qui
2356 700 2469 741 non
2495 685 2633 757 facit
2658 684 3099 741 misericordiam
3125 685 3258 752 (Jac.
3291 689 3373 758 ιι).
3407 684 3481 740 Et
3523 681 3821 740 Dominus

2152 772 2213 828 in
2248 772 2588 847 Evangeelio
2640 791 2654 830 :
2706 774 2830 830 Nisi
2878 775 3205 830 remiseritis
3232 791 3304 831 ea:
3339 774 3501 830 corde
3540 774 3822 846 fratribus

2150 863 2363 929 vestris,
2390 878 2492 926 nec
2516 864 2684 919 Pater
2708 870 2882 929 vester
2916 864 3144 920 caelestis
3172 865 3408 920 remittet
3434 864 3586 920 vobis
3603 862 3818 931 (Matth.

2151 953 2327 1023 xvm).
2363 952 2700 1008 Econtrario
2729 969 2863 1009 vero
2882 952 2955 1009 de
2982 952 3099 1027 piis
3119 956 3179 1009 et
3198 951 3684 1010 misericordibus
3706 952 3819 1009 Do-

2153 1040 2351 1098 minus
2377 1040 2520 1097 dicit
2549 1057 2563 1097 :
2594 1042 2750 1099 Beati
2776 1041 3176 1109 misericordes,
3220 1042 3487 1115 quoniam
3532 1043 3643 1114 ipsi
3686 1058 3821 1098 can-

2149 1138 2443 1204 sequentur
2489 1130 2931 1188 misericordiam
2977 1131 3182 1200 (Matth.
3200 1133 3277 1201 v).
3325 1130 3554 1204 Itaque,
3600 1131 3817 1188 fratres

2152 1219 2288 1289 mei,
2320 1218 2700 1277 excludamus
2729 1236 2765 1276 a
2784 1220 2955 1277 nobis
2986 1236 3223 1287 omnem
3248 1218 3528 1277 duritiam
3552 1224 3613 1276 et
3632 1220 3817 1277 inhu-

2151 1308 2518 1375 manitatem,
2548 1311 2606 1364 et
2635 1308 2956 1366 induamus
2982 1308 3207 1366 viscera
3248 1308 3690 1367 misericordia.
3743 1309 3821 1366 Et

2152 1414 2286 1455 cum
2318 1395 2379 1453 in
2407 1395 2568 1454 omni
2598 1399 2862 1470 tempore
2906 1398 3228 1455 debeamus
3273 1397 3659 1471 pinguescere
3684 1397 3817 1455 oleo

2151 1485 2584 1551 misericordia.
2609 1486 2784 1559 juxta
2812 1485 2996 1544 illud:
3033 1486 3228 1544 Oleum
3268 1504 3305 1544 a
3348 1487 3525 1560 capite
3560 1494 3658 1547 tuo
3698 1504 3817 1545 non

2150 1576 2368 1648 deﬁciat
2393 1575 2555 1646 (Eccl.
2590 1581 2689 1649 ιχ),
2723 1578 2922 1633 tamen
2971 1573 3262 1649 pracipue
3309 1575 3371 1631 in
3417 1574 3629 1633 diebus
3651 1576 3819 1648 jeju-

2151 1665 2380 1723 niorum
2410 1664 2812 1722 misericordia
2841 1665 3130 1723 debemus
3161 1664 3819 1739 superfﬂuere,quando

2150 1756 2223 1813 de
2284 1754 2539 1828 peccatis
2609 1755 2826 1812 nostris
2899 1754 3365 1813 misericordiam
3429 1760 3819 1830 expectamus

2153 1844 2449 1918 Scriptum
2507 1847 2597 1900 est
2649 1843 2828 1912 enim,
2886 1843 3318 1903 Misericordiae:
3378 1844 3518 1914 volo,
3582 1854 3640 1903 et
3700 1862 3819 1905 non

2149 1935 2488 2007 sacriﬁcium
2550 1932 2689 2003 (Ose.
2762 1939 2859 2006 vn).
2936 1932 3338 1992 Misericordia
3395 1934 3523 1991 sine
3573 1935 3816 2008 jejunio

2149 2023 2322 2081 valet.
2385 2021 2687 2094 Jejunium
2758 2021 2885 2079 sine
2949 2022 3358 2080 misericordia
3420 2021 3615 2081 valere
3692 2041 3815 2082 non

2152 2115 2345 2185 potest
2443 2111 2591 2168 Cum
2668 2111 2850 2184 igitur
2921 2112 3293 2185 jeiunamus,
3375 2111 3587 2193 fratres
3672 2114 3815 2181 mei,

2150 2201 2341 2275 primo
2399 2200 2865 2275 misericordiam
2922 2201 3248 2259 habeamus
3319 2200 3383 2258 in
3447 2219 3575 2272 nos,
3638 2203 3818 2276 juxta

2150 2287 2317 2357 illud,
2385 2287 2636 2346 Miserere
2689 2290 2898 2347 annuae
2954 2296 3106 2348 tuaac
3165 2289 3395 2363 placens
3456 2291 3566 2348 Deo
3612 2292 3817 2365 (Eccle.

2148 2380 2303 2448 xxx).
2368 2377 2592 2456 Animas
2661 2380 2873 2434 nostra:
2948 2380 3090 2435 tunc
3174 2378 3547 2447 miseremus,
3616 2397 3813 2454 quan-

2149 2466 2224 2524 do
2282 2483 2317 2523 a
2371 2466 2649 2523 servitute
2703 2466 2979 2523 vitiorum
3034 2483 3164 2525 eam
3230 2485 3336 2542 per
3398 2468 3812 2544 paenitentiam

2150 2572 2510 2614 revocamus.
2533 2555 2918 2613 Misereamur
2944 2560 3005 2613 et
3032 2556 3434 2631 proximorum
3463 2563 3811 2617 nostrorum

2148 2646 2209 2704 in
2239 2662 2347 2703 nos
2377 2645 2748 2719 peccantium
2780 2645 2866 2703 eis
2903 2645 3273 2704 dimittenda.
3307 2646 3703 2705 Misereamur
3751 2654 3812 2707 et

2149 2734 2441 2792 malorum
2471 2734 2803 2803 hominum,
2832 2752 2939 2809 pro
2968 2734 3054 2793 eis
3084 2736 3491 2810 supplicando.
3525 2736 3811 2795 Miserea-

2148 2841 2284 2882 mur
2298 2824 2649 2882 afﬂictorum
2673 2828 2732 2881 et
2749 2824 3179 2898 pauperum'eis
3195 2824 3813 2900 subveniendo,juxta

2147 2915 2304 2988 quod
2336 2913 2518 2972 Isaias
2542 2912 2684 2971 dicit
2713 2930 2727 2971 :
2753 2916 2968 2985 Frange
2992 2917 3263 2973 esurienti
3301 2932 3511 2989 panem
3556 2922 3733 2974 tum
3754 2926 3809 2976 et

2144 3020 2339 3076 egenos
2368 3019 2635 3077 vagosque
2661 3004 2825 3061 induc
2854 3006 2914 3061 in
2939 3004 3162 3062 domum
3201 3012 3375 3063 tuam.
3413 3006 3559 3064 Cum
3594 3007 3809 3064 videris

2144 3093 2359 3150 nudum
2382 3094 2537 3166 operi
2562 3099 2765 3161 eum,et
2788 3108 3013 3150 comem
3054 3099 3209 3149 tuam
3234 3108 3305 3150 ne
3329 3092 3647 3167 despexi-is
3678 3095 3806 3169 (ise.

386 3193 567 3244 vestra
591 3167 599 3168 ί
621 3200 808 3241 coram
853 3182 1187 3251 hominibus,
1236 3189 1298 3238 ut
1341 3183 1648 3255 gloriﬁcent
1696 3187 1958 3243 Patrem1

2240 3181 2597 3255 u).Praacipit
2621 3198 2856 3256 quoque
2883 3182 3169 3240 Dominus
3189 3182 3562 3256 jejunantem
3582 3167 3812 3243 habere

384 3281 558 3333 stram
585 3275 685 3347 qui
711 3275 773 3330 in
799 3273 949 3329 οωιῶ
977 3280 1057 3329 est
1091 3270 1310 3341 (Matth.
1342 3272 1421 3344 v).
1469 3272 1833 3346 Imperfectis
1875 3293 2029 3346 vero,

386 3363 486 3438 qui
503 3362 749 3436 gloriam
766 3361 1077 3418 hominum
1099 3360 1360 3417 nondum
1382 3361 1616 3433 penitus
1628 3366 2030 3436 contemnunt,

385 3456 444 3510 et
492 3452 728 3509 laudem
778 3450 1032 3507 ablatam
1080 3465 1352 3521 respuere
1403 3450 1692 3521 nesciunt,
1727 3453 2032 3512 evitandus

384 3545 475 3599 est
503 3539 708 3614 pallor,
742 3539 981 3595 tristitia
1029 3542 1088 3594 et
1135 3537 1375 3611 squalor
1416 3539 1615 3610 vestis,
1649 3545 1706 3596 et
1742 3541 1896 3598 bona
1924 3560 2033 3599 sua

382 3628 610 3688 occulte
638 3626 1178 3695 facienda.Unde,et
1199 3626 1368 3698 juxta
1396 3625 2031 3702 litteram,hujusmodi

380 3717 722 3792 imperfecto
751 3715 951 3774 subdit
972 3715 1279 3783 Dominus,
1310 3716 1546 3773 dicens:
1584 3723 1667 3775 Tu
1696 3725 2031 3789 autem,cum

371 3810 617 3884 jejunus,
649 3823 800 3881 unge
826 3812 990 3879 caput
1017 3806 1156 3878 oleo,
1180 3806 1335 3878 quod
1379 3805 1600 3863 scilicet
1646 3807 1936 3866 Palaestini
1968 3811 2029 3866 in

382 3894 854 3956 solemnitatibus
884 3893 1195 3963 faciebant,
1221 3903 1273 3952 et
1315 3897 1518 3968 [aciem
1560 3901 1714 3953 tuam
1761 3899 1907 3968 lava,
1959 3917 2028 3957 ne

378 3987 617 4045 videaris
665 3985 977 4044 hominibus
1007 3985 1287 4058 jejunans,
1319 3985 1413 4042 sed
1459 3986 1618 4043 Patri
1661 3994 1752 4044 tuo
1799 3991 1897 4062 qui
1942 3992 2028 4046 vi-

379 4077 467 4136 det
495 4078 606 4148 (30)
637 4077 698 4133 in
730 4074 1040 4132 abscondito
1088 4093 1108 4130 :
1154 4082 1206 4131 et
1248 4079 1418 4131 Pater
1461 4083 1590 4131 tuus
1635 4078 1734 4150 qui
1776 4078 1919 4135 videt
1968 4080 2029 4136 in

377 4166 709 4235 abscondito,
739 4164 798 4220 id
829 4168 919 4221 est
946 4163 1007 4220 in
1037 4162 1413 4234 conscientia,
1445 4164 1629 4222 reddet
1672 4166 1792 4222 tibi.
1844 4168 2027 4241 Spiri-

377 4255 617 4314 tualiter
644 4271 779 4311 vero
809 4253 1070 4327 praecipit
1097 4253 1381 4310 Dominus
1424 4253 1484 4310 in
1531 4254 1624 4311 his
1653 4256 1844 4314 verbis
1867 4258 2024 4330 jeju-

377 4348 618 4403 nsntem
675 4343 890 4400 habere
965 4342 1025 4399 in
1095 4347 1290 4399 mente
1349 4342 1833 4403 misericordiam.
1889 4347 2025 4404 Oleo

375 4449 636 4508 namque
664 4432 819 4506 quod
847 4434 1189 4504 supernatat
1217 4431 1493 4488 omnibus
1532 4431 1877 4504 liquoribus,
1910 4436 2024 4493 mi-

375 4522 701 4613 sericordia‘
722 4521 1106 4613 significatur,
1134 4536 1265 4593 qum
1293 4521 1685 4613 superexaltat
1698 4524 2023 4613 judicium.
2052 4546 2101 4613 D

372 4613 539 4671 Unde
566 4616 625 4670 et
651 4610 809 4668 oleos
838 4610 953 4684 (3|)
984 4610 1198 4678 Grmce,
1229 4610 1609 4668 misericordia
1649 4611 1866 4670 dicitur
1913 4615 2020 4672 La-

372 4703 513 4760 tine.
548 4702 654 4759 Per
682 4704 859 4774 caput
886 4716 1019 4756 vero
1051 4715 1218 4755 mens
1248 4698 1615 4773 significatur
1642 4718 1769 4775 quae
1808 4703 1868 4760 in
1898 4707 2018 4762 toto

371 4791 608 4849 homine
639 4789 1019 4864 principatur.
1055 4787 1320 4862 Principit
1367 4805 1505 4863 ergo
1559 4791 1844 4850 Dominus
1865 4795 2019 4866 jeju-

372 4884 611 4938 nantem
643 4880 769 4937 oleo
800 4882 975 4951 caput
998 4876 1300 4952 ungere,id
1328 4883 1418 4935 est
1462 4879 1652 4952 gratia
1689 4880 2019 4940 misericor-

372 4968 480 5026 dias
512 4972 768 5025 mentem
816 4967 1180 5041 impugnare.
1244 4966 1343 5023 Est
1397 4967 1553 5024 enim
1612 4985 1781 5027 mens
1832 4970 2016 5040 arida,

373 5074 502 5131 qua:
530 5055 654 5113 oleo
703 5072 819 5113 non
868 5060 959 5113 est
1004 5056 1390 5130 impingnata.
1423 5056 1634 5123 Quales
1672 5063 1815 5115 sunt
1838 5061 2019 5128 (unde

370 5144 688 5203 dolendum
717 5145 826 5217 est)
857 5144 1031 5201 hodie
1060 5144 1230 5203 multi
1274 5145 1375 5218 qui
1416 5145 1765 5203 miserorum
1797 5148 2014 5220 dolore,

370 5233 609 5293 miseria
637 5237 695 5290 et
723 5234 1158 5302 anxietate,non
1190 5233 1379 5309 magis
1408 5239 1715 5292 moventur
1741 5254 1919 5310 quam
1966 5238 2017 5296 si

368 5340 484 5381 non
513 5323 801 5393 homines,
836 5323 937 5379 sed
967 5321 1190 5396 lapides
1219 5328 1433 5381 essent.
1466 5324 1617 5381 Sunt
1644 5324 1824 5399 enim,
1844 5332 1910 5384 ut
1935 5328 2018 5386 ait

366 5411 698 5488 Apostolus,
744 5413 867 5469 sine
910 5412 1216 5487 affectione,
1268 5416 1389 5471 sine
1434 5415 1835 5485 misericordia,
1894 5419 2017 5475 sine

435 5519 554 5662 ἓξ)
582 5518 755 5593 Vulg.
786 5520 945 5577 mihi.

529 5594 551 5661 )
582 5588 755 5662 Vulg.
788 5598 885 5649 est.

460 5590 551 5661 30)
582 5588 755 5664 Vulg.
788 5598 885 5649 est.

2144 3271 2499 3333 munditiam
2530 3270 2592 3327 in
2623 3271 3056 3339 conscientia,si
3099 3270 3485 3346 spiritualiter
3511 3272 3811 3349 intelliga-

2143 3379 2279 3419 mus
2308 3360 2418 3418 hoc
2447 3360 2601 3435 quod
2633 3360 2806 3427 dicet,
2818 3362 3025 3434 faciam
3053 3368 3205 3418 tuam
3230 3361 3551 3419 tava.Facie
3576 3362 3809 3439 quippe

2141 3467 2246 3524 per
2303 3466 2483 3523 quam
2539 3466 2646 3507 nos
2703 3450 3007 3523 cognoscit
3060 3451 3238 3517 Deus,
3290 3450 3659 3509 conscientia
3716 3458 3809 3511 est

2140 3540 2302 3597 Hanc
2332 3556 2468 3612 ergo
2498 3538 2757 3613 praecipit
2808 3557 2912 3613 per
2956 3539 3357 3614 paenitentiam
3400 3539 3602 3611 levari,
3626 3542 3806 3613 juxta

2140 3628 2285 3685 illud
2321 3646 2335 3685 :
2369 3630 2680 3697 Lavamini,
2710 3629 2911 3686 mundi
2935 3637 3117 3699 estote,
3149 3631 3363 3703 auferte
3387 3629 3538 3687 nuta
3582 3633 3800 3702 cogita-

2138 3720 2350 3781 tionum
2376 3725 2682 3774 vestrarum
2705 3717 2835 3788 (lsa.
2867 3716 2931 3791 ι),
2962 3719 3074 3774 etc.
3101 3717 3174 3774 Et
3218 3716 3366 3775 illud
3410 3716 3751 3777 Psalmiste
3778 3736 3795 3776 ε

2136 3808 2383 3881 Amplius
2414 3808 2537 3863 lava
2564 3823 2652 3863 me
2678 3808 2748 3863 ab
2777 3808 3073 3879 iniquitate
3100 3823 3241 3875 mea,
3269 3815 3322 3865 et
3365 3824 3402 3864 α
3429 3816 3655 3881 peccato
3682 3826 3800 3867 mea

2134 3896 2341 3955 munda
2368 3912 2456 3953 me
2486 3897 2656 3969 (Psal.
2691 3900 2766 3966 ι).
2799 3896 2977 3953 Porro
3004 3895 3132 3954 sine
3176 3897 3403 3954 munda
3429 3896 3798 3957 conscientia

2137 4002 2243 4043 nec
2262 3985 2556 4059 jejuniam
2604 4001 2710 4042 nec
2753 3984 2916 4042 aliud
2964 3985 3185 4043 bonum
3236 4002 3388 4059 opus
3417 3984 3591 4044 valet.
3624 3986 3797 4046 Unde

2135 4075 2420 4132 Dominus
2477 4092 2581 4148 per
2633 4074 2847 4132 Isaiam
2889 4074 3198 4148 :Nunquid
3248 4076 3354 4133 hoc
3387 4083 3468 4133 est

2134 4165 2269 4224 dicit
2323 4165 2628 4222 Dominus?
2684 4165 2842 4238 quasi
2901 4165 3175 4221 circulum
3214 4173 3574 4239 contorquere
3629 4177 3799 4243 caput

2132 4271 2316 4324 suum,
2347 4262 2400 4311 et
2425 4269 2644 4311 saccum
2685 4261 2738 4311 et
2789 4255 3034 4311 cinerem
3060 4257 3344 4312 stemere?
3367 4271 3552 4314 nonne
3578 4256 3685 4314 hoc
3713 4263 3794 4315 est

2132 4345 2310 4413 magis
2329 4343 2610 4416 jejunium
2639 4341 2782 4415 quod
2808 4343 2991 4413 elegi?
3016 4343 3257 4400 Disson
3272 4344 3652 4417 coltigationes
3682 4349 3793 4403 imo

2128 4434 2372 4506 pietatis,
2401 4432 2604 4505 depone
2630 4433 2924 4505 fasciculos
2953 4430 3320 4504 deprimentes
3350 4434 3795 4508 (Isa.Lvui).La-

2132 4538 2338 4580 vemus
2407 4537 2565 4595 ergo,
2626 4520 2835 4578 fratres
2889 4521 3029 4590 mei,
3096 4521 3359 4579 maculas
3415 4522 3791 4582 conscientia

2131 4608 3028 4684 nostrae,singnltibus,suspiriis
3056 4613 3115 4667 et
3142 4608 3421 4684 lacrymis
3437 4627 3589 4669 verae
3609 4613 3793 4687 paeni-

2125 4699 2338 4757 tentia.
2376 4698 2656 4772 quoniam
2706 4698 2976 4774 lacrymm
3025 4698 3221 4755 lavant
3270 4698 3578 4769 delictum,
3629 4703 3787 4776 quod

2126 4789 2317 4863 pudor
2362 4791 2453 4845 est
2495 4804 2594 4844 ore
2640 4788 2924 4844 conﬁteri.
2972 4787 3099 4846 Non
3148 4789 3304 4862 quod
3351 4788 3629 4864 lacryma
3661 4790 3790 4849 sine

2126 4877 2488 4937 confessione
2512 4875 2835 4945 sufﬁciant,
2868 4877 2967 4935 sed
3018 4876 3158 4950 quia
3204 4878 3394 4951 pudor
3431 4895 3503 4936 ex
3534 4880 3789 4939 crimine

2126 4971 2303 5043 anget
2343 4965 2633 5040 lacrymas
2681 4966 2741 5023 in
2791 4965 3123 5023 confitente.
3176 4966 3507 5036 Faciamus,
3541 4968 3784 5041 fratres,

2127 5057 2278 5131 quod
2312 5053 2624 5113 Psalmista
2656 5053 2920 5128 exemplo
2944 5054 3036 5112 sui
3060 5071 3168 5113 nos
3194 5055 3384 5113 facere
3408 5061 3616 5114 monet
3634 5076 3653 5115 :
3680 5060 3783 5117 La-

2125 5146 2314 5204 boravi
2341 5146 2402 5201 in
2429 5145 2635 5215 gemitu
2663 5159 2799 5211 meo,
2830 5143 3023 5202 lavabo
3041 5160 3145 5217 per
3170 5146 3420 5217 singulas
3467 5155 3657 5205 noctes
3708 5150 3784 5206 ιε-

2123 5244 2268 5293 ctum
2320 5250 2524 5301 meum,
2574 5233 2837 5306 lacrymis
2880 5235 3017 5291 meis
3060 5241 3298 5291 stratum
3337 5251 3523 5293 meum
3564 5238 3780 5311 rigabo.

2126 5324 2296 5397 (Psal.
2328 5326 2428 5391 v1).
2462 5320 2727 5394 Prmeipit
2755 5322 2931 5378 etiam
2960 5322 3249 5397 Dominus
3266 5324 3653 5397 jejunantem
3686 5326 3783 5384 ιιι.

2123 5415 2261 5475 bere
2290 5413 2351 5468 in
2378 5410 2522 5471 00310
2542 5410 2804 5481 thesauri
2823 5410 2915 5468 sui
2932 5400 3513 5487 repositionem,cum
3539 5414 3779 5477 subdit:

2195 5521 2306 5594 (31)
2326 5523 2513 5579 Graece
2541 5525 2721 5576 tamen
2752 5523 2886 5584 ελιοὲ
2910 5526 2964 5581 α
2989 5535 3103 5585 non
3132 5527 3287 5587 ολςος.
