3982 6082
8 411 22 452 l

231 313 386 410 ms

906 343 1258 409 HOMILLE
1296 335 1382 407 ΙΝ
1420 339 1674 408 EPIST.
1720 335 1821 407 ET
1866 331 2156 407 EV’ANG.
2202 333 2548 407 DOMINIC.
2583 377 2658 388 -
2689 339 2894 406 PARS
2938 341 2988 406 Ι.

3472 343 3632 407 1794

229 479 393 553 quasi
443 475 752 544 morientes,
785 477 842 534 et
897 475 1219 535 econtrario
1258 476 1402 535 dixit
1456 477 1586 535 sine
1635 486 1716 546 ut,
1748 477 1876 535 sine
1903 479 1957 546 Α
1989 476 2215 550 rapitur
2242 493 2438 534 curru.
2469 475 2710 548 Jejunat
2736 475 2914 533 etiam
2943 473 3230 542 Christus,
3264 478 3323 532 et
3349 476 3629 533 acceden-

226 570 391 636 sicut,
449 565 576 623 sine
631 565 812 639 quasi,
842 580 1083 633 veraces,
1139 565 1261 624 noti
1292 567 1548 634 vivimus,
1600 566 1878 640 quoniam
1987 569 2074 622 tes
2105 563 2294 638 angeli
2326 564 2380 622 ei
2425 565 2781 623 ministrant.
2814 565 2925 623 Sed
2967 581 3102 621 cum
3135 561 3364 638 Moyses
3390 569 3449 621 et
3479 566 3632 624 Elias

227 660 392 713 tanta
421 645 594 712 debet
622 665 751 711 esse
771 654 830 711 in
853 653 1226 729 praedicatore
1257 656 1560 723 sanctitas,
1583 656 1739 729 quod
1764 669 1880 711 non
1988 651 2257 711 homines
2288 653 2488 728 utique
2519 653 2672 727 puri,
2701 657 2836 727 post
2865 653 3251 727 quadraginta
3280 653 3511 712 dierum
3535 656 3633 728 ie-

230 744 417 819 possiit
463 741 680 818 aliquis
729 739 885 800 mala
932 741 1124 800 dicere
1156 741 1227 800 de
1257 753 1347 811 eo,
1378 741 1492 800 nisi
1523 741 1878 801 mentiendo.

231 834 404 904 Quasi
430 834 636 901 tristes,
686 829 937 890 subaudi
978 849 1188 890 sumus
1221 833 1372 890 inter
1403 831 1671 890 miserias
1702 829 1882 906 hujus

232 919 450 991 saeculi,
500 925 558 978 et
584 925 782 978 tamen
813 921 870 978 in
903 930 1006 995 Spe
1035 917 1166 978 vita:
1208 921 1458 978 caelestis
1502 937 1710 979 sumus
1739 937 1883 995 gau-

233 1012 459 1068 dentes.
490 1007 646 1067 Sicut
691 1017 923 1082 egentes,
953 1009 1128 1068 rebus
1169 1010 1390 1067 scilicet
1439 1007 1883 1084 temporalibus,

235 1104 430 1157 tamen
457 1098 675 1156 multos
696 1089 913 1156 divitiis
935 1095 1268 1157 ccn‘lestibus
1283 1097 1728 1174 Iocupletantes.
1753 1101 1888 1158 Tan-

233 1199 402 1263 quam
429 1188 578 1246 nihil
601 1187 878 1254 habentes,
910 1195 962 1245 et
1008 1191 1198 1246 omnia
1241 1189 1595 1264 possidentes.
1637 1189 1889 1247 Pensan-

235 1279 376 1336 dum
413 1293 646 1351 quoque
693 1281 784 1335 est
831 1275 946 1348 hic,
999 1278 1208 1336 fratres
1255 1277 1390 1349 mei,
1424 1279 1700 1352 quoniam
1747 1279 1890 1335 sicut

237 1365 457 1434 tristes,
477 1365 620 1424 sicut
639 1371 897 1441 egentes,
921 1375 1186 1441 tanquam
1203 1365 1348 1425 nihil
1367 1367 1732 1442 possidentes
1753 1365 1892 1424 dicit

236 1453 569 1530 Apostolus.
591 1453 664 1514 Et
694 1453 958 1514 absolute
978 1453 1453 1530 dicitgaudentes,
1488 1457 1890 1530 locupletantes,

236 1545 426 1602 omnia
448 1545 801 1620 possidentes,
833 1543 1150 1603 Ostendens
1184 1545 1340 1620 quod
1371 1543 1574 1604 omnia
1599 1551 1890 1621 tempora-

240 1633 321 1692 lia
351 1651 464 1691 non
498 1647 631 1691 vere
683 1637 845 1702 sunt,
889 1635 989 1693 sed
1021 1635 1190 1709 quasi
1221 1636 1282 1693 in
1307 1635 1538 1694 somnio
1587 1638 1889 1710 apparent.

241 1717 404 1779 Sicut
433 1723 590 1782 enim
651 1722 916 1797 loquitur
968 1723 1068 1797 qui
1095 1724 1160 1780 in
1189 1742 1399 1782 somno
1455 1721 1674 1799 aliquid
1707 1722 1892 1794 vidit;

1981 741 2241 816 junium,
2262 741 2947 816 nonleganturesurisse,
2967 760 3144 814 quare
3160 742 3447 810 Christus,
3460 761 3636 803 verus

1992 833 2166 901 Deus,
2212 828 2394 889 voluit
2435 832 2707 890 esurire?
2757 831 2993 906 'l‘riplici
3024 833 3096 888 de
3133 850 3331 903 causa,
3380 838 3444 891 ut
3473 834 3636 892 scil-i-

1993 926 2084 978 cet
2139 937 2201 977 se
2255 937 2459 978 verum
2528 921 2827 978 hominem
2887 922 3333 992 demonstraret,
3405 928 3471 980 ut
3529 943 3638 983 sua

1994 1009 2184 1068 esurie
2213 1009 2539 1068 voluntaria
2581 1015 2842 1068 nostram
2884 1011 3272 1069 necessariam
3303 1014 3636 1083 redimeret,

1994 1104 2060 1155 ut
2074 1098 2404 1167 esuriendo,
2422 1091 2685 1156 tentandi
2706 1099 3070 1157 occasionem
3086 1101 3318 1159 diabolo
3329 1104 3634 1178 prazberet.

1996 1189 2081 1245 0b
2112 1186 2479 1263 triumphum
2512 1206 2746 1262 quoque
2775 1189 2959 1246 voluit
2984 1189 3270 1249 Dominus
3289 1193 3562 1264 jejunare
3581 1195 3641 1250 et

1996 1277 2230 1345 tentari,
2263 1283 2328 1334 ut
2375 1277 2597 1335 scilicet
2643 1277 2815 1336 nobis
2841 1279 2917 1335 de
2963 1295 3157 1348 carne,
3191 1282 3262 1338 de
3299 1281 3553 1350 diabolo,
3581 1286 3642 1340 et

1997 1367 2068 1422 de
2122 1366 2342 1424 mundo
2389 1367 2798 1441 triumpharet.
2830 1367 3060 1426 Vicerat
3107 1370 3322 1445 quippe
3371 1367 3642 1430 diabolus

1998 1455 2256 1529 primum
2273 1455 2573 1513 hominem
2590 1460 2892 1532 parentem
2905 1463 3193 1526 nostrum,
3212 1461 3490 1518 tentando
3505 1477 3643 1519 sum

1999 1545 2070 1601 de
2099 1545 2311 1616 tribus,
2339 1545 2412 1602 de
2432 1544 2593 1621 gula,
2618 1546 2690 1603 de
2708 1547 3048 1620 cupiditate,
3069 1548 3140 1604 de
3162 1565 3312 1606 vana
3331 1547 3537 1623 gloria.
3562 1550 3644 1608 De

1999 1634 2139 1708 gula
2180 1651 2317 1692 eum
2368 1634 2612 1691 tentavit
2640 1639 2698 1692 et
2724 1634 2884 1703 vicit,
2944 1637 3176 1710 quando
3233 1655 3371 1695 eum
3417 1640 3644 1697 ambire

2001 1719 2305 1780 scientiam
2357 1723 2491 1780 boni
2540 1727 2598 1780 et
2641 1723 2780 1781 mali
2827 1725 3138 1797 persuasit.
3173 1721 3256 1782 De
3283 1743 3433 1784 vana
3455 1727 3646 1802 gloria

243 1812 412 1922 quasi
445 1811 806 1922 equitabam,
861 1812 1029 1886 quasi
1063 1814 1391 1884 currebam,
1423 1817 1482 1871 et
1528 1813 1891 1888 hujusmodi.
1923 1857 1969 1922 Β
1993 1811 2120 1911 sive
2150 1809 2424 1922 super'bia
2452 1829 2586 1870 eum
2617 1813 2858 1870 tentavit
2886 1818 2944 1871 et
2969 1813 3123 1883 vicit,
3155 1816 3390 1888 quando
3421 1821 3487 1874 ut
3518 1834 3644 1875 am-

244 1899 583 1974 Spirituali'a
609 1913 744 1958 vero
773 1905 832 1958 et
873 1901 1133 1960 ctnlestia
1179 1901 1353 1972 bona,
1396 1921 1528 1961 vere
1555 1907 1714 1971 sunt,
1748 1921 1890 1978 quo-

245 1989 404 2047 niam
453 1991 828 2064 sempiterna.
888 1989 1106 2048 Divitiae
1165 1993 1403 2066 quippe,
1433 1991 1640 2051 fratres
1672 1994 1806 2062 mei,
1837 1997 1895 2049 et

243 2079 440 2154 gloria
469 2082 526 2138 et
553 2079 806 2139 honores
827 2080 1006 2154 hujus
1028 2081 1255 2153 mundi,
1281 2081 1360 2138 ita
1380 2082 1494 2140 cito
1517 2085 1892 2152 evanescunt,

245 2164 400 2242 quod
432 2173 565 2244 post
611 2159 883 2239 mortem,
931 2187 1037 2227 nec
1095 2171 1270 2227 etiam
1332 2169 1512 2228 fuisse
1566 2169 1892 2228 vidcantur.

244 2257 406 2314 Unde
436 2251 778 2317 Psalmista:
804 2259 1175 2324 Dormierunt,
1198 2259 1412 2335 inquit,
1433 2273 1685 2318 somnum
1711 2277 1894 2330 suum,

241 2356 296 2405 et
321 2347 466 2404 nihil
512 2349 841 2407 invenerunt
889 2349 1002 2406 viri
1047 2349 1374 2407 divitiarum
1403 2349 1459 2406 in
1499 2352 1756 2406 manibus
1783 2349 1897 2406 suis

244 2435 413 2509 (Psal.
449 2437 633 2511 ων).
666 2436 916 2495 Econtra
937 2453 1070 2498 vero
1089 2437 1349 2508 tristitia,
1376 2443 1626 2514 egestas,
1659 2441 1717 2496 et
1737 2436 1898 2512 igno-

244 2521 461 2596 bilitas,
513 2535 661 2600 quas
713 2526 1020 2601 patiuntur
1067 2528 1254 2586 sancti
1303 2529 1363 2584 in
1395 2527 1506 2585 hoc
1546 2525 1782 2597 scnculo,
1815 2527 1898 2584 sic

244 2617 359 2673 cito
408 2615 768 2688 transibunt,
820 2621 885 2673 ut
911 2622 1046 2692 post
1075 2617 1243 2692 quasi
1276 2635 1554 2675 somnum
1601 2617 1782 2676 fuisse
1809 2616 1898 2672 vi-

246 2707 517 2762 deantur.
549 2704 614 2762 In
636 2706 834 2763 futuro
854 2724 988 2764 vero
1015 2707 1254 2766 dabitur
1277 2707 1599 2765 econtrario
1620 2705 1899 2766 divitibus

247 2805 351 2870 pro
395 2795 562 2852 vanis
613 2793 834 2854 divitiis
879 2813 1018 2853 vera
1045 2799 1105 2853 et
1150 2801 1365 2854 aeterna
1412 2799 1764 2872 paupertas;
1795 2813 1899 2870 pro

245 2893 395 2941 vana
425 2883 647 2954 laetitia,
680 2901 817 2942 vera
847 2889 904 2941 et
934 2890 1150 2942 aeterna
1181 2885 1440 2956 tristitia,
1465 2903 1572 2958 pro
1600 2885 1764 2942 vanis
1793 2881 1898 2942 ho-

249 2971 514 3043 noribus,
563 2989 699 3032 vera
747 2978 804 3031 et
843 2978 1059 3032 aeterna
1107 2973 1449 3050 ignominia.
1491 2973 1724 3032 Sanctis
1765 2991 1900 3032 vero

248 3061 503 3131 dabitur,
547 3080 652 3138 pro
695 3081 846 3121 vana
899 3063 1082 3136 hujus
1138 3063 1334 3121 saeculi
1389 3063 1648 3134 tristitia,
1680 3081 1815 3121 vera
1845 3067 1904 3120 et

248 3155 465 3210 aeterna
480 3149 704 3222 laetitia,
729 3169 832 3226 pro
853 3169 1003 3209 vana
1025 3156 1303 3226 egestate,
1325 3171 1472 3211 verae
1493 3156 1550 3210 et
1569 3157 1794 3210 (sternte
1819 3151 1903 3209 di-

2003 1899 2169 1970 biret,
2223 1905 2287 1958 ut
2315 1900 2468 1958 Deus
2519 1907 2696 1969 esset,
2723 1902 2778 1960 ei
2821 1904 3134 1978 persuasit.
3177 1903 3240 1962 In
3285 1905 3379 1962 his
3429 1907 3646 1977 tribus,

2003 1990 2211 2048 fratres
2258 1989 2608 2064 charissimi,
2641 1995 2766 2050 tota
2802 1993 3007 2050 mundi
3038 1993 3263 2051 malitia
3293 1994 3644 2066 continetur,

2002 2096 2035 2136 a
2067 2077 2282 2153 quibus
2313 2096 2420 2137 nos
2465 2081 2808 2139 dehortatur
2852 2082 3131 2151 Joannes,
3179 2083 3416 2141 dicens:
3463 2084 3646 2142 Nolite

2001 2168 2230 2242 diligere
2273 2169 2560 2237 mundum,
2590 2187 2688 2226 nec
2727 2187 2792 2227 ea
2821 2188 2939 2244 quae
2969 2173 3030 2227 in
3056 2172 3260 2231 mundo
3297 2182 3466 2243 sunt;
3512 2190 3644 2248 quo-

2001 2259 2156 2314 niam
2225 2259 2489 2332 quidquid
2559 2262 2620 2317 in
2682 2260 2886 2316 mundo
2951 2269 3051 2329 est,
3115 2271 3199 2318 est
3265 2265 3644 2337 concupiscen-

2003 2348 2090 2403 tia.
2131 2349 2339 2414 carni's,
2395 2355 2494 2404 aut
2540 2349 2840 2416 oculorum,
2899 2357 2997 2406 aut
3038 2349 3298 2423 superbia
3343 2354 3490 2422 vitae,
3519 2367 3649 2426 quae

2001 2453 2113 2493 non
2132 2445 2211 2493 est
2237 2453 2307 2494 ea:
2332 2439 2440 2494 Deo
2479 2440 2649 2497 Patre
2677 2440 2725 2511 (l
2745 2443 2912 2498 Joan.
2941 2440 3026 2511 ιι).
3075 2441 3179 2499 liis
3225 2442 3417 2500 tribus
3460 2443 3650 2500 victus

2004 2525 2178 2582 homo
2210 2525 2321 2582 fuit
2367 2527 2672 2599 subjectus
2700 2528 2862 2585 omni
2907 2527 3168 2598 malitia,
3197 2531 3414 2604 carnis,
3441 2532 3648 2590 mundi

2005 2618 2063 2670 et
2089 2611 2325 2670 diaboli.
2358 2615 2633 2686 Jejunare
2649 2615 2830 2689 igitur
2851 2619 2907 2673 et
2927 2618 3137 2674 tentari
3156 2619 3340 2676 voluit
3359 2619 3649 2690 Christus,

2006 2705 2072 2758 ut
2116 2701 2285 2761 nobis
2335 2704 2724 2779 triumpharet
2752 2706 2824 2762 de
2873 2705 3123 2772 diabolo.
3164 2725 3338 2766 carne
3383 2708 3563 2766 simul
3593 2713 3654 2767 et

2007 2791 2251 2849 mundo.
2304 2792 2578 2851 Diabolus
2612 2793 2873 2868 quidem,
2903 2795 2966 2852 in
3012 2796 3222 2854 iisdem
3253 2795 3442 2856 tribus
3491 2801 3653 2856 tanta

2007 2886 2167 2937 verat
2195 2886 2253 2938 et
2280 2882 2495 2939 vicerat
2512 2883 2720 2954 Adam,
2753 2885 2997 2940 tentavit
3024 2889 3082 2942 et
3102 2885 3422 2955 Christum,
3451 2887 3553 2944 sed
3573 2887 3656 2944 ab

2009 2987 2075 3026 eo
2105 2970 2364 3028 devictus
2413 2975 2522 3028 est.
2554 2971 2636 3029 De
2664 2971 2802 3046 gula
2833 2973 3048 3048 quippe
3077 2975 3320 3032 tentavit
3345 2990 3482 3046 eum
3514 2991 3652 3033 eum

2008 3059 2187 3117 dixit:
2236 3061 2302 3117 Si
2349 3061 2518 3118 Filius
2569 3063 2672 3120 Dei
2715 3079 2793 3131 es,
2845 3063 2936 3120 die
2985 3070 3046 3119 ut
3093 3062 3301 3138 lapides
3347 3066 3443 3121 isti
3481 3081 3652 3139 panes

2007 3151 2163 3221 ﬁant.
2199 3149 2310 3207 Sed
2341 3150 2400 3207 in
2435 3151 2750 3208 tentatione
2784 3168 2894 3209 sua
2921 3151 3188 3209 Christus
3213 3169 3349 3210 eum
3379 3170 3652 3210 succum-

246 3235 426 3313 vitiae;
459 3259 564 3316 pro
586 3223 1124 3314 vana'ignobilitate
1145 3259 1319 3299 verus
1341 3240 1398 3299 et
1417 3246 1668 3299 aeternus
1689 3239 1896 3299 honor.
1929 3223 1972 3292 C
2009 3235 2114 3308 bit,
2164 3255 2298 3296 cum
2345 3239 2397 3296 ei
2429 3239 2606 3296 dicit:
2637 3242 2756 3298 Non
2785 3243 2846 3296 in
2871 3241 2984 3298 solo
3006 3257 3155 3313 pane
3186 3243 3324 3298 vivit
3349 3241 3530 3311 homo,
3558 3241 3654 3301 sed

248 3329 470 3396 Quibus
503 3347 610 3388 nos
636 3331 920 3406 adjungat
949 3329 1106 3388 Deus
1135 3333 1194 3388 et
1232 3327 1518 3388 Dominus
1549 3334 1766 3400 noster,
1800 3329 1901 3404 qui

248 3420 306 3476 in
334 3415 622 3478 Trinitate
641 3420 897 3494 perfecta
923 3419 1065 3477 vivit
1092 3424 1151 3477 et
1180 3425 1386 3495 regnat
1413 3425 1587 3478 Deus.
1621 3424 1828 3478 Amen.

779 3527 1087 3585 HOMILIA
1123 3527 1364 3584 XXXVI.

562 3615 841 3657 DOMINICA
880 3615 1066 3656 PRIMA
1113 3613 1587 3664 QUADRAGESIMJE.

322 3691 528 3747 Ductus
555 3696 635 3746 est
659 3687 814 3746 Iesus
846 3691 905 3745 in
951 3687 1224 3745 desertum
1251 3706 1286 3744 a
1313 3688 1547 3762 Spiritu,
1581 3696 1643 3744 ut
1670 3695 1904 3745 tentare-

252 3785 345 3834 tur
371 3795 406 3836 a
450 3775 687 3834 diabelo.
719 3776 936 3834 Etcum
973 3776 1278 3851 jejunasset
1319 3775 1686 3850 quadraginta
1715 3775 1905 3834 diebus

250 3871 304 3924 et
351 3865 722 3940 quadraginta
759 3863 1036 3936 noctibus,
1079 3875 1263 3939 postea
1307 3867 1506 3923 esuriit
1559 3865 1770 3939 (Matth.
1804 3864 1902 3939 Iv).

255 3953 542 4023 Quoniam
595 3951 1101 4028 quadragesimale
1149 3953 1359 4011 Christi
1379 3953 1679 4026 jejunium
1711 3951 1904 4023 hodie,

257 4044 466 4100 fratres
507 4037 862 4113 charissimi,
893 4043 1264 4111 inchoamus,
1294 4043 1703 4100 convenienter
1730 4060 1907 4100 evan-

256 4131 442 4207 geliea
457 4128 630 4190 lectio
651 4129 959 4189 historiam
981 4129 1162 4206 huius
1174 4131 1387 4205 jejunii
1408 4132 1714 4189 continens
1733 4129 1908 4188 hodie

257 4221 553 4280 recitatur.
608 4219 672 4279 In
706 4238 823 4295 qua
861 4217 1109 4278 lectione
1138 4221 1232 4278 hic
1260 4221 1518 4296 primum
1549 4219 1718 4277 nobis
1749 4237 1907 4294 quae-

257 4307 504 4370 rendum
534 4309 765 4368 videtur
814 4327 997 4384 quare
1043 4307 1310 4368 Christus
1357 4309 1512 4368 Deus
1542 4315 1600 4368 et
1628 4309 1908 4366 Dominus

256 4401 474 4466 noster,
510 4396 610 4471 qui
639 4395 700 4454 in
732 4415 840 4454 sua
887 4395 1265 4456 sanctissima
1295 4415 1468 4456 carne
1496 4395 1720 4455 nullam
1753 4395 1909 4472 peni-

257 4492 355 4544 tus
385 4487 571 4545 sensit
619 4485 1023 4558 rebellionem,
1064 4487 1339 4562 jejunare
1381 4486 1562 4544 voluit
1590 4489 1647 4544 et
1675 4485 1905 4544 tentari.

2007 3329 2070 3384 in
2097 3330 2248 3385 omni
2277 3329 2434 3386 verbo
2475 3329 2615 3402 quod
2639 3327 2882 3403 procedit
2910 3329 2977 3386 de
3019 3345 3112 3387 ore
3152 3331 3270 3387 Dei.
3301 3331 3381 3388 Ac
3411 3331 3464 3390 si
3491 3329 3652 3389 dice-

2010 3421 2134 3473 ret:
2185 3418 2248 3474 In
2280 3419 2579 3488 tentando,
2624 3418 2695 3474 de
2738 3417 2864 3476 solo
2898 3435 3049 3493 pane
3087 3420 3374 3494 corporali
3405 3421 3652 3480 mentio-

2010 3522 2144 3564 nem
2175 3507 2338 3574 facis,
2365 3523 2500 3563 cum
2525 3506 2748 3564 homini
2773 3509 2962 3582 magis
2993 3509 3072 3566 sit
3097 3509 3464 3568 necessarius
3489 3511 3655 3586 spiri-

2011 3593 2208 3652 tualis.
2267 3595 2350 3652 Ds
2403 3595 2716 3670 cupiditate
2772 3597 3012 3654 tentavit
3062 3597 3380 3670 Christum,
3439 3616 3575 3657 cum
3601 3599 3658 3656 si

2011 3683 2191 3740 dixit:
2225 3687 2354 3742 limo
2381 3686 2564 3742 omnia
2593 3686 2697 3742 tibi
2721 3685 2878 3756 dabo,
2909 3685 2962 3743 si
2985 3686 3182 3744 cadens
3205 3687 3520 3745 adoraveris
3546 3703 3654 3746 me.

2013 3772 2125 3830 Sed
2154 3773 2215 3831 in
2244 3773 2374 3848 ipsa
2407 3774 2727 3832 tentatione
2757 3792 2792 3832 a
2820 3775 3050 3834 Christo
3078 3782 3408 3851 superatur,
3439 3794 3572 3834 cum
3603 3777 3654 3835 ei

2013 3858 2257 3922 dicitur:
2296 3863 2572 3937 Scriptum
2596 3871 2674 3922 est
2695 3883 2714 3921 :
2767 3866 3063 3922 Dominum
3106 3867 3278 3923 Deum
3326 3875 3481 3923 tuum
3521 3867 3658 3925 udos

2013 3955 2182 4022 rubis,
2213 3961 2264 4011 et
2293 3954 2383 4009 illi
2409 3955 2515 4010 soli
2559 3956 2783 4010 servies.
2812 3957 2892 4011 Ac
2924 3956 2973 4013 si
3006 3955 3260 4012 diceret:
3292 3954 3465 4012 Nulla
3495 3971 3654 4014 crea-

2013 4049 2147 4100 tura
2175 4059 2242 4102 eo
2289 4041 2452 4099 cultu
2509 4060 2624 4116 quo
2677 4044 2850 4110 Deus,
2899 4043 3200 4100 adoranda
3228 4048 3335 4100 est.
3386 4043 3466 4102 De
3507 4061 3660 4102 vana

2014 4131 2203 4206 gloria
2229 4131 2351 4188 sive
2375 4131 2446 4187 de
2476 4130 2755 4205 superbia
2783 4131 3025 4188 tentavit
3051 4147 3210 4199 eum,
3239 4147 3378 4189 cum
3405 4131 3550 4188 dixit
3567 4133 3656 4191 ei:

2015 4223 2078 4280 Si
2101 4222 2251 4278 Flius
2277 4221 2377 4277 Dei
2403 4236 2478 4286 es,
2509 4219 2664 4276 mitte
2691 4227 2744 4277 te
2775 4219 3043 4277 deorum.
3073 4215 3348 4294 Scriptum
3373 4229 3452 4278 est
3471 4223 3653 4279 enim:

2018 4310 2159 4380 Quia
2199 4309 2410 4381 angelis
2437 4309 2554 4365 suis
2581 4309 2723 4365 Deus
2759 4309 3042 4366 mandavit
3069 4309 3134 4368 de
3156 4319 3229 4378 te,
3263 4318 3326 4367 ut
3349 4311 3659 4368 custodiant

2014 4404 2071 4456 te
2100 4401 2160 4455 in
2188 4397 2440 4455 omnibus
2468 4399 2574 4454 viis
2616 4400 2746 4454 tuis.
2779 4398 2842 4453 In
2886 4401 3143 4457 manibus
3163 4400 3460 4474 portabunt
3488 4409 3560 4469 te,
3588 4417 3658 4458 ne

2015 4504 2262 4561 unquam
2307 4485 2548 4560 offendas
2591 4486 2662 4542 ad
2707 4486 2946 4560 lapidem
2983 4487 3175 4563 pedem
3220 4497 3394 4544 tuum.
3443 4489 3558 4545 Sed
3597 4489 3658 4548 in

253 4575 541 4664 Jejunare‘
563 4573 746 4650 igitur
773 4579 832 4632 et
860 4571 1072 4664 tentari
1101 4573 1284 4664 voluit
1313 4576 1386 4634 ob
1418 4579 1536 4634 tres
1567 4593 1774 4634 causas
1800 4593 1812 4632 :
1835 4575 1909 4633 ob
1939 4598 1986 4664 Β
2011 4575 2146 4651 ipsa
2192 4592 2302 4632 sua
2349 4575 2664 4664 tentatione
2711 4591 2745 4631 a
2790 4575 3020 4634 Christo
3064 4580 3396 4664 superatur,
3439 4593 3576 4634 cum
3603 4575 3658 4635 si

257 4661 677 4734 ministerium,
708 4663 780 4721 ob
813 4663 1203 4738 triumphum,
1223 4663 1295 4722 ob
1316 4663 1670 4740 exemplum.
1697 4663 1782 4723 0b
1804 4664 1910 4721 mi-

257 4753 592 4824 nisterium,
615 4753 894 4828 quoniam
919 4753 1105 4811 voluit
1129 4753 1534 4826 demonstrare
1563 4771 1626 4812 se
1655 4757 1711 4811 et
1734 4772 1909 4812 suum

249 4841 544 4916 jejunium
576 4859 680 4918 per
705 4837 897 4919 legem
928 4846 986 4900 et
1013 4843 1327 4918 prophetas
1357 4841 1539 4900 fuisse
1567 4843 1910 4918 prmﬁgura-

259 4936 408 4988 tum.
426 4931 553 5004 Jeju
562 4926 720 4988 navit
737 4931 1264 5008 quippelegislator
1281 4931 1507 5009 Moyses
1523 4931 1913 5008 quadragirta

260 5015 467 5078 diebus
493 5039 506 5092 ;
531 5019 822 5098 jejunavit
851 5040 1084 5097 quoque
1119 5026 1177 5080 et
1203 5021 1378 5094 Elias,
1404 5021 1652 5080 eximius
1668 5023 1912 5097 prophe-

259 5114 474 5180 tarum,
507 5107 753 5168 totidem
783 5111 1012 5169 diebus.
1033 5111 1324 5186 Jejunavit
1344 5111 1519 5169 etiam
1543 5116 1600 5170 et
1619 5113 1909 5180 Christus,

257 5198 406 5275 legis
436 5199 494 5258 et
521 5195 944 5276 prophetarum
974 5199 1280 5270 Dominus,
1312 5201 1554 5259 totidem
1584 5201 1809 5259 diebus.
1845 5202 1908 5259 In

259 5281 478 5364 quibus
506 5291 566 5348 et
592 5290 835 5364 praemia
856 5290 1259 5365 jejunantium
1287 5290 1526 5366 pariter,
1559 5291 1790 5364 fratres,
1822 5294 1909 5348 at-

257 5375 592 5438 tendamus.
623 5375 921 5454 Jejunavit
940 5379 1169 5455 Moyses
1193 5379 1583 5455 quadraginta
1602 5378 1832 5448 diebus,
1855 5384 1913 5439 et

256 5465 490 5526 locutus
537 5471 628 5526 est
674 5483 809 5528 cum
863 5465 1003 5542 Deo,
1037 5473 1096 5528 et
1143 5469 1364 5546 accepit
1416 5468 1626 5545 legem.
1672 5469 1914 5544 Jejunat

259 5572 497 5632 quoque
527 5557 585 5614 et
611 5545 794 5626 Elius,
825 5557 885 5632 et
929 5575 1065 5618 cum
1096 5557 1212 5618 Deo
1239 5545 1520 5634 loquitur,
1553 5561 1611 5617 et
1640 5557 1911 5618 flammeo

338 5637 453 5724 (35)
481 5637 656 5726 Vulg.
704 5643 922 5723 ἀπαθεῖ,
963 5657 1302 5709 accesserunt
1327 5656 1380 5710 et
1415 5649 1813 5710 ministrabant
1837 5651 1910 5711 ei.

2017 4665 2232 4722 dicitur
2256 4681 2269 4720 :
2319 4665 2437 4721 Non
2466 4661 2697 4720 lentabis
2746 4665 3045 4721 Dominum
3070 4663 3243 4721 Deum
3291 4671 3466 4720 tuum.
3496 4666 3578 4722 Ac
3607 4665 3660 4722 st

2021 4752 2274 4811 diceret:
2326 4753 2452 4809 Non
2482 4756 2574 4809 est
2601 4757 2754 4809 Deus
2782 4753 3122 4821 tentandus,
3151 4769 3285 4810 cum
3317 4753 3390 4810 de
3436 4754 3660 4811 ratione

2019 4843 2305 4900 habemus
2337 4841 2478 4915 quid
2528 4841 2832 4898 faciamus.
2865 4842 3039 4900 Porro
3069 4859 3203 4899 cum
3250 4840 3520 4900 diabolus
3548 4842 3659 4899 hac

2017 4932 2308 5008 pracipue
2335 4931 2657 4988 intentione
2679 4930 2974 4988 Christum
3000 4933 3268 4999 tentaret,
3293 4933 3358 4988 ut
3382 4930 3660 4989 tentanda

2019 5041 2094 5079 an
2127 5023 2305 5080 Filius
2335 5021 2436 5078 Dei
2467 5026 2623 5078 esset
2652 5021 2832 5095 (quod
2862 5021 3116 5077 maxime
3157 5021 3306 5078 scire
3343 5022 3656 5096 cupiebat.)

2019 5111 2364 5185 exploraret,
2413 5109 2700 5167 Dominus
2729 5110 2810 5166 ita
2853 5111 2982 5182 ejus
3019 5110 3369 5167 tentationes
3418 5127 3659 5184 respon-

2016 5201 2206 5259 dendo
2235 5203 2492 5274 superat,
2525 5203 2590 5255 ut
2625 5215 2760 5256 eum
2807 5216 3042 5274 semper
3067 5198 3313 5256 dubium
3345 5199 3658 5273 relinquat.

2017 5291 2144 5348 Non
2174 5289 2330 5348 enim
2361 5289 2463 5357 ait,
2486 5305 2580 5345 me
2602 5289 2872 5346 adorabis
2890 5288 2975 5346 vel
2997 5305 3092 5346 me
3111 5306 3229 5346 non
3258 5289 3536 5358 tentabis,
3555 5288 3661 5347 sed

2017 5383 2248 5437 tantum
2279 5380 2339 5436 in
2369 5379 2543 5436 tertia
2572 5395 2822 5453 persona
2847 5378 3187 5436 testimonia
3226 5377 3375 5451 legis
3411 5375 3660 5434 induxit.

2019 5469 2112 5527 Sic
2143 5469 2322 5544 igitur
2350 5467 2618 5527 diabolus
2644 5466 2834 5526 victus
2862 5472 2920 5526 et
2938 5469 3224 5527 confusus
3251 5465 3422 5540 fugit.
3451 5467 3518 5522 Et
3544 5481 3664 5526 ecce

2017 5560 2204 5636 angeli
2248 5558 2552 5618 accedentes
2579 5557 2652 5616 ad
2686 5555 2962 5618 Clu-istum
3005 5559 3146 5636 (35),
3172 5556 3564 5616 ministrabant
3589 5555 3668 5628 ei,
