3982 6082
291 248 447 311 I795

1296 247 1697 311 ADDENDA.
1727 278 1806 292 -
1836 244 2232 310 BADULPHI
2275 244 2693 313 ARDEN'I‘IS.

3536 232 3713 314 nso

291 382 452 450 Quod
473 380 718 439 victorias
739 379 976 455 signum
997 384 1087 438 est
1102 380 1278 437 simul
1298 385 1356 438 et
1374 380 1627 438 deitatis.
1648 381 1732 437 0b
1749 396 1938 436 exem-
1964 379 2021 448 Α
2051 396 2205 436 nere.
2240 381 2528 437 Debemus
2558 382 2758 453 etiam,
2781 382 2990 440 fratres
3021 383 3157 451 mei,
3189 383 3516 441 secundum
3546 383 3709 442 Jeel.

287 471 449 546 plum
485 471 661 527 etiam
701 470 971 542 jejunare
1002 474 1061 526 et
1096 471 1308 526 tentari
1336 470 1521 525 voluit
1550 469 1839 537 Christus,
1871 472 1937 524 ut

286 558 553 617 videlicet
579 558 843 631 exemplo
874 556 980 615 suo
1031 559 1323 631 quomodo
1360 559 1651 631 jejunare,
1685 561 1742 615 et
1790 575 1933 631 que-

286 648 462 708 medo
478 647 900 706 tentationihus
918 643 1186 704 resiStere
1203 648 1507 716 debemus,
1528 652 1935 721 praemonstra-

286 740 394 796 ret.
425 737 544 796 Nec
571 736 633 794 in
664 737 944 793 faciendis
973 736 1165 794 solum
1187 736 1467 794 instruxit
1496 755 1624 806 nos,
1654 737 1757 794 sed
1787 740 1845 794 et
1871 736 1933 792 in

287 826 490 884 ordine
533 826 954 883 faciendorum.
1011 825 1203 882 Primo
1245 826 1463 900 quippe
1516 826 1845 900 baptizatur
1872 827 1933 882 in

285 917 526 990 Spiritu,
558 920 617 972 et
636 933 771 972 mox
800 932 834 970 a
862 914 1081 988 Spiritu
1104 915 1338 972 ducitur
1356 915 1417 971 in
1439 917 1758 972 desertum.
1777 916 1934 987 Jeju-

284 1008 406 1073 nat,
438 1004 642 1071 esurit,
677 1007 953 1070 tentatur,
985 1007 1224 1077 superat
1249 1007 1305 1061 et
1333 1004 1702 1060 ministratur
1720 1004 1791 1060 ei.
1815 1005 1931 1061 Nos

285 1111 541 1168 quque,
571 1094 781 1153 fratres
827 1092 1186 1163 charissimi,
1236 1097 1549 1166 sequentes
1598 1091 1930 1166 exemplum

283 1183 601 1241 Salvatoris
629 1182 839 1251 nostri,
867 1181 919 1239 si
949 1198 1093 1255 pure
1131 1183 1405 1255 jejunare
1441 1182 1734 1248 volumus,
1768 1183 1932 1255 prius

282 1272 342 1329 in
372 1272 581 1346 spiritu
611 1271 995 1345 baptizemur.
1020 1272 1131 1329 Sed
1153 1273 1433 1345 quoniam
1462 1289 1569 1329 nos
1589 1275 1722 1346 post
1740 1271 1930 1344 bapti-

283 1378 480 1419 smum
538 1361 710 1434 lapsi,
767 1360 981 1417 iterum
1037 1361 1383 1434 rebaptizari
1422 1378 1539 1418 non
1590 1377 1927 1436 possumus,

283 1451 491 1508 saltem
538 1449 628 1508 vel
662 1466 765 1523 per
819 1450 1242 1524 pcenitentiam,
1278 1468 1405 1523 quae
1455 1454 1545 1506 est
1573 1450 1635 1505 in
1677 1449 1932 1507 Ecclesia

280 1540 598 1611 lavacrum,
631 1541 1022 1597 emundcmur
1033 1539 1207 1610 juxta
1226 1539 1367 1595 illud
1399 1540 1558 1596 Isaiae
1579 1557 1592 1595 :
1616 1541 1927 1609 Lavamini,

279 1629 477 1687 mundi
497 1636 679 1702 estote,
710 1633 922 1702 auferte
952 1630 1157 1684 malum
1205 1631 1597 1699 cogitationum
1623 1636 1928 1686 vestrarum

279 1719 350 1775 ab
393 1719 565 1776 oculis
614 1720 772 1785 meis,
820 1719 1077 1792 quiescite
1126 1734 1288 1788 agere
1328 1734 1597 1791 perverse,
1639 1726 1690 1774 et
1738 1718 1931 1775 discite

282 1809 592 1882 benefacere
611 1808 854 1880 (lsai.,1).
881 1806 1222 1864 Pmnitentia
1243 1807 1398 1863 enim
1423 1807 1744 1881 praecedere
1761 1809 1931 1864 debet

272 1898 589 1971 jejunium,
603 1898 729 1954 sine
747 1914 883 1970 qua,
902 1896 1328 1968 necjejunium,
1345 1913 1449 1952 nec
1460 1896 1695 1969 aliquod
1710 1897 1927 1952 bonum

281 1988 508 2060 placere
538 1991 748 2061 potest.
783 1986 857 2042 Ut
886 2002 1021 2059 ergo
1054 1991 1166 2041 Deo
1199 1990 1466 2042 nostrum
1489 1986 1673 2058 possit
1703 1985 1929 2058 placere

273 2077 593 2150 jejunium,
627 2093 761 2133 mox
792 2076 852 2131 in
884 2074 1167 2149 principio
1188 2074 1675 2146 Quadragesimaa,
1701 2074 1929 2130 festine-

282 2182 417 2223 mus
448 2166 537 2222 ‘ad
597 2165 894 2221 lavacrum
942 2163 1312 2237 pcnnitentiaa.
1368 2163 1633 2219 Mundati
1662 2179 1794 2219 vero
1826 2179 1930 2235 per

282 2255 631 2329 painitentim
679 2253 972 2327 'spiritum,
1022 2269 1139 2309 non
1186 2269 1291 2325 per
1320 2268 1446 2320 nes,
1499 2253 1599 2308 sed
1645 2252 1705 2308 in
1737 2251 1928 2326 seipse

282 2343 429 2401 duce
451 2343 671 2417 Spiritu
697 2342 987 2398 ducamur
1013 2341 1073 2395 in
1103 2341 1425 2406 desertum,
1459 2340 1518 2397 id
1550 2346 1637 2397 est
1658 2341 1718 2396 in
1746 2341 1925 2397 vitam

282 2432 597 2506 religionis.
625 2433 761 2499 Qua:
778 2431 943 2500 bene,
968 2430 1199 2501 fratres,
1224 2429 1439 2486 dicitur
1456 2429 1775 2498 desertum,
1800 2433 1926 2486 tum

283 2522 424 2596 quia
451 2538 486 2578 a
531 2520 734 2577 multis
781 2519 1091 2585 deseritur,
1144 2532 1201 2576 et
1236 2536 1270 2575 a
1302 2518 1504 2591 paucis
1536 2518 1764 2587 colitur,
1796 2524 1926 2576 tum

282 2609 422 2684 quia
450 2628 565 2666 non
595 2609 773 2666 habet
799 2607 974 2666 luxus
1002 2612 1061 2664 et
1101 2607 1364 2664 luxurias
1406 2606 1793 2681 voluptatum,
1827 2609 1926 2665 sed

282 2699 548 2774 sequitur
575 2698 949 2773 asperitatem
971 2697 1276 2766 virtutum,
1298 2697 1546 2754 tendens
1566 2714 1802 2754 sursum
1826 2714 1930 2771 per

283 2788 531 2846 arduam
558 2788 713 2845 viam
763 2790 821 2844 et
868 2790 1200 2861 angustam.
1237 2790 1302 2841 In
1334 2786 1442 2843 hoc
1486 2786 1685 2859 igitur,
1719 2788 1927 2844 fratres

283 2876 634 2947 charissimi,
659 2877 908 2946 deserto,
921 2876 1264 2949 jejunemus
1285 2876 1673 2949 quadraginta
1695 2876 1923 2945 diebus,

281 2968 340 3025 id
372 2970 463 3025 est
498 2984 601 3041 per
628 2970 809 3023 totam
855 2965 1007 3022 hanc
1036 2964 1215 3021 vitam
1246 2969 1612 3037 praesentem,
1668 2982 1795 3037 quas
1827 2982 1929 3039 per

283 3060 535 3131 quatuor
563 3060 829 3129 tempora
856 3053 1195 3128 proteletur.
1245 3053 1545 3126 Jejunium
1594 3058 1790 3109 autem
1839 3058 1929 3110 est

282 3123 402 3203 tam
434 3123 737 3219 spirituale
760 3123 939 3217 quam
962 3142 1277 3216 corporale.
1298 3123 1610 3215 Spirituale
1632 3143 1927 3215 jejunium
1961 3123 2003 3191 (ἶ

282 3239 374 3293 est
387 3236 657 3308 jejunare
678 3252 713 3291 a
743 3238 1011 3307 peccato;
1036 3231 1335 3305 corporale
1346 3231 1663 3303 jejunium,
1688 3236 1777 3289 est
1800 3233 1929 3289 abs-

279 3325 465 3383 tinere
494 3342 529 3381 a
573 3323 721 3381 cibo.
756 3323 930 3379 Porro
971 3319 1276 3394 spirituale
1296 3321 1591 3393 jejunium
1624 3320 1749 3378 sine
1797 3338 1930 3377 cer-

283 3412 467 3489 porali
497 3429 730 3486 semper
755 3410 907 3467 valet
931 3428 944 3466 :
977 3409 1285 3483 Cerperale
1313 3426 1446 3467 vero
1474 3410 1588 3466 ﬁne
1616 3409 1928 3484 spirituali,

285 3519 589 3576 nunquam
619 3499 790 3557 valet.
824 3499 988 3557 Unde
1038 3499 1322 3556 Dominus
1351 3516 1454 3572 per
1482 3498 1730 3556 Isaiam:
1766 3500 1928 3566 Quod

285 3596 396 3661 est,
430 3590 642 3663 inquit,
668 3588 967 3661 jejunium
1000 3589 1156 3661 quod
1186 3588 1369 3662 elegi?
1393 3588 1651 3661 Nunquid
1670 3596 1931 3660 tanquam

283 3681 555 3738 circulum
586 3686 954 3751 contorquere
979 3685 1142 3750 caput
1166 3693 1349 3745 suum,
1381 3686 1431 3734 et
1457 3694 1672 3734 saccum
1700 3686 1751 3734 et
1781 3680 1928 3734 cine-

282 3786 400 3827 rem
442 3771 734 3825 sternere?
787 3767 977 3824 Nonne
1023 3769 1119 3824 hoc
1148 3775 1228 3824 est
1262 3768 1543 3839 jejunium
1597 3766 1738 3839 quod
1771 3768 1928 3840 elegi,

282 3855 418 3911 dicit
445 3855 711 3911 Dominus
732 3857 760 3909 Σ)
787 3855 1027 3910 Dissolve
1053 3854 1427 3924 coltigationes
1458 3856 1771 3927 impietatis,
1792 3873 1934 3928 pone

281 3945 570 4017 fasciculos
598 3944 961 4017 deprimentes
989 3943 1138 4017 (Isai.
1168 3944 1343 4016 LVIII).
1366 3944 1708 4016 Iejunemus
1730 3944 1928 4019 igitur,

284 4034 513 4100 fratres,
545 4032 875 4107 dupliciter,
908 4036 966 4089 et
994 4048 1027 4087 a
1059 4036 1294 4105 peccato
1326 4032 1385 4088 in
1416 4036 1630 4099 mente,
1664 4037 1721 4090 et
1740 4050 1774 4089 a
1803 4035 1931 4091 cibo

282 4122 344 4179 in
375 4138 635 4196 corpore.
668 4121 909 4191 Verum,
934 4122 1161 4187 fratres,
1188 4121 1354 4177 nobis
1375 4121 1472 4194 qui
1496 4139 1600 4194 per
1620 4121 1806 4180 multa
1825 4122 1934 4178 illi-

285 4211 401 4269 cita
430 4211 804 4281 otl'endimus,
828 4226 946 4266 non
963 4210 1180 4266 sufﬁcit
1196 4210 1309 4266 nisi
1328 4212 1505 4266 etiam
1527 4228 1560 4267 a
1576 4211 1931 4284 quibusdam

284 4300 462 4358 licitis
494 4300 919 4357 abstineamus.

355 4391 562 4464 Itaque
590 4394 657 4447 ut
685 4406 788 4463 per
813 4388 1228 4446 abstinentiam
1262 4407 1297 4445 a
1316 4388 1492 4447 licitis
1521 4390 1845 4464 expiemus,
1867 4406 1936 4448 ea

2045 469 2409 526 sanctiﬁcare
2421 471 2717 543 jejunium
2751 472 2901 545 (Joel.
2932 490 2972 539 ι,
2994 474 3080 546 n.)
3104 473 3256 546 quod
3283 473 3487 547 utique
3506 474 3574 529 ﬁt
3596 489 3712 547 per

2044 574 2220 631 opera
2262 559 2493 632 pietatis
2540 565 2598 616 et
2653 560 3083 617 misericordiae.
3139 561 3521 637 Eleemosyna
3560 579 3708 619 vero

2044 646 2170 704 sine
2190 648 2420 720 jejunio
2449 650 2602 705 valet
2626 668 2639 718 ;
2665 650 2959 723 jejunium
2991 667 3128 707 vero
3170 651 3297 708 sine
3325 650 3709 726 eleemesyna

2044 754 2160 793 non
2189 735 2358 794 valet.
2392 737 2555 794 Unde
2587 739 2868 796 Dominus
2895 756 3001 813 per
3030 739 3404 814 prophetam:
3441 741 3589 798 Cum
3609 741 3705 812 je~

2033 828 2267 898 junatis,
2299 827 2553 900 nunquid
2580 829 2721 884 mihi
2739 829 3009 901 jejunatis
3037 831 3060 886 ?
3086 830 3153 885 Et
3181 845 3306 886 cum
3331 829 3703 885 manducavi-

2042 917 2141 971 stis
2170 924 2221 973 et
2252 915 2479 986 bibistis,
2512 933 2693 974 nonne
2723 920 2985 975 vobismet
3024 918 3455 975 manducavistis
3482 926 3537 975 et
3556 919 3705 974 bibi-

2041 1006 2140 1061 stis
2161 1009 2186 1059 ?
2220 1005 2398 1077 (Zach.
2432 1006 2554 1078 vn.)
2586 1006 2707 1062 Sibi
2749 1011 2807 1064 et
2834 1024 2950 1063 non
2982 1008 3100 1064 Dee
3121 1008 3374 1081 jejunat,
3407 1010 3465 1063 et
3494 1005 3613 1064 sibi
3643 1011 3707 1063 et

2043 1111 2159 1151 non
2194 1099 2306 1150 Dee
2337 1094 2656 1151 manducet
2672 1099 2731 1152 et
2750 1095 2922 1166 bibit,
2947 1096 3046 1170 qui
3068 1096 3561 1169 quedjejunande
3583 1095 3699 1152 sibi

2042 1183 2355 1255 subtrahit,
2390 1201 2506 1239 non
2554 1185 2913 1257 pauperibus
2960 1190 3180 1261 erogat,
3224 1185 3326 1242 sed
3356 1183 3472 1241 sibi
3502 1184 3701 1258 peni-

2040 1272 2321 1346 piendum
2354 1276 2631 1329 reservat.
2662 1274 2780 1330 Nos
2807 1291 2967 1348 ergo,
2986 1274 3197 1331 fratres
3218 1273 3356 1341 mei,
3380 1290 3517 1330 cum
3548 1273 3704 1347 jeju-

2042 1379 2275 1429 namus,
2308 1366 2423 1418 Dee
2454 1378 2570 1419 non
2602 1362 2770 1419 nobis
2796 1363 3154 1437 jejuncmus.
3186 1362 3321 1429 Qum
3348 1362 3519 1420 nobis
3549 1362 3695 1422 sub-

2039 1451 2351 1519 trahimus,
2381 1451 2739 1525 pauperibus
2770 1452 3122 1523 tribuamus,
3155 1452 3229 1509 ad
3258 1469 3524 1509 mensam
3554 1469 3699 1508 nos-

2039 1545 2190 1598 tram
2205 1540 2500 1597 Christum
2517 1539 2574 1595 in
2595 1541 2951 1614 pauperibus
2973 1542 3347 1615 recipiamus,
3367 1541 3557 1598 nudos
3573 1558 3702 1598 ves—

2040 1630 2552 1699 tiamus,inﬁrmos
2564 1629 2867 1686 visitemus
2880 1631 3136 1705 captivos
3150 1630 3702 1698 redimamus,sicut

2040 1719 2324 1776 Dominus
2372 1722 2569 1776 monet
2615 1736 2719 1793 per
2769 1719 3021 1776 Isaiam:
3071 1720 3318 1789 Dimitte,
3361 1719 3576 1793 inquit,
3606 1736 3699 1776 eos

2038 1810 2135 1883 qui
2202 1810 2472 1880 confracti
2533 1816 2665 1865 sunt
2730 1810 2947 1879 Liberos,
3014 1818 3066 1866 et
3131 1826 3288 1866 omne
3360 1826 3501 1866 onus
3579 1808 3695 1865 dis-

2038 1915 2247 1971 rumpe.
2277 1901 2489 1969 Frange
2517 1899 2785 1956 esurienti
2822 1915 3027 1972 panem
3072 1906 3247 1967 tuum,
3279 1906 3331 1956 et
3371 1914 3566 1969 egenos
3598 1915 3698 1954 va-

2035 2004 2231 2060 gosque
2256 1986 2422 2043 induc
2452 1990 2512 2044 in
2539 1987 2758 2044 domum
2804 1997 2997 2045 tuam:
3030 1986 3163 2045 Cum
3206 1985 3410 2043 videris
3452 1987 3694 2054 nudum,

2036 2079 2189 2150 operi
2210 2094 2356 2142 eum,
2385 2084 2436 2133 et
2462 2093 2683 2133 carnem
2711 2085 2864 2133 tuam
2890 2093 2961 2133 ne
2988 2076 3294 2151 despezeris
3323 2077 3475 2149 (Isai.
3511 2077 3692 2149 ινιιι).

2037 2165 2272 2223 Esurire
2319 2183 2552 2238 quoque
2595 2167 2666 2223 ad
2716 2165 3047 2240 exemplum
3096 2165 3332 2223 Domini
3379 2164 3695 2238 debemus,

2037 2258 2246 2312 fratres
2296 2254 2651 2323 charissimi,
2691 2259 2747 2311 et
2790 2254 3167 2328 corporaliter
3194 2258 3252 2312 et
3282 2253 3695 2331 spiritualiter.

2036 2344 2422 2417 Corporaliter
2447 2343 2670 2400 esurire
2699 2344 3002 2413 debemus,
3034 2347 3103 2400 ut
3120 2342 3389 2400 videlicet
3410 2360 3533 2403 non
3548 2360 3697 2421 pre-

2034 2432 2341 2490 veniamus
2369 2433 2647 2503 esuriem,
2678 2449 2783 2490 nec
2814 2433 2874 2488 in
2897 2433 3199 2490 fastidium
3229 2436 3553 2500 vertamus,
3582 2449 3703 2495 nec

2037 2521 2191 2579 ultra
2220 2522 2460 2579 modum
2510 2522 2913 2579 extendamus.
2956 2520 3244 2589 Esuriem,
3290 2522 3503 2578 fratres
3550 2522 3697 2590 mei,

2037 2610 2350 2685 praevenire
2368 2628 2482 2667 non
2502 2611 2803 2679 debemus,
2821 2611 2977 2684 quod
2998 2611 3235 2680 faciunt,
3259 2610 3358 2684 qui
3373 2609 3697 2666 comedunt

2037 2704 2351 2773 antequam
2401 2699 2681 2769 esuriant,
2729 2701 2828 2772 qui
2884 2700 3088 2756 horam
3138 2700 3477 2756 canonicam
3529 2715 3693 2756 cem-

2034 2790 2243 2847 edendi
2296 2806 2412 2845 non
2462 2792 2820 2861 exspectant.
2863 2794 2942 2846 De
2992 2806 3107 2863 quo
3151 2789 3290 2846 vitio
3340 2788 3696 2862 reprobatur

2035 2880 2209 2947 Esau,
2245 2878 2341 2951 qui
2387 2878 2683 2934 medicum
2734 2877 2947 2934 esuriei
2993 2878 3141 2935 ferre
3195 2894 3309 2934 non
3352 2875 3578 2945 valens,
3614 2875 3691 2932 ob

2037 2968 2333 3024 medicum
2354 2965 2647 3023 lenticulae
2667 2982 2833 3023 suam
2855 2966 3117 3023 vendidit
3136 2964 3690 3040 primogenituram.

2036 3058 2153 3115 Nos
2169 3073 2322 3125 vero,
2344 3054 2829 3123 fratres,csuriem
2846 3054 3088 3111 viriliter
3108 3059 3430 3129 portemus,
3450 3070 3557 3110 nec
3576 3052 3692 3109 nisi

2037 3149 2096 3205 in
2127 3163 2283 3202 nona
2305 3144 2394 3201 vel
2428 3148 2560 3218 post
2587 3160 2803 3200 nonam
2838 3160 3048 3217 panem
3071 3144 3520 3200 manducemus.
3546 3142 3696 3200 Rur-

2037 3253 2141 3294 sus
2163 3251 2268 3291 nec
2291 3234 2543 3290 esuriem
2566 3234 2625 3289 in
2650 3234 2949 3290 fastidium
2970 3232 3447 3305 vertamus,qued
3466 3231 3696 3288 faciunt

2037 3325 2138 3399 qui
2166 3324 2309 3381 viles
2341 3323 2502 3380 cibos
2526 3323 2837 3397 fugientes,
2866 3321 3158 3380 deliciosis
3186 3325 3244 3379 et
3271 3320 3582 3395 exquisitis
3608 3320 3695 3379 ci.

2037 3415 2150 3482 bis,
2184 3412 2272 3470 vel
2316 3412 2366 3468 si
2398 3412 2506 3468 hos
2554 3429 2671 3468 non
2702 3410 3050 3478 invenerint,
3081 3409 3388 3467 vilioribus
3416 3404 3695 3467 accurate

2037 3510 2094 3561 et
2119 3502 2394 3559 deliciose
2444 3501 2684 3574 paratis,
2736 3500 2886 3574 gulze
2916 3499 3049 3575 plus
3097 3500 3468 3558 satisfaciunt
3507 3515 3693 3572 quam

2040 3598 2281 3650 natura}.
2315 3591 2399 3647 Oh
2431 3590 2687 3663 primum
2717 3590 2923 3645 vitium
2975 3589 3363 3663 reprobantur
3388 3587 3692 3657 Israelita,

2041 3682 2136 3756 qui
2166 3680 2530 3738 fastidientcs
2563 3696 2802 3748 manna,
2824 3696 3029 3736 carnes
3051 3677 3206 3734 male
3229 3695 3338 3735 suo
3359 3677 3695 3751 postulave-

2041 3774 2198 3826 runt.
2250 3768 2335 3825 Ob
2384 3769 2711 3825 secundum
2754 3784 2888 3825 vero
2936 3766 3164 3835 vitium,
3194 3765 3557 3822 damnantur
3588 3763 3696 3821 ﬁlii

2041 3858 2189 3928 Heli,
2222 3857 2323 3932 qui
2369 3873 2713 3913 communes
2759 3873 2964 3914 carnes
2995 3855 3265 3913 sacriﬁcii
3299 3854 3694 3923 fastidientes,

2042 3952 2310 4005 accurate
2341 3945 2451 4002 sibi
2478 3946 2753 4003 deorsum
2776 3945 3190 4020 procurabant.
3213 3946 3286 4000 At
3307 3960 3436 4013 nos,
3457 3942 3695 4013 fratres,

2042 4054 2277 4111 semper
2321 4035 2405 4091 ita
2435 4035 2789 4103 esuriamus,
2824 4038 2889 4090 ut
2918 4034 3058 4091 viles
3087 4034 3249 4090 cibos
3279 4050 3397 4090 non
3428 4032 3697 4090 fastidia-

2042 4144 2197 4195 mus,
2229 4128 2328 4182 sed
2363 4124 2525 4179 cibos
2550 4123 2694 4181 viles
2726 4126 2784 4179 et
2812 4122 3057 4180 viriliter
3074 4126 3330 4196 paratos,
3364 4119 3536 4194 quasi
3557 4119 3702 4176 deli-

2043 4215 2162 4272 cias
2181 4213 2578 4271 cemedamus.
2603 4213 2830 4269 Rursus
2851 4229 2955 4269 nec
2976 4211 3232 4269 esuriem
3254 4214 3519 4268 nostram
3541 4208 3702 4265 ultra

2045 4304 2287 4361 modum
2318 4294 2737 4376 pretendamus
2754 4319 2768 4370 ;
2787 4302 2941 4376 quod
2965 4300 3187 4357 faciunt
3215 4298 3299 4356 illi
3317 4299 3420 4372 qui
3440 4298 3590 4355 duos
3608 4295 3701 4354 vel

2044 4398 2162 4450 tres
2175 4392 2301 4448 dies
2313 4391 2438 4448 sine
2452 4391 2581 4447 cibo
2594 4389 3158 4459 manentes,tandem
3175 4388 3426 4445 nimium
3438 4386 3703 4445 esurien-

285 4495 417 4552 quae
445 4479 854 4536 commisimus
884 4479 945 4534 in
974 4476 1193 4535 illicitis
1223 4479 1519 4545 omnibus,
1563 4480 1665 4535 sed
1695 4479 1871 4536 etiam
1902 4496 1937 4536 a
1962 4496 2012 4564 Β
2044 4489 2132 4539 tes
2145 4480 2388 4538 nimiam
2403 4478 3120 4552 rapiuutrefectionem,in
3134 4481 3381 4550 utraque
3394 4475 3702 4532 nimietate

285 4567 459 4626 licitis
491 4567 849 4642 quibusdam
888 4567 1252 4639 jejunemus,
1284 4570 1368 4636 ut,
1403 4584 1536 4623 cum
1570 4567 1741 4624 liceat
1768 4569 1935 4625 nobis
1964 4562 1983 4564 ί
2045 4572 2355 4645 peccantes
2383 4568 2622 4642 pariter.
2649 4567 2810 4635 Quod
2836 4584 2962 4637 nos,
2995 4565 3351 4632 charissimi,
3371 4562 3702 4621 devitantes

284 4657 454 4715 edere
483 4658 696 4730 pisces,
730 4656 929 4713 bibere
952 4655 1437 4723 vinum,molliter
1455 4656 1617 4711 indui
1644 4660 1702 4714 et
1719 4658 1933 4729 jacere,

285 4745 706 4803 abstineamus.
734 4744 805 4801 Et
826 4745 979 4817 quod
1005 4745 1089 4800 ita
1109 4744 1295 4801 facere
1317 4744 1655 4813 debeamus,
1679 4746 1934 4802 ostendit

285 4832 589 4904 Deminus,
624 4833 725 4908 qui
748 4835 1086 4907 jejunantes
1136 4833 1447 4901 Israelitas,
1490 4850 1608 4891 non
1639 4834 1830 4891 solum
1862 4836 1932 4892 de

284 4921 524 4992 illicitis,
558 4923 659 4979 sed
693 4923 867 4979 etiam
894 4923 964 4979 de
986 4922 1339 4996 quibusdam
1364 4922 1539 4978 licitis
1562 4923 1934 4996 reprehendit

286 5028 391 5085 per
421 5011 653 5079 Isaiam,
685 5012 885 5067 dicens
910 5028 923 5067 :
958 5013 1025 5068 In
1052 5012 1241 5069 diebus
1261 5013 1606 5085 jejuniorum
1632 5022 1933 5070 vestrorum

287 5101 650 5157 inveniuntur
694 5101 1000 5157 voluntates
1050 5110 1260 5158 vestrae.
1301 5101 1431 5157 Ecce
1461 5100 1532 5158 ad
1562 5102 1684 5158 lites
1712 5110 1764 5159 et
1805 5119 1932 5159 con-

288 5191 551 5247 tentiones
597 5190 885 5262 jejunatis,
944 5196 997 5246 et
1050 5191 1337 5263 percutitis
1399 5207 1581 5263 pugno
1636 5192 1824 5264 impie,
1882 5202 1935 5250 et

288 5294 473 5336 omnes
516 5278 781 5335 debitores
807 5286 1009 5335 vestros
1036 5281 1282 5352 repetitis
1315 5279 1517 5353 (Ibid).
1550 5280 1694 5336 Ecce
1742 5282 1936 5354 arguit

289 5384 389 5425 eos
406 5368 478 5424 de
493 5366 602 5425 hoc
619 5366 773 5441 quod
797 5366 1086 5424 debitores
1108 5385 1246 5424 suos
1268 5368 1623 5441 repetebant,
1645 5386 1760 5426 non
1777 5371 1935 5443 quod

288 5457 399 5514 hoc
428 5474 545 5514 non
575 5456 653 5515 sit
680 5456 929 5525 licitum,
963 5457 1064 5513 scd
1097 5457 1237 5530 quia
1259 5457 1357 5529 qui
1387 5456 1514 5513 vult
1542 5458 1689 5515 bene
1708 5459 1938 5531 jejuna-

288 5556 375 5618 t‘e,
404 5546 577 5604 debet
606 5545 783 5606 etiam
809 5562 843 5604 a
871 5545 1049 5613 licito,
1081 5549 1139 5603 et
1168 5562 1202 5603 a
1221 5544 1573 5621 quibusdam
1598 5546 1729 5606 aliis
1759 5548 1937 5608 absti-

2049 4659 2306 4734 quotidie
2336 4674 2542 4730 parum
2586 4657 2986 4724 cemedamus,
3021 4655 3159 4730 quia
3190 4654 3400 4711 melius
3429 4656 3522 4709 est
3550 4668 3705 4725 quo-

2041 4748 2182 4809 tidie
2232 4763 2442 4821 parum
2493 4762 2671 4819 quam
2718 4762 2849 4802 rare
2896 4743 3147 4800 nimium
3197 4742 3581 4800 manducare.
3614 4739 3703 4796 Ita

2040 4840 2219 4916 igitur
2230 4834 2702 4904 comedamus,ut
2713 4830 3706 4907 semperesuriamus,etitasemper

2041 4927 2393 4991 esuriamus,
2419 4923 2575 4996 quod
2604 4923 2870 4996 quotidie
2884 4939 3091 4996 parum
3114 4920 3521 4978 comedamus.
3539 4917 3707 4982 Quod

2042 5017 2243 5089 utique
2247 5011 2543 5086 jejunium
2558 5014 2721 5067 tante
2747 5015 2836 5068 est
2847 5011 3360 5083 sanctius,quanto
3384 5007 3565 5064 habet
3586 5022 3712 5062 ma-

2041 5106 2130 5181 gis
2146 5099 2566 5176 temperantiaz,
2590 5105 2648 5156 et
2662 5117 2826 5157 vanas
2843 5100 3042 5174 gloriae
3066 5100 3285 5156 minus.
3304 5093 3711 5170 Spiritualiter

2041 5195 2215 5252 etiam
2230 5188 3055 5264 esuriredebemusillautique
3070 5190 3222 5246 fame
3234 5183 3712 5261 quamDominus

2041 5281 2315 5357 promisit
2334 5295 2395 5337 se
2418 5278 2740 5335 missurum
2764 5279 2823 5335 in
2844 5277 3304 5348 terram,famem
3342 5272 3572 5331 scilicet
3590 5287 3710 5328 non

2041 5367 2610 5446 panis,nonvini,sed
2627 5367 2839 5424 famem
2852 5366 3214 5436 verbiDei,de
3226 5360 3711 5438 quaDeminusin

2040 5458 2381 5533 Evangelio:
2414 5458 2590 5525 Beati,
2614 5456 2828 5530 inquit,
2846 5458 2947 5531 qui
2966 5457 3219 5514 esuriant
3236 5461 3287 5513 et
3309 5453 3510 5512 sitiunt
3535 5451 3711 5508 Justi-

2042 5551 2197 5620 tiam,
2229 5549 2499 5626 quoniam
2528 5547 2635 5623 ipsi
2674 5548 3079 5607 satarabuntur
3107 5543 3313 5625 (Matth.
3354 5543 3440 5617 v.)
3478 5539 3708 5621 Itaque,
