3982 6082
205 305 361 367 Π9Ἶ

859 304 1215 370 HOMILIIE
1259 309 1336 370 IN
1384 307 1632 370 EPIST.
1680 309 1780 370 ET
1823 302 2114 372 EVANG.
2162 309 2513 373 DOMINIC.
2547 346 2625 356 —
2653 311 2857 375 PARS
2901 313 2950 376 Ι.

3450 318 3605 380 1798

197 439 1155 510 fratresmei,esuriamusverbum
1170 441 1845 512 Dei,leetioni,orationi,
1877 441 1933 510 Α
1963 459 2065 498 nes
2095 443 2164 497 de
2193 436 2381 499 salute
2411 462 2538 512 sua,
2571 447 2672 502 sed
2701 447 2772 503 de
2802 451 3022 504 nostra.
3043 449 3106 503 In
3131 465 3244 520 quo
3274 451 3529 506 ostendit
3543 469 3605 508 se

182 535 260 588 et
272 547 450 588 sacra:
463 531 774 604 Scriptura;
789 530 1150 588 meditationi
1165 530 1682 588 avideinsistentes
1699 549 1710 598 ;
1726 548 1854 586 esu-

198 619 426 676 riamus
457 623 515 675 et
543 618 815 676 sitiamus
857 619 1154 691 justitiam
1194 624 1251 675 et
1281 619 1375 676 hic
1404 636 1532 676 eam
1565 620 1730 675 avide
1761 637 1852 675 sc-

197 709 606 778 ctantes,etad
624 709 754 781 ejus
784 710 1042 765 futuram
1073 708 1134 764 in
1162 708 1277 765 alia
1303 708 1423 764 vita
1443 709 1856 781 perfectionem

196 801 321 854 toto
353 796 646 854 desiderio
680 798 1048 855 festinantes.
1083 799 1319 854 Tentari
1368 799 1545 854 etiam
1594 797 1856 870 exemplo

202 886 420 942 Christi
452 903 560 943 nos
608 891 859 960 oportet,
892 888 1102 944 fratres
1150 887 1504 955 charissimi,
1539 906 1574 944 a
1603 886 1854 955 diabolo,

203 974 308 1048 qui
319 975 464 1032 bene
477 975 892 1049 incipientibus
905 975 1122 1032 invidet
1133 980 1188 1032 et
1201 976 1669 1033 obsistit.Contra
1681 993 1856 1049 quem

205 1065 446 1138 sapiens
477 1081 584 1122 nos
615 1065 910 1122 hortatur:
930 1067 1062 1134 Fili,
1095 1065 1306 1138 inquit,
1335 1067 1608 1124 accedens
1639 1068 1715 1122 ad
1731 1082 1858 1121 ser-

205 1155 444 1211 vitutem
469 1155 594 1220 Dei,
613 1171 886 1225 praepara
913 1156 1168 1212 animam
1199 1164 1360 1212 luam
1388 1157 1464 1213 ad
1482 1158 1858 1212 tentationem

207 1243 405 1316 (Eccli.
433 1244 758 1317 n).Quippe
779 1245 1041 1318 quandiu
1073 1245 1304 1301 diabolo
1337 1263 1451 1301 non
1473 1246 1718 1310 resistis,
1751 1244 1858 1299 ob-

207 1334 416 1391 sistere
445 1349 560 1389 non
590 1338 776 1401 curat,
791 1335 893 1390 sed
926 1351 1059 1390 cum
1092 1335 1363 1390 resistere
1393 1334 1622 1407 incipis,
1657 1334 1858 1390 statim

208 1421 456 1479 obsistit.
478 1422 746 1489 Quandiu
779 1423 937 1479 enim
970 1423 1075 1478 ﬁlii
1110 1423 1287 1479 Israel
1322 1424 1554 1479 fuerunt
1585 1423 1643 1478 in
1691 1424 1859 1495 .Egy-

208 1517 308 1584 pte
337 1510 450 1567 sub
483 1509 805 1577 Pharaone,
840 1529 955 1568 non
988 1512 1266 1585 leguntur
1293 1512 1496 1568 tentati
1532 1511 1730 1578 fuisse,
1756 1512 1856 1566 sed

206 1617 276 1657 ex
295 1617 411 1672 quo
438 1599 802 1673 inceperunt
821 1599 930 1656 iter
955 1617 1058 1674 per
1077 1617 1236 1657 mare
1253 1602 1542 1668 Rubrum,
1563 1604 1861 1658 tentantur

210 1689 281 1744 de
310 1687 450 1762 gula
497 1705 631 1744 cum
682 1695 952 1761 quaerunt
999 1707 1204 1746 carnes
1243 1690 1300 1746 in
1336 1691 1584 1758 deserto,
1619 1691 1676 1746 in
1710 1695 1862 1746 terra

211 1776 616 1850 promissionis
641 1793 655 1844 ;
689 1778 760 1833 de
807 1777 1060 1843 luxuria,
1112 1796 1246 1834 cum
1306 1779 1669 1834 fornicantur
1725 1795 1856 1833 cum
1891 1820 1936 1885 Β

212 1864 846 1885 ιιμΔΞΑ-ξΑξ--.1-ΞΑ1-1-1
895 1867 992 1885 ινὲΑ
1053 1884 1060 1885 ,
1133 1884 1140 1885 κ
1191 1868 1260 1885 nl
1320 1867 1331 1879 ⁶
1458 1873 1467 1885 ι
1532 1869 1564 1885 ἰ
1620 1867 1632 1885 1
1807 1869 1848 1885 I,

212 1864 546 1922 Madianitis
562 1883 576 1934 ;
590 1865 661 1921 de
674 1865 1022 1934 idololatria,
1040 1884 1172 1923 eum
1189 1867 1476 1924 fabricant
1493 1867 1741 1924 vitulum
1760 1887 1772 1935 ;
1789 1869 1860 1922 de

211 1953 417 2027 gloria,
431 1970 565 2010 cum
579 1958 786 2026 petunt
808 1956 1199 2012 sacerdotium
1223 1957 1474 2029 etprinci
1481 1962 1704 2031 patum.
1731 1957 1860 2014 11ch

213 2042 652 2110 omnia,fratres
687 2043 897 2112 mei,in
922 2045 1110 2118 ﬁgura
1130 2047 1546 2119 contingebant
1575 2046 1711 2101 illis.
1745 2047 1861 2102 Nos

213 2148 464 2206 quoque,
480 2134 688 2190 fratres
713 2133 1004 2201 mei,dum
1029 2133 1259 2191 diabolo
1287 2135 1594 2202 servimus,
1616 2153 1723 2190 nos
1746 2151 1860 2190 non

212 2224 418 2288 tentet,
451 2221 553 2278 sed
594 2239 729 2278 cum
775 2221 1094 2295 incipimus
1124 2223 1196 2280 ab
1227 2240 1294 2280 eo
1323 2224 1644 2291 discedere,
1676 2229 1732 2279 et
1763 2240 1864 2296 per

212 2309 572 2383 baptismum
593 2311 963 2384 poenitentiae,
987 2314 1044 2368 et
1057 2311 1354 2382 jejunium
1375 2312 1587 2369 deserti
1610 2313 1678 2368 ad
1705 2318 1863 2368 aeter-

213 2415 351 2455 nam
382 2398 630 2472 patriam
677 2401 936 2469 tendere,
971 2401 1174 2457 statim
1223 2418 1331 2458 nos
1375 2405 1578 2458 tentet.
1613 2402 1723 2457 Sed
1757 2417 1864 2456 nos

214 2491 523 2559 sequentes
553 2487 877 2558 Christum,
909 2489 1010 2561 qui
1061 2506 1175 2544 non
1225 2507 1330 2562 per
1385 2490 1728 2562 potentiam,
1761 2489 1862 2545 sed

215 2592 317 2649 per
336 2575 620 2632 humilem
647 2577 1084 2650 responsionem
1109 2596 1243 2634 cum
1257 2578 1489 2645 devicit,
1511 2577 1865 2650 perhumili-

215 2668 394 2720 tatem
424 2665 475 2722 ei
501 2665 872 2723 resistamus.
906 2667 962 2723 Si
1016 2685 1124 2724 nos
1172 2669 1380 2723 suadet
1424 2668 1745 2738 comedere,
1778 2665 1865 2721 vel

217 2758 352 2810 ante
394 2758 651 2826 tempus,
681 2754 770 2810 vel
825 2754 1118 2822 deliciose,
1169 2755 1256 2811 vel
1303 2755 1780 2827 intemperanter,
1815 2754 1866 2809 ei

219 2841 843 2914 respondeamus:Non
874 2843 934 2898 in
961 2845 1084 2900 solo
1109 2859 1257 2913 pane
1286 2844 1425 2900 vivit
1457 2849 1640 2909 homo,
1674 2843 1774 2899 sed
1805 2845 1867 2898 in

223 2932 382 2988 omni
408 2933 576 2988 verbo
603 2933 753 3002 quod
779 2933 1034 3002 procedit
1061 2932 1131 2988 de
1161 2949 1265 2989 ore
1283 2933 1386 2988 Dei
1423 2937 1649 3001 (Matth.
1681 2931 1779 3004 ιν).
1807 2932 1864 2987 Si

224 3020 432 3076 suadet
460 3024 526 3076 ut
553 3021 686 3089 sibi,
707 3019 797 3078 vel
829 3021 1210 3093 pecuniw,vel
1242 3021 1486 3077 luxuriae
1519 3021 1864 3088 serviamus,

222 3109 703 3182 respondeamus.
727 3111 1019 3181 Scriptum
1042 3120 1158 3167 est:
1173 3112 1482 3168 Dominum
1507 3117 1684 3168 Deum
1703 3116 1867 3166 tuum

1966 535 2029 586 ut
2059 549 2260 587 verum
2307 534 2678 607 magistrum,
2711 540 2768 590 et
2821 553 3023 592 verum
3081 542 3306 610 patrem
3366 544 3604 611 paterno

1964 621 2172 676 affectu
2205 621 2274 677 de
2306 627 2507 678 nostra
2537 622 2726 679 salute
2757 623 3075 680 sollicitum
3107 642 3256 684 esse.
3290 630 3472 694 Quem
3501 647 3605 686 nos

1965 725 2222 780 quoque,
2253 709 2586 766 eharissimi
2619 712 2844 781 fratres,
2878 713 3039 769 ﬁliali
3071 717 3276 772 affectu
3325 717 3606 777 debemus

1965 798 2168 853 audire
2201 803 2258 854 et
2288 799 2524 854 imitari.
2545 801 2669 856 Non
2700 807 2894 857 autem
2927 803 3147 860 sufficit
3176 822 3308 861 vero
3333 805 3485 878 patri
3513 825 3604 865 se-

1967 884 2079 941 mel
2111 885 2298 942 ﬁlium
2330 889 2660 955 admonere,
2695 891 2794 946 sed
2828 896 3068 963 paterna
3096 892 3486 952 sollicitudine
3511 914 3607 953 ea-

1967 973 2098 1030 dem
2132 975 2182 1030 ei
2212 976 2445 1033 reiterat
2475 979 2824 1051 saepe.Sicut
2854 980 2979 1052 ipse
3009 981 3146 1037 alibi
3178 982 3347 1040 dicit:
3369 986 3606 1057 Eadem,

1961 1064 2203 1136 fratres,
2216 1074 2479 1136 repetere
2491 1068 2748 1135 vobis,mi
2752 1069 2815 1123 hi
2823 1071 3054 1142 quidem
3071 1073 3616 1144 unum,”

1963 1161 2157 1208 autem
2186 1156 2577 1211 necessarium
2606 1157 2840 1227 (Philip.
2861 1160 2968 1230 In).
2998 1159 3146 1216 Hinc
3171 1166 3262 1218 est
3283 1180 3420 1237 ergo
3451 1167 3608 1238 quod

1967 1241 2448 1311 admonitionem,
2481 1261 2656 1315 quam
2718 1247 2881 1318 prius
2937 1248 3168 1319 fecerat,
3220 1252 3428 1324 repetit
3473 1271 3608 1311 cum

1968 1329 2196 1385 subdit:
2216 1337 2284 1390 Ut
2305 1335 2783 1404 quemadmodum
2809 1337 3112 1407 accepistis
3134 1341 3338 1396 anobis
3359 1344 3612 1416 qualiter

1965 1427 2228 1486 oporteat
2258 1438 2352 1478 vos
2377 1425 2678 1479 ambulare
2705 1433 2761 1480 et
2789 1428 3038 1496 placere,
3054 1427 3112 1483 id
3137 1431 3225 1486 est
3253 1429 3610 1490 ambulando

1968 1507 2195 1578 placere
2225 1509 2359 1578 Deo,
2391 1513 2476 1568 sic
2502 1523 2558 1568 et
2583 1515 2904 1580 ambuletis,
2939 1525 3001 1572 ut
3045 1518 3345 1575 abundetis
3399 1523 3608 1593 magis.

1969 1595 2280 1668 Comparat
2309 1605 2503 1656 autem
2535 1601 2629 1658 hic
2661 1603 2967 1675 Apostolus
2996 1605 3174 1662 vitam
3207 1607 3608 1668 ambulationi.

1969 1684 2074 1748 Qui
2125 1686 2280 1741 enim
2335 1694 2488 1745 recte
2549 1690 2832 1760 ambulat,
2863 1693 2978 1748 tria
3016 1694 3171 1763 facit,
3199 1697 3470 1770 proponit
3498 1698 3611 1756 sibi

1971 1777 2184 1830 metam
2209 1777 2278 1831 ad
2302 1792 2477 1848 quam
2503 1779 2753 1849 festinet,
2780 1781 2932 1836 viam
2965 1782 3167 1855 intrat,
3199 1789 3390 1842 movet
3419 1803 3480 1843 se
3510 1787 3613 1843 ad-

1968 1863 2157 1919 dendo
2187 1881 2427 1936 passum
2462 1868 2929 1939 passui,leueam
2961 1869 3391 1940 leucm,dietam
3421 1875 3611 1948 dictae,

1969 1968 2276 2026 quousque
2305 1957 2377 2012 ad
2411 1957 2707 2030 propriam
2749 1964 2963 2016 metam
2997 1960 3312 2032 perveniat.
3345 1963 3460 2033 Sic,
3494 1964 3614 2020 fra-

1968 2045 2085 2097 tres
2117 2043 2251 2113 mei,
2285 2045 2369 2101 sic
2409 2047 2744 2119 quicunque
2790 2047 2916 2104 vult
2965 2053 3116 2105 recte
3155 2050 3362 2119 vivere,
3395 2056 3612 2110 metam

1970 2129 2079 2184 sibi
2113 2136 2332 2188 statuat
2361 2134 2566 2199 Deum,
2584 2134 2736 2190 viam
2761 2137 2958 2205 intret,
2981 2136 3038 2192 id
3060 2142 3168 2208 est,
3191 2139 3366 2197 ﬁdem
3399 2145 3610 2198 teneat.

1969 2219 2327 2277 Proﬁciendo
2359 2223 2536 2278 addat
2567 2224 2786 2280 bonum
2811 2242 2959 2298 opus
2990 2225 3141 2283 bono
3181 2228 3361 2301 operi,
3393 2230 3612 2286 bonum

1971 2310 2234 2366 studium
2266 2311 2417 2366 bono
2449 2313 2893 2379 studio,bonam
2925 2313 3141 2370 dictam
3175 2316 3336 2372 bona
3357 2317 3616 2385 dietze,ut

1971 2399 2055 2455 sic
2087 2399 2155 2453 ad
2192 2399 2376 2454 Deum
2427 2401 2617 2456 valeat
2672 2403 2992 2473 pervenire.
3027 2403 3152 2460 Non
3195 2404 3350 2462 enim
3399 2407 3617 2464 sufficit

1973 2487 2116 2543 fides
2149 2488 2274 2543 sine
2303 2489 2576 2560 operibus
2607 2489 2846 2546 habenti
2876 2491 3070 2548 locum
3101 2498 3160 2550 et
3187 2498 3444 2568 tempus,
3466 2494 3618 2552 sicut

1973 2593 2077 2632 nec
2108 2577 2200 2631 via
2230 2577 2355 2632 sine
2387 2569 2720 2650 progressu,
2755 2580 2913 2652 quia,
2963 2585 3027 2636 ut
3067 2582 3149 2638 ait
3175 2583 3449 2654 Jacobus,
3479 2585 3617 2656 fides

1971 2667 2094 2720 sine
2120 2666 2386 2734 operibus
2411 2673 2640 2724 mortua
2667 2679 2751 2724 est
2783 2670 2928 2741 (Jac.
2944 2670 3004 2741 ιι)
3022 2687 3036 2725 :
3056 2675 3113 2727 et
3131 2670 3289 2740 item,
3309 2671 3454 2729 dicis
3477 2673 3620 2745 quia

1974 2753 2184 2820 credis,
2222 2758 2279 2808 et
2308 2756 2600 2811 daemones
2632 2759 2877 2812 credunt
2907 2764 2963 2813 et
2991 2760 3470 2818 contremiscunt.
3504 2763 3616 2819 Sed

1975 2858 2080 2897 nec
2113 2843 2413 2898 sufﬁciunt
2439 2861 2613 2915 opera
2640 2843 2764 2900 sine
2795 2846 2928 2912 ﬁde,
2963 2845 3117 2902 sicut
3145 2864 3250 2904 nec
3279 2847 3618 2907 celerrimus

1973 2947 2184 2986 cursus
2215 2935 2374 2986 extra
2399 2932 2574 2987 viam.
2592 2933 2810 3006 Itaque,
2836 2934 3042 2991 fratres
3071 2936 3206 3004 mei,
3231 2935 3282 2992 si
3313 2941 3467 2993 recte
3495 2937 3620 2994 vul-

1977 3020 2053 3074 tis
2085 3019 2185 3088 ire,
2219 3020 2525 3092 proponite
2552 3021 2718 3077 vobis
2751 3021 2811 3076 in
2862 3023 3138 3080 omnibus
3188 3025 3386 3080 finem-
3410 3029 3617 3084 Deum.

1978 3107 2084 3172 Qui
2132 3109 2287 3163 enim
2336 3109 2496 3164 vadit
2542 3109 2827 3166 et'nescit
2876 3128 3011 3182 quo,
3043 3129 3160 3168 non
3198 3113 3483 3183 ambulat,
3517 3115 3618 3171 sed

219 3200 516 3267 adorabis,
546 3210 601 3256 et
625 3200 715 3256 illi
739 3200 848 3257 soli
875 3201 1089 3257 servies
1119 3201 1325 3270 (Ibid).
1357 3201 1418 3257 Si
1447 3205 1633 3257 tentat
1663 3218 1770 3257 nos
1799 3200 1869 3254 de
1901 3187 1944 3254 C
1977 3200 2147 3252 errat.
2179 3199 2390 3253 Tenete
2423 3199 2556 3254 ﬁdei
2587 3198 2760 3266 viam,
2788 3199 2928 3272 quia
2956 3201 3081 3258 sine
3111 3202 3226 3257 ﬁde
3256 3201 3620 3275 impossibile

219 3287 426 3362 gloria.
459 3293 523 3344 ut
552 3289 612 3345 in
651 3294 922 3362 apertum
977 3307 1083 3346 nos
1142 3290 1461 3362 praecipitet
1519 3289 1860 3362 periculum,

219 3395 356 3434 eum
387 3378 709 3436 habeamus
738 3379 811 3435 de
841 3377 1064 3435 ratione
1103 3379 1243 3452 quid
1275 3379 1352 3436 sit
1380 3378 1734 3446 faciendum,
1770 3395 1862 3432 re-

219 3468 615 3540 spondeamus
647 3485 661 3524 :
693 3473 819 3527 Non
867 3470 1116 3526 tentabis
1163 3469 1468 3526 Dominum
1495 3471 1672 3524 Deum
1701 3477 1864 3524 tuum

218 3556 446 3626 (Ibid);
481 3555 530 3613 si
567 3560 755 3613 tentat
804 3574 910 3614 nos
958 3559 1028 3614 de
1079 3557 1334 3628 luxuria,
1363 3558 1859 3630 respondeamus;

218 3644 503 3718 scriptum
542 3650 632 3703 est
660 3663 672 3702 :
700 3647 1002 3704 Adulteros
1048 3656 1105 3703 et
1148 3648 1532 3718 fornicatores
1579 3647 1864 3718 judicabit

217 3736 365 3792 Deus
395 3736 592 3808 (Hebr.
624 3743 786 3806 xm);
821 3736 873 3793 si
904 3738 974 3792 de
1006 3737 1328 3804 mendacio,
1364 3737 1861 3810 respondeamus:

217 3825 430 3880 Perdes
452 3841 647 3881 omnes
675 3826 776 3899 qui
800 3827 1113 3899 loquuntur
1161 3826 1522 3882 mendacium
1552 3825 1734 3895 (Psal.
1767 3826 1821 3898 ν)
1849 3845 1861 3894 ;

215 3912 267 3967 si
299 3911 371 3969 de
403 3914 557 3981 odio,
594 3915 1093 3987 respondeamus;
1128 3914 1412 3986 scriptum
1443 3920 1531 3970 est
1564 3932 1575 3969 :
1607 3915 1719 3984 Qui
1744 3915 1864 3970 odit

211 4002 472 4074 fratrem
527 4019 722 4071 suum,
783 4003 1074 4060 homicida
1127 4012 1214 4059 est
1270 4005 1318 4075 (Ι
1340 4003 1646 4075 Joan.m);
1680 4007 1736 4058 et
1789 4003 1862 4058 ad

215 4090 440 4148 similes
469 4091 839 4158 tentationes,
868 4092 1086 4149 similia
1115 4092 1467 4148 inducamus
1497 4093 1567 4147 de
1597 4091 1864 4164 Scriptu-

213 4180 297 4235 ris
329 4180 690 4237 testimonia.
717 4181 778 4236 Si
809 4181 893 4237 sic
926 4182 1154 4248 fratres,
1190 4181 1240 4238 si
1271 4181 1353 4237 sic
1385 4181 1713 4246 fecerimus,
1747 4181 1863 4236 Deo

209 4266 870 4335 auxiliante,vineemus
901 4274 959 4326 et
988 4271 1328 4343 fugabimus
1358 4268 1676 4338 diabolum,
1702 4271 1866 4326 etad-

213 4361 388 4412 erunt
417 4357 588 4414 nobis
617 4361 898 4430 tanquam
927 4359 1243 4416 victoribus
1275 4358 1486 4431 angeli,
1517 4362 1574 4414 et
1605 4359 1862 4414 admini-

213 4445 473 4502 stratorii
512 4446 778 4518 spiritus,
813 4448 1076 4504 concives
1127 4452 1183 4503 et
1229 4447 1595 4518 coadjutores
1654 4449 1858 4518 nostri,

1974 3289 2063 3340 est
2082 3286 2404 3358 quidquam
2436 3286 2663 3358 placere
2693 3288 2808 3344 Deo
2829 3289 3007 3357 (Hebr.
3032 3290 3114 3363 ιι).
3148 3291 3412 3348 Proﬁcite
3442 3292 3619 3348 etiam

1972 3373 2032 3430 in
2064 3375 2358 3446 operibus,
2381 3377 2508 3432 sine
2530 3376 2746 3449 quibus
2776 3394 2890 3433 non
2916 3383 3005 3434 est
3032 3395 3393 3451 promovere,
3415 3380 3515 3436 sed
3539 3398 3623 3437 re-

1975 3481 2228 3520 manere.
2262 3465 2394 3528 Quae
2440 3469 2637 3520 autem
2682 3464 2758 3521 sit
2788 3470 2944 3522 recta
2974 3467 3295 3524 ambulatio
3325 3471 3382 3524 et
3410 3468 3622 3541 placita

1974 3553 2109 3623 Deo,
2145 3553 2380 3626 exponit
2411 3570 2546 3609 cum
2577 3555 2777 3610 subdit
2813 3571 2826 3610 :
2860 3560 2992 3613 Haec
3020 3565 3106 3612 est
3133 3566 3326 3613 autem
3362 3558 3623 3613 voluntas

1979 3643 2100 3711 Dei,
2133 3644 2508 3714 sanctiﬁcatio
2539 3653 2748 3702 vestra.
2781 3645 2846 3700 In
2893 3645 3111 3718 quibus
3157 3662 3290 3702 vero
3339 3645 3624 3702 consistat

1975 3732 2377 3800 sanctiﬁcatio,
2412 3733 2667 3789 ostendit
2691 3751 2824 3789 cum
2857 3735 3084 3792 subdit:
3124 3741 3192 3793 Ut
3220 3736 3558 3793 abstineatis
3585 3753 3622 3793 a

1971 3821 2446 3892 fornicatione.ut
2459 3823 2607 3879 sciat
2631 3824 3014 3898 unusquisque
3027 3825 3318 3894 possidere
3338 3842 3434 3882 vas
3453 3841 3622 3882 suum

1975 3913 2034 3966 in
2057 3912 2505 3982 sanctiﬁcatione
2527 3921 2582 3968 et
2600 3918 2837 3981 honore,
2851 3918 2962 3969 etc.
2977 3913 3256 3969 Consistit
3276 3918 3471 3970 autem
3485 3931 3620 3970 san-

1975 4000 2248 4056 ctificatio
2282 4001 2340 4054 in
2373 4001 2642 4070 duobus;
2673 4002 2730 4056 in
2762 4001 3072 4058 evitatione
3103 4002 3442 4074 passionum
3475 4003 3622 4059 desi-

1975 4089 2140 4156 derii,
2172 4105 2276 4161 per
2306 4089 2679 4158 munditiam,
2711 4094 2768 4146 et
2817 4091 2877 4146 in
2926 4089 3234 4146 evitatione
3282 4090 3620 4147 offensionis

1973 4179 2220 4251 proximi
2257 4195 2360 4250 per
2389 4177 2804 4235 innocentiam.
2841 4179 3014 4236 Porro
3043 4177 3410 4252 spiritualem
3441 4179 3618 4236 fomi-

1975 4268 2262 4323 eationem
2286 4267 2541 4323 ostendit
2568 4268 2898 4324 evitandam
2933 4285 3066 4323 cum
3089 4268 3266 4336 ait,ut
3285 4269 3618 4325 abstineatis

1973 4373 2012 4410 a
2021 4355 2424 4427 fornicatione.
2447 4355 2668 4411 Dicitur
2697 4361 2892 4412 autem
2914 4355 3243 4412 idololatria
3263 4361 3416 4413 recte
3447 4355 3620 4413 forni-

1973 4444 2142 4512 catio,
2197 4443 2336 4516 quia
2385 4443 2537 4499 sicut
2582 4460 2684 4516 per
2732 4443 3114 4517 temporalem
3174 4444 3616 4501 fornicationem

212 4535 434 4607 quibus
464 4535 748 4608 gaudium
781 4540 869 4592 est
899 4536 958 4590 in
989 4536 1150 4592 caelis
1178 4553 1373 4593 coram
1403 4537 1649 4593 Domino
1688 4555 1864 4610 super
1893 4558 1942 4621 Ι)
1973 4551 2190 4606 sponsa
2210 4550 2244 4588 a
2264 4549 2478 4604 sponso
2509 4537 2834 4604 separatur,
2857 4533 2940 4589 ita
2962 4549 3064 4606 per
3083 4530 3474 4588 idololatriam
3496 4534 3618 4590 anl-

211 4640 331 4680 uno
361 4628 664 4697 peccatore
692 4623 1095 4698 penitentiam
1127 4630 1352 4698 agente,
1383 4643 1561 4698 quam
1587 4643 1694 4682 nos
1719 4645 1862 4699 pure
1973 4640 2069 4678 ma
2100 4639 2134 4676 a
2175 4621 2463 4694 spirituali
2517 4638 2731 4694 sponso
2787 4621 2902 4678 Deo
2961 4621 3309 4694 sejungitur.
3344 4621 3614 4694 Ideoque,

209 4729 383 4786 agere
439 4714 738 4781 concedat,
800 4713 900 4786 qui
957 4731 1060 4786 pro
1118 4714 1289 4771 nobis
1337 4714 1624 4786 jejunavit
1687 4716 1860 4772 Jesus

209 4799 482 4859 Christus
511 4801 800 4870 Dominus
829 4803 1158 4875 noster,qui
1193 4820 1327 4859 cum
1360 4808 1526 4860 Patre
1555 4809 1612 4860 et
1641 4804 1859 4877 Spiritu

199 4894 415 4947 sancto
445 4889 583 4946 vivit
611 4895 668 4947 et
695 4894 902 4964 regnat
930 4891 1101 4948 Deus.
1135 4894 1339 4949 Amen.

733 4997 1040 5054 HOMILIA
1077 4997 1340 5053 XXXVII.

492 5085 771 5126 DOMINICA
800 5087 1060 5126 SECUNDA
1097 5084 1572 5133 QUADBAGESIM/E.

276 5160 546 5226 Fratres,
574 5173 850 5229 rogamus
904 5175 1000 5216 vos
1050 5167 1105 5214 et
1134 5159 1504 5214 obsecramus
1535 5159 1592 5214 in
1624 5158 1858 5214 Domino

201 5248 364 5315 Jesu,
397 5255 460 5302 ut
483 5247 963 5320 qumodmodum
990 5247 1290 5317 accepistis
1326 5264 1362 5302 a
1411 5249 1569 5303 nobis
1606 5247 1856 5320 qualiter

203 5350 303 5392 vos
323 5345 589 5406 oporteat
608 5337 911 5394 ambulare
921 5346 976 5392 et
990 5339 1221 5408 placere
1233 5338 1364 5404 Deo,
1383 5336 1465 5394 sic
1480 5345 1536 5392 et
1551 5354 1644 5392 am
1652 5338 1854 5394 buletis

203 5432 270 5480 ut
297 5425 601 5484 abundetis
628 5427 814 5499 magis
843 5430 892 5497 (ι
925 5426 1436 5498 Thcss.1v),etc.1n
1467 5427 1657 5499 prima
1677 5426 1854 5498 hujus

203 5509 472 5572 lectionis
520 5519 704 5588 parte,
739 5516 946 5572 fratres
983 5515 1340 5588 cbarissimi,
1374 5519 1537 5589 rogat
1567 5533 1673 5572 nos
1702 5518 1854 5589 Apo-

203 5600 415 5672 stolus,
437 5607 495 5660 et
515 5605 782 5663 obsecrat
803 5605 860 5660 in
887 5605 1134 5663 Domino
1155 5605 1319 5676 Jesu,
1343 5606 1400 5662 id
1427 5609 1515 5663 est
1535 5621 1638 5678 per
1669 5605 1855 5662 Domi-

201 5704 348 5755 num
368 5691 574 5756 Iesum
597 5694 850 5770 adiurat.
871 5693 952 5754 De
970 5694 1124 5773 quo?
1138 5711 1255 5758 non
1278 5697 1344 5759 ut
1363 5694 1650 5760 mundani
1665 5693 1851 5759 homi-

1971 4712 2197 4778 fratres,
2232 4728 2462 4783 semper
2501 4710 2672 4766 firma
2712 4711 2824 4766 ﬁde
2873 4711 2989 4766 Deo
3027 4710 3448 4778 adhereamus,
3479 4727 3614 4768 eum

1970 4798 2266 4854 nullorum
2310 4799 2598 4854 malorum
2634 4799 2733 4855 sed
2765 4799 3050 4855 bonorum
3082 4803 3378 4855 auctorem
3409 4801 3618 4857 creda-

1970 4904 2123 4942 mus.
2159 4887 2480 4942 Credamus
2511 4903 2616 4943 nos
2647 4887 2844 4942 omnia
2882 4888 3034 4944 bona
3061 4904 3189 4960 quas
3223 4887 3510 4944 habemus
3541 4889 3614 4944 ab

1968 4992 2033 5030 eo
2065 4973 2355 5046 accipere;
2381 4974 2507 5030 sola
2534 4991 2667 5030 vero
2696 4973 2853 5030 mala
2882 4991 2916 5030 a
2947 4974 3114 5030 nobis
3145 4976 3614 5034 esse.Credamus

1967 5080 2102 5119 eum
2127 5080 2358 5136 quoque
2389 5069 2883 5119 remuneratorem
2911 5063 3174 5120 omnium
3206 5065 3615 5136 bonorum,ul-

1965 5159 2150 5208 torem
2180 5169 2313 5208 vero
2336 5152 2643 5208 malorum.
2661 5153 2977 5209 Credamus
3000 5157 3057 5209 et
3081 5158 3288 5210 caetera
3307 5171 3433 5226 quae
3467 5155 3613 5214 ﬁdes

1965 5241 2207 5298 tradidit
2237 5241 2542 5298 catholica.
2578 5241 2885 5298 Passiones
2915 5258 3147 5314 quoque
3177 5243 3449 5298 desiderii
3483 5259 3610 5300 mo-

1966 5336 2061 5388 net
2081 5349 2184 5404 per
2205 5330 2554 5386 munditiam
2575 5329 3135 5398 excludendas,cum
3155 5330 3372 5398 subdit,
3389 5341 3449 5387 ut
3461 5333 3610 5388 sciat

1962 5423 2345 5495 unusquisque
2365 5421 2656 5491 possidere
2683 5436 2783 5475 vas
2805 5435 2974 5475 suum
3004 5420 3063 5475 in
3091 5420 3612 5490 sanctificationeet

1961 5516 2196 5583 honore,
2209 5527 2320 5567 non
2333 5512 2392 5566 in
2403 5509 2768 5583 passionibus
2787 5508 3065 5565 desiderii
3091 5510 3240 5567 sicut
3263 5517 3457 5578 gentes
3485 5525 3612 5581 qua:

1960 5603 2228 5673 ignorant
2244 5599 2632 5658 Deum.Voeat
2643 5603 2836 5655 autem
2859 5615 2957 5654 cor
2974 5597 3095 5654 sive
3119 5611 3333 5670 corpus
3344 5599 3615 5652 nostrum

1959 5709 2083 5766 vas,
2115 5707 2183 5751 eo
2215 5689 2371 5772 quod
2418 5688 2480 5750 in
2528 5687 2925 5772 ministerium
2965 5683 3072 5765 Dei
3103 5687 3370 5778 creatum
3399 5686 3510 5763 est,
3537 5681 3621 5766 D9
