3982 6082
410 277 568 387 νέω

1412 323 1814 388 ADDENDA.
1845 355 1922 374 --
1951 319 2348 388 RABULPIH
2388 323 2804 389 ARDEN'I‘IS.

3655 325 3817 390 ιθω

407 475 522 532 quo
552 456 691 515 alibi
723 457 876 516 idem
906 456 1248 531 Apostolus:
1281 461 1478 516 Nonne
1507 459 1638 516 licet
1665 461 1840 531 ﬁgulo
1855 455 2134 531 facerefA
2164 458 2238 513 ad
2269 459 2696 531 purgationem,
2725 459 2814 516 vel
2844 458 3196 517 eternaliter
3237 461 3309 516 ad
3337 461 3814 518 damnationem.

403 548 692 608 deeadem
711 564 907 606 massa
927 548 1090 605 aliud
1116 547 1344 620 quidem
1374 563 1472 604 vas
1499 549 1561 605 in
1589 549 2052 614 honorem,aliud
2158 545 2273 603 Nos
2303 565 2460 622 ergo,
2495 549 2722 618 fratres,
2753 551 2895 606 dum
2926 549 3083 617 licet,
3115 554 3353 623 peccata
3387 553 3591 608 nostra
3621 550 3814 624 lam-y-

367 663 369 666 ⁴
403 654 540 696 vero
565 639 628 696 in
653 638 1066 697 contumeliam
1096 638 1278 710 (Rom.
1311 641 1416 707 Ix).
1449 639 1520 694 Et
1548 637 1806 711 quidem,
1840 639 2048 695 fratres
2157 634 2272 693 mis
2297 637 2728 711 abstergamus,
2759 639 2874 694 fide
2901 641 2961 695 et
2988 638 3322 695 obedientia
3349 637 3465 696 Deo
3505 638 3812 696 adheren-

402 727 538 797 mel,
563 725 718 785 Deus
737 726 937 784 omnia
955 727 1132 783 corda
1151 732 1210 782 et
1239 743 1482 800 corpora
1514 732 1731 796 nostra,
1759 731 2044 800 quantum

2155 740 2312 794 mus,
2337 743 2438 782 vas
2469 731 2735 784 nostrum
2769 743 2870 800 per
2899 727 3251 783 munditiam
3282 727 3810 796 sanctificemus,et

401 817 466 873 in
483 816 611 890 ipso
631 822 740 883 est,
765 816 901 872 fecit
917 814 978 871 in
1000 815 1302 872 honorem.
1332 813 1432 872 Ille
1457 832 1590 872 vero
1621 833 1833 889 corpus
1861 820 1918 872 et
1947 833 2048 873 cor
2154 813 2551 871 innocentiam
2572 815 2851 888 proximis
2863 815 3648 891 exhibeamus,quoniam,ut
3664 817 3808 874 sub-

397 921 713 973 suum,vas
741 904 1231 962 contumeliosum
1264 904 1555 978 facit,qui,
1589 922 1692 978 per
1721 906 2042 978 turpitudi-

399 1012 530 1052 nem
557 995 612 1052 et
641 995 960 1052 fceditatem
997 993 1295 1063 vitiorum,
1330 1011 1393 1050 se
1433 998 1666 1067 turpem
1694 998 1751 1050 et
1781 993 2044 1050 immun-

394 1085 540 1142 dum
561 1083 771 1144 reddit.
788 1085 984 1141 Monet
1003 1099 1139 1156 ergo
1161 1100 1270 1139 nos
1288 1082 1601 1157 Apostolus
1622 1091 1684 1140 ut
1702 1083 1846 1140 sciat
1861 1099 2040 1140 unus-

392 1175 629 1248 quisque
649 1174 944 1246 possidere
967 1189 1063 1230 vas
1081 1189 1251 1230 suum
1272 1173 1333 1228 in
1361 1172 1828 1242 sanctiﬁcatione,
1864 1172 1920 1228 id
1952 1176 2041 1228 est

395 1263 828 1331 omundatione,
862 1268 928 1319 ut
956 1262 1179 1320 scilicet
1219 1263 1413 1319 omnis
1459 1262 1652 1336 turpis
1699 1262 1974 1336 cogitatio
2004 1279 2039 1317 a

389 1359 608 1422 mente,
641 1359 698 1410 et
735 1351 929 1410 omnis
984 1351 1176 1425 turpis
1233 1351 1386 1408 actio
1415 1369 1450 1407 a
1478 1368 1738 1424 corpore,
1771 1350 2033 1408 tollatur.

389 1443 551 1502 Sciat
579 1443 756 1501 etiam
787 1441 1088 1516 possidere
1117 1457 1218 1496 vas
1240 1457 1415 1497 suum
1442 1443 1502 1497 in
1524 1440 1751 1510 honore,
1785 1445 1850 1496 ut
1878 1441 2034 1497 scili-

375 1537 478 1590 cet
495 1550 597 1591 cor
617 1548 946 1606 corpusque
972 1536 1237 1587 nostrum
1258 1530 1576 1586 virtutibus
1598 1535 1840 1586 ornetur
1859 1535 1924 1586 ut
1953 1531 2036 1588 ita

387 1623 713 1681 habitatore
735 1622 953 1696 Spiritu
986 1626 1188 1677 sancto
1217 1620 1554 1676 honoretur.
1579 1624 1703 1678 Non
1723 1621 1783 1676 in
1809 1622 2030 1691 passio-

383 1714 569 1781 nibus,
600 1711 813 1784 inquit,
848 1710 1141 1767 desiderii.
1187 1709 1495 1765 Passiones
1543 1709 1814 1766 desiderii
1863 1715 2032 1768 vocat

383 1819 588 1860 omnes
619 1807 821 1875 turpes
848 1799 1195 1867 voluntates,
1213 1798 1428 1899 quibus
1443 1803 1644 1871 gentes
1666 1799 1848 1855 Deum
1871 1799 2029 1872 igno-
2063 1832 2109 1899 Β

383 1897 579 1950 rantes
628 1890 1022 1959 involvuntur,
1069 1889 1256 1962 ignari
1315 1888 1415 1944 Dei
1469 1893 1525 1944 et
1579 1889 1709 1944 vitae
1765 1892 2027 1958 internae;

381 1999 542 2039 more
575 1982 758 2038 ferino
787 1979 858 2034 ad
889 1994 1093 2035 omnes
1123 1977 1320 2034 carnis
1365 1976 1714 2050 voluptates,
1747 1982 2028 2050 tanquam

381 2072 452 2128 ad
485 2087 699 2143 magna
727 2069 898 2136 bona,
923 2067 1146 2140 absque
1179 2067 1340 2122 freno
1371 2071 1633 2124 currunt.
1667 2067 1777 2122 Sed
1810 2067 1858 2121 si
1889 2071 2030 2123 sunt

380 2161 706 2234 passiones,
735 2157 1029 2230 quomodo
1062 2159 1201 2211 sunt
1231 2154 1542 2210 desiderii?
1563 2153 1663 2210 Vel
1687 2154 1734 2210 si
1758 2159 1899 2214 sunt
1927 2155 2024 2211 de-

378 2249 598 2316 siderii,
621 2246 914 2320 quomodo
935 2248 1074 2299 sunt
1096 2243 1419 2316 passiones.
1435 2243 1742 2299 Passiones
1763 2242 2021 2316 quidem,

378 2338 587 2394 fratres
616 2335 1053 2408 mei,quantum
1079 2333 1150 2388 ad
1177 2331 1449 2405 spiritum
1483 2336 1642 2400 sunt,
1668 2332 1766 2404 qui
1795 2351 1898 2406 per
1923 2350 2024 2392 eas

375 2425 616 2499 patitur,
666 2425 986 2479 exczecatur
1035 2425 1092 2476 et
1137 2437 1172 2476 a
1219 2421 1333 2477 Deo
1382 2425 1703 2493 separatur.
1739 2421 2020 2479 Desiderii

373 2531 507 2572 vero
535 2517 693 2579 sunt,
725 2515 1010 2586 quantum
1043 2509 1116 2565 ad
1151 2525 1407 2577 carnem,
1432 2526 1559 2582 quis
1586 2510 1643 2564 in
1677 2509 1761 2566 eis
1791 2516 2020 2585 tempo-

373 2602 574 2660 raliter
603 2601 940 2658 delectatur.
970 2599 1185 2655 Contra
1213 2598 1323 2654 hoc
1354 2603 1480 2654 orat
1509 2599 1820 2656 Psalmista
1851 2617 1864 2657 :
1897 2603 2017 2658 Non

372 2693 593 2761 tradas,
626 2690 835 2764 inquit,
869 2706 962 2745 me
988 2706 1027 2744 a
1051 2688 1341 2744 desiderio
1367 2703 1496 2744 meo
1519 2691 1814 2758 peccatori
1837 2693 2012 2761 (Psal.

372 2785 619 2851 cxxxrx).
644 2783 684 2838 Δ
713 2777 1002 2837 desiderio
1032 2795 1138 2834 suo
1170 2777 1454 2849 peccaturi
1476 2779 1746 2848 traditur,
1781 2779 1880 2852 qui
1912 2797 2016 2854 per

369 2869 769 2944 impletionem
791 2865 1102 2924 desiderati
1123 2865 1342 2940 peccati
1365 2865 1597 2922 diabolo
1620 2868 2006 2941 mancipatur.

369 2960 516 3017 Hinc
536 2959 712 3016 etiam
736 2975 839 3032 per
857 2957 1129 3014 eumdem
1146 2954 1491 3029 prophetam
1514 2955 1800 3014 Dominus
1821 2958 1960 3014 dicit
1991 2975 2007 3016 :

368 3059 438 3112 Et
448 3049 749 3107 dimisieos
759 3047 1068 3106 secundum
1080 3043 1373 3101 desideria
1391 3045 1585 3102 cordis
1603 3063 1802 3103 eorum
1820 3073 1833 3116 ;
1851 3048 2010 3106 ibunt

366 3144 428 3200 in
454 3137 950 3206 adinoentionibus
1004 3136 1124 3192 suis
1171 3134 1344 3206 (Psal.
1377 3138 1560 3206 Lxxx).
1608 3135 1744 3206 Hoc,
1796 3138 2004 3196 fratres

367 3231 608 3298 mei,est
628 3227 865 3301 signum
898 3240 1122 3297 magnae
1147 3223 1243 3278 ira:
1264 3222 1387 3290 Dei,
1421 3226 1652 3296 quando
1687 3230 2006 3299 peccatoris
2037 3207 2080 3275 (ἶ

367 3318 722 3377 desiderium
774 3331 892 3370 non
939 3310 1205 3384 impedit,
1233 3313 1334 3368 sed
1393 3329 1528 3368 eum
1577 3314 1635 3370 in
1679 3316 2010 3376 desiderata

365 3412 603 3484 peccata
633 3405 838 3462 cadere
867 3399 1171 3476 permittit.
1198 3401 1416 3474 Itaque,
1440 3402 1667 3472 fratres,
1700 3406 1822 3464 haec
1854 3409 2009 3466 mala

364 3495 655 3557 desideria
683 3493 1071 3566 fugiamus,et
1096 3489 1445 3546 munditiam
1477 3495 1690 3550 mentis
1714 3498 1862 3570 (quae
1884 3498 2010 3555 sola

364 3586 583 3645 videbit
613 3586 841 3650 Deum),
856 3578 1016 3635 omni
1045 3575 1348 3652 vigilantia
1376 3583 1878 3653 custodiamus,ut
1905 3607 2008 3645 vas

365 3675 557 3734 cordis
587 3677 645 3730 et
675 3669 933 3743 corporis
989 3667 1170 3722 nostri
1229 3670 1660 3741 possideamus,
1693 3679 1749 3730 et
1789 3694 1902 3734 non
1937 3678 2010 3734 ab

365 3766 450 3824 eis
478 3761 904 3837 possideamur,
938 3758 1039 3814 sed
1076 3773 1277 3814 eorum
1325 3776 1532 3831 pravos
1584 3768 1778 3821 motus
1809 3772 2006 3824 retun-

365 3856 598 3919 damus,
628 3854 695 3907 ut
733 3847 1122 3905 inhabitatore
1170 3847 1285 3902 Deo
1335 3847 1607 3905 honorari
1658 3869 2006 3913 mereamur.

365 3941 754 4000 Offensionem
773 3952 1008 4010 quoque
1025 3933 1270 4008 proximi
1287 3937 1615 3994 evitandam
1631 3942 1800 4000 nobis
1814 3951 2011 4003 monet

362 4030 697 4106 Apostolus,
718 4043 854 4084 cum
877 4024 1075 4081 subdit
1098 4040 1110 4079 :
1136 4029 1219 4082 Ne
1246 4025 1371 4098 quis
1398 4031 1904 4104 supergrediatur,
1925 4039 2011 4093 vel

361 4119 772 4180 circumveniat
794 4118 854 4172 in
873 4113 1100 4185 negotio
1113 4113 1364 4186 fratrem
1385 4132 1575 4185 suum,
1601 4117 1660 4174 id
1683 4125 1771 4177 est
1793 4141 1895 4179 nec
1906 4142 2011 4198 per

361 4207 718 4275 violentiam,
753 4221 858 4261 nec
906 4219 1010 4276 per
1056 4203 1341 4272 fraudem,
1375 4222 1480 4261 nec
1529 4212 1744 4280 aperte,
1777 4227 1882 4268 nec
1911 4231 2008 4270 oc-

363 4296 518 4356 culte
537 4295 589 4352 ei
619 4297 842 4350 noceat.
881 4293 994 4347 lloc
1025 4290 1312 4366 praecipue
1343 4293 1732 4367 negotiatores
1761 4303 1820 4354 et
1851 4318 2008 4358 mer-

363 4389 586 4443 catores
614 4381 896 4449 confutet,
932 4383 990 4436 et
1017 4395 1221 4434 omnes
1251 4380 1352 4452 qui
1386 4380 1607 4438 faciunt
1635 4383 1864 4443 lucrum
1895 4389 2006 4445 sibi

362 4490 496 4530 cum
554 4472 769 4528 damno
817 4467 1089 4544 proximi,
1124 4484 1258 4524 cum
1316 4467 1406 4525 lex
1462 4470 1619 4528 dicat
1669 4476 2005 4536 naturalis:

2142 901 2348 976 jungit
2371 904 2684 978 Apostolus
2710 921 2724 961 :
2747 908 2872 963 Non
2891 906 3108 964 vocavit
3131 923 3234 964 nos
3266 911 3415 964 Deus
3458 907 3520 963 in
3555 907 3808 964 inimu-

2149 991 2378 1062 ditiam,
2397 994 2500 1050 sed
2525 993 2584 1049 in
2602 994 3111 1066 sanctiﬁcationem
3137 1003 3196 1052 et
3222 1000 3517 1063 honorem,
3534 1005 3597 1053 ut
3615 996 3804 1054 simas

2146 1082 2354 1151 sancti,
2383 1083 2532 1140 sicut
2559 1091 2616 1139 et
2639 1084 2764 1154 ipse
2791 1089 3024 1140 sanctus
3064 1091 3170 1151 est,
3203 1083 3612 1140 misericordes
3647 1083 3804 1141 sicut

2146 1167 2272 1242 ipse
2296 1171 2630 1228 misericors
2655 1171 2919 1244 est,justi
2950 1173 3105 1229 sicut
3131 1172 3258 1246 ipse
3272 1174 3476 1246 justus
3502 1178 3616 1241 est,
3653 1178 3716 1230 et
3741 1174 3798 1230 in

2147 1262 2341 1318 futuro
2371 1260 2607 1335 gloriosi
2643 1261 2796 1318 sicut
2825 1267 2883 1318 et
2910 1261 3036 1335 ipse
3065 1261 3355 1335 gloriosus
3385 1266 3494 1330 est,
3524 1263 3610 1318 dii
3643 1263 3800 1320 sicut

2145 1349 2269 1423 ipse
2291 1351 2445 1406 Deus
2465 1355 2572 1407 est.
2585 1352 2773 1418 Quam
2790 1351 3335 1419 sanctificationem,
3348 1355 3408 1408 et
3423 1368 3602 1425 quem
3621 1352 3802 1410 hono-

2144 1457 2266 1496 rem
2297 1441 2395 1497 det
2425 1439 2594 1497 nobis
2624 1440 2724 1512 qui
2775 1439 3113 1496 inhonorari
3162 1439 3349 1497 voluit
3402 1445 3647 1514 prapter
3695 1459 3799 1498 nos

2143 1530 2429 1586 Dominus
2457 1533 2656 1586 noster
2701 1528 2874 1585 Jesus
2921 1527 3209 1598 Christus,
3238 1529 3340 1602 qui
3371 1546 3504 1586 cum
3541 1530 3718 1588 Patre
3748 1536 3802 1588 et

2141 1619 2364 1694 Spiritu
2396 1622 2599 1676 sancto
2628 1617 2766 1674 vivit
2795 1622 2853 1673 et
2882 1622 3087 1690 regnat
3114 1618 3289 1674 Deus.
3317 1620 3522 1675 Amen.

2648 1724 2955 1781 HOMILIA
2993 1723 3283 1782 XXXVIII.

2415 1814 2693 1855 DOMINICA
2730 1812 2990 1853 SECUNDA
3034 1813 3514 1860 QUADRAGKSIILE.

2212 1893 2486 1961 Egressus
2503 1891 2668 1944 Jesus
2697 1886 2930 1942 secessit
2959 1885 3018 1941 in
3048 1894 3245 1955 partes
3275 1889 3421 1960 Tyri
3443 1897 3499 1944 et
3517 1889 3801 1961 Sydonis,

2136 1987 2192 2034 et
2211 1994 2340 2036 ecce
2357 1978 2569 2034 mulier
2598 1975 2940 2042 Chananaea,
2971 1976 3044 2030 de
3064 1976 3271 2048 ﬁnibus
3293 1977 3410 2034 illis
3438 1993 3798 2050 egressa,ro-

2137 2070 2310 2140 gabat
2361 2084 2490 2124 eum
2551 2066 2745 2122 dicens
2793 2068 3022 2133 (Matth.
3054 2064 3168 2137 xv),
3201 2071 3260 2122 et
3299 2066 3544 2140 reliqua.
3583 2073 3650 2124 In
3688 2068 3798 2125 hac

2136 2157 2323 2214 sancti
2352 2154 2644 2228 Evangelii
2677 2153 2944 2221 lectione,
2970 2153 3178 2211 fratres
3208 2155 3564 2226 charissimi,
3598 2159 3797 2230 primo

2134 2264 2260 2320 quae
2282 2247 2354 2303 ad
2373 2245 2648 2310 litteram,
2680 2243 2935 2299 secundo
2961 2260 3088 2316 quae
3118 2243 3190 2300 ad
3221 2244 3584 2318 allegoriam,
3617 2250 3794 2304 tertio

2133 2353 2259 2410 quae
2313 2337 2384 2392 ad
2443 2332 2830 2406 tr0pologiam
2889 2332 3202 2404 pertinent,
3235 2333 3559 2392 videamus.
3590 2335 3791 2394 Primo

2131 2427 2310 2500 igitur
2325 2426 2496 2498 juxta
2523 2422 2800 2488 litteram,
2833 2422 3322 2478 commendantur
3353 2422 3520 2480 nobis
3553 2440 3787 2498 magna

2125 2517 2370 2573 virtutes
2399 2513 2572 2571 istius
2604 2509 3087 2582 mulieris.Cujus
3116 2527 3184 2566 eo
3214 2512 3402 2585 magis
3430 2513 3786 2573 admiranda

2125 2611 2215 2662 est
2249 2603 2495 2668 devotio,
2522 2600 2660 2674 quia
2691 2617 2826 2656 cum
2860 2604 3017 2656 esset
3044 2600 3282 2672 gentilis
3309 2606 3366 2656 et
3389 2618 3599 2675 expers
3630 2603 3780 2678 legis

2124 2699 2181 2751 et
2211 2693 2649 2768 prophetarum,
2675 2694 2869 2744 tamen
2901 2693 3258 2756 sanctarum,
3284 2707 3410 2762 qua:
3435 2690 3492 2745 in
3527 2691 3614 2747 eis
3633 2710 3774 2750 con-

2123 2785 2402 2851 tinentur,
2423 2797 2538 2837 non
2572 2777 2678 2834 fuit
2707 2792 2943 2850 exspers
2971 2778 3274 2834 virtutum.
3310 2778 3524 2836 Habuit
3552 2781 3774 2856 quippe

2121 2874 2318 2940 fidem,
2370 2871 2651 2926 fervorem
2708 2869 2766 2922 et
2817 2865 3251 2934 humilitatem;
3301 2867 3479 2923 fidem
3534 2867 3767 2940 habuit,

2118 2961 2355 3036 quando
2373 2958 2665 3015 Christum
2690 2959 2755 3010 ut
2774 2955 2959 3010 Deum
2989 2955 3272 3025 adoravit,
3293 2959 3352 3012 et
3381 2973 3517 3014 eum
3553 2958 3771 3016 absenc-

2116 3058 2238 3110 tem
2271 3049 2452 3106 ﬁliam
2507 3045 2632 3103 sola
2685 3041 2983 3101 voluntate
3031 3060 3238 3101 sanare
3283 3063 3458 3118 posse
3494 3049 3768 3106 credidit.

2115 3143 2420 3198 Fervorem
2450 3134 2666 3192 mentis
2695 3133 2920 3200 habuit,
2953 3149 3080 3205 quae
3110 3137 3232 3190 tam
3265 3135 3465 3193 devote
3497 3155 3616 3195 non
3659 3140 3770 3196 mi-

2116 3249 2228 3287 nus
2259 3232 2452 3286 mente
2482 3240 2659 3298 quam
2689 3237 2827 3278 voce
2857 3221 3146 3288 clamavit,
3180 3226 3336 3297 quod
3363 3229 3670 3298 apostolos
3698 3231 3771 3286 ad

2115 3315 2608 3392 interpellandum
2638 3327 2742 3385 pro
2767 3326 2829 3368 se
2856 3313 3251 3368 commoverit.
3271 3314 3772 3374 Perseverantiam

2081 3410 2342 3482 ,habuit,
2378 3401 2612 3478 quando
2669 3399 2858 3473 primo
2916 3403 2974 3455 et
3029 3403 3286 3459 secundo
3329 3404 3501 3476 quasi
3545 3413 3770 3480 spreta,

2119 3508 2313 3559 tamen
2335 3515 2370 3553 a
2398 3489 2670 3567 precibus
2701 3505 2818 3544 non
2849 3488 3092 3556 destitit,
3112 3490 3293 3547 donec
3313 3493 3569 3564 petitum
3593 3496 3776 3569 impo-

2115 3589 2307 3648 travit.
2343 3580 2744 3640 Humilitatem
2773 3576 3000 3644 habuit,
3029 3595 3159 3650 quae
3204 3597 3319 3637 non
3367 3581 3562 3639 solum
3609 3586 3772 3642 cani-

2117 3677 2357 3746 bus,sed
2373 3672 2549 3731 etiam
2562 3667 2772 3726 catulis
2785 3683 2914 3724 sese
2932 3684 3060 3723 com
3065 3670 3372 3741 paravit,et
3382 3688 3445 3728 se
3459 3673 3769 3748 indignam

2115 3769 2386 3828 indicans
2416 3776 2586 3836 pane,
2618 3757 2803 3814 micas
2840 3755 3132 3813 cadentes'
3158 3757 3495 3830 postulavit.
3526 3762 3601 3819 Et
3631 3765 3771 3837 qui.

2117 3859 2254 3917 talis
2303 3857 2582 3923 tantaque
2612 3847 2742 3914 fuit,
2775 3845 2906 3902 ideo
2935 3863 2969 3901 a
3000 3847 3245 3904 Domino
3275 3848 3333 3904 in
3367 3850 3481 3907 fide
3510 3849 3766 3920 laudari,

2117 3953 2176 4006 et
2203 3948 2260 4002 in
2293 3938 2585 4016 postulato
2628 3934 2844 3992 meruit
2884 3935 3167 3992 exaudiri.
3201 3937 3440 4011 Mystice
3465 3956 3604 3998 vero
3637 3960 3768 3999 mu~

2118 4039 2225 4095 lier
2250 4036 2362 4091 ista
2381 4029 2682 4086 collectam
2705 4025 2777 4081 de
2797 4025 3073 4098 gentibus
3097 4025 3392 4094 significat
3419 4029 3766 4090 Ecclesiam.

2119 4128 2252 4192 Quae
2273 4124 2343 4179 de
2367 4134 2560 4176 errore
2589 4113 2928 4171 idololatriae
2949 4118 3007 4170 et
3022 4115 3192 4172 sorde
3209 4116 3482 4175 vitiorum
3504 4136 3768 4194 egressa,

2119 4217 2285 4288 rogat
2314 4209 2628 4266 Dominum
2659 4221 2763 4278 pro
2807 4202 3069 4275 qualibet
3116 4221 3243 4276 quae
3292 4209 3773 4282 congregationi,

2116 4317 2368 4378 persona
2387 4316 2421 4355 a
2450 4293 2678 4352 diabolo
2707 4293 3058 4349 dementata.
3093 4295 3200 4360 Qui
3231 4295 3388 4352 enim
3419 4295 3652 4355 laborat
3681 4300 3772 4356 in-

2117 4392 2308 4468 gluvie
2336 4387 2423 4445 vel
2453 4382 2702 4450 luxuria,
2733 4381 2822 4437 vel
2854 4381 3114 4452 avaritia,
3145 4382 3232 4440 vel
3264 4385 3369 4453 ira,
3402 4386 3491 4443 vel
3521 4387 3769 4458 invidia,

2115 4478 2408 4538 ceterisve
2438 4472 2662 4540 vitiis,a
2696 4469 2927 4527 diabolo
2951 4476 3208 4527 vexatur.
3224 4475 3292 4528 Et
3321 4479 3540 4546 quanto
3571 4479 3768 4549 pejus,

362 4587 391 4616 α
424 4561 550 4620 Non
579 4559 760 4616 facias
791 4557 888 4613 alii
922 4557 1076 4630 quod
1112 4556 1218 4613 tibi
1250 4575 1364 4614 non
1396 4558 1483 4613 vis
1515 4559 1637 4616 fieri
1664 4579 1678 4629 ;
1705 4585 1733 4613 »
1765 4565 1864 4636 qui
1897 4565 2002 4622 ha—
2034 4581 2082 4646 D
2113 4571 2332 4642 quanto
2353 4563 2602 4621 scienter
2629 4563 2688 4616 et
2715 4562 3031 4632 spontanee
3059 4559 3110 4616 ei
3143 4560 3482 4619 famulatur.
3515 4563 3684 4628 Quod
3718 4566 3770 4624 si

360 4652 501 4710 bent
524 4649 678 4724 apud
709 4664 770 4704 se
801 4647 1030 4720 pondus
1061 4650 1115 4703 et
1137 4647 1731 4719 pondus,mensuram
1759 4657 1816 4708 et
1846 4670 2005 4712 men-

359 4755 582 4808 suram,
615 4736 816 4794 ulnam
839 4739 898 4792 et
926 4734 1150 4804 ulnam,
1182 4751 1318 4791 cum
1347 4734 1502 4792 dicat
1530 4736 1832 4796 Salomon:
1866 4743 2007 4800 Pon-

359 4830 467 4887 dus
495 4837 550 4886 et
577 4827 819 4899 pondus,
849 4831 1074 4882 statera
1101 4833 1156 4880 et
1185 4833 1427 4892 statera,
1445 4833 1753 4902 utrumque
1771 4841 1857 4887 est
1874 4834 2007 4890 abo-

362 4919 602 4976 minatio
620 4917 779 4988 apud
796 4917 972 4972 Deum
994 4917 1182 4983 (Prov.
1197 4915 1309 4988 xx).
1333 4915 1438 4979 Qui
1456 4916 1661 4987 jurant
1689 4923 1754 4975 ut
1775 4919 2000 4992 fallant,

351 5008 522 5080 juxta
544 5005 698 5076 quod
733 5004 886 5060 idem
919 5002 1193 5060 Salomon
1215 5002 1383 5061 dicit:
1410 5007 1625 5062 Malum
1645 5010 1865 5066 malum
1895 5021 2000 5081 est,

358 5094 498 5152 dicit
525 5094 709 5150 omnis
731 5103 977 5162 emptor,
1007 5109 1136 5150 eum
1166 5101 1361 5150 autem
1391 5097 1712 5166 recesserit,
1727 5106 1865 5155 tunc
1888 5102 2004 5172 gloo

357 5182 615 5240 riabitur
633 5180 1133 5251 (lbid.).Confutat
1153 5181 1328 5239 etiam
1351 5181 1734 5241 nihilominus
1751 5185 1882 5244 illos
1904 5192 2005 5261 qui

358 5271 418 5328 in
440 5269 667 5344 judicio
709 5269 1051 5342 opprimunt
1099 5288 1416 5344 pauperem
1466 5289 1636 5346 prece
1673 5274 1762 5331 vel
1795 5277 2001 5349 pretio,

273 5359 278 5362 ’
351 5361 490 5434 jura
521 5359 945 5426 subvertentes,
977 5363 1043 5415 ut
1063 5360 1321 5433 jungant
1356 5361 1597 5418 domum
1633 5364 1702 5419 ad
1736 5365 2000 5437 domum,

355 5449 586 5506 vineam
607 5447 678 5502 ad
704 5445 955 5516 vineam,
979 5464 1186 5521 agrum
1217 5449 1289 5506 ad
1319 5466 1547 5523 agrum.
1579 5451 1764 5522 Quod,
1795 5453 2004 5512 fratres

359 5537 494 5606 mei,
518 5535 857 5594 omnimodo
887 5541 1100 5603 cavete,
1125 5537 1424 5608 quoniam,
1450 5543 1515 5596 ut
1535 5539 1666 5612 subj
1675 5540 1841 5615 ungit
1855 5545 2005 5618 Apo-

359 5624 568 5695 stolus,
591 5624 746 5681 Deus
772 5623 983 5681 vindex
1011 5629 1099 5680 est
1127 5624 1336 5682 talium
1377 5628 1426 5700 (1
1452 5629 1627 5684 Thess.
1663 5629 1763 5702 ιν).
1799 5631 2006 5692 Puniet

355 5707 626 5792 videlicet
649 5710 753 5795 qui
799 5711 1088 5792 praedicta
1121 5717 1460 5791 operantur,
1485 5715 1578 5777 vel
1606 5720 2006 5797 temporaliter

2113 4661 2316 4716 sancta
2345 4650 2604 4711 Ecclesia
2631 4664 2735 4722 pro
2765 4647 3105 4719 hujusmodi
3145 4665 3414 4722 persona,
3447 4651 3769 4711 Dominum

2113 4762 2249 4803 cum
2281 4745 2450 4800 firma
2480 4738 2766 4804 fide,cum
2799 4752 3015 4810 magna
3044 4736 3367 4808 devotione,
3398 4757 3533 4797 cum
3567 4759 3769 4815 perse-

2111 4831 2371 4890 verantia
2389 4833 2445 4885 et
2465 4824 2798 4882 humilitate
2828 4825 3131 4898 rogaverit,
3155 4842 3258 4899 per
3281 4825 3768 4888 intercessionem

2113 4919 2508 4997 apostolorum
2531 4914 2898 4987 aliorumque
2919 4918 3254 4972 sanctorum
3285 4919 3558 4976 exaudiet
3575 4919 3773 4977 Domi-

2111 5030 2246 5080 nus,
2273 5016 2330 5067 et
2359 5021 2692 5082 personam,
2725 5021 2830 5078 pro
2859 5020 2974 5077 qua
3005 5011 3320 5079 rogaturus
3346 5007 3558 5080 fuerat,
3593 5025 3630 5065 a
3657 5027 3770 5082 po-

2112 5103 2322 5158 testate
2354 5094 2572 5153 diaboli
2612 5093 2902 5150 liberabit.
2937 5094 3267 5167 Propterea,
3301 5095 3508 5152 fratres
3540 5097 3770 5154 charis-

2112 5189 2268 5255 simi,
2292 5187 2525 5262 quando
2554 5184 2822 5240 videmus
2850 5182 2911 5239 in
2943 5182 3196 5241 Ecclesia
3223 5199 3535 5258 personam
3567 5183 3774 5242 diabo-

2111 5279 2235 5336 lica:
2266 5274 2528 5334 servituti
2579 5272 2994 5346 mancipatam,
3029 5288 3146 5328 non
3177 5289 3478 5332 cessemus
3509 5291 3544 5330 a
3573 5272 3770 5348 preci-

2111 5367 2244 5435 bus,
2277 5367 2376 5424 sed
2409 5364 2735 5420 clamamus
2779 5359 2972 5429 corde,
3001 5359 3328 5418 clamamus
3365 5377 3526 5432 voce,
3552 5361 3772 5420 clamo.

2112 5474 2247 5514 mus
2267 5449 3004 5520 communiter,clamemus
3017 5448 3416 5523 singulariter,
3433 5447 3771 5510 clamamus

2111 5547 2566 5620 perseveranter.
2600 5541 2709 5597 Sed
2771 5538 2821 5596 si
2873 5543 3020 5596 teste
3073 5539 3312 5614 Jacobo,
3341 5541 3583 5598 multum
3623 5531 3772 5599 solet

2111 5634 2412 5708 deprecatio
2432 5631 2578 5704 justi
2615 5628 2835 5686 assidua
2863 5627 2996 5702 (lac.
3023 5629 3100 5703 ν),
3154 5629 3340 5689 multo
3395 5630 3590 5707 magis
3628 5631 3766 5704 plus

2107 5722 2326 5785 valebit
2353 5720 2675 5783 multorum
2704 5718 2943 5783 assidua
2971 5719 3768 5803 delirantium.“
