3982 6082
156 314 324 385 .mi

830 312 1185 376 HOMILUE
1226 312 1303 375 IN
1347 311 1600 377 EPIST.
1645 311 1746 375 ET
1790 309 2076 375 EYANG.
2124 310 2479 373 DOMINIC.
2509 342 2588 355 -
2618 310 2816 373 PARS
2859 312 2907 373 Ι.

3420 311 3576 371 1802

178 445 382 513 simus,
414 445 640 514 fratres,
662 447 737 505 de
766 460 1011 503 numero
1041 445 1297 511 illorum,
1321 444 1425 517 qui
1456 443 1628 501 malis
1657 442 1817 501 chri-
1846 445 1896 512 Α
1929 443 2003 499 do
2025 443 2343 516 petendum
2367 441 2463 512 sit,
2478 460 2605 517 quae
2632 460 2765 500 cum
2790 443 2923 513 ﬁde,
2953 459 3087 500 cum
3107 440 3416 507 desiderio,
3440 456 3575 499 cum

177 534 400 601 stianis,
421 538 479 591 et
504 533 671 591 falsis
716 534 1014 605 fratribus,
1049 551 1165 592 non
1196 534 1387 591 solum
1437 550 1554 591 non
1584 549 1819 606 compa-

174 621 416 692 tiuntur,
453 624 554 680 sed
584 623 761 680 etiam
810 627 1206 681 exsecrantur.
1229 624 1300 679 Et
1345 639 1461 681 non
1501 621 1691 678 solum
1723 638 1818 678 eo-

176 729 300 771 rum
325 713 765 770 conversionem
787 729 903 770 non
929 717 1157 786 rogant,
1181 712 1285 769 sed
1305 711 1480 769 etiam
1509 710 1739 778 timent,
1762 712 1820 766 et

175 799 338 873 quasi
368 804 701 873 peccatores
739 818 1045 875 nunquam
1092 801 1330 869 fuerint,
1366 803 1698 872 peccatores
1728 799 1816 854 in-

173 890 360 949 venire
409 891 639 949 veniam
694 890 923 947 nolunt.
954 892 1025 947 Et
1081 906 1262 963 quare
1318 890 1475 946 hoc?
1529 888 1815 954 Quoniam

173 979 387 1038 viscera
414 979 716 1037 charitatis
740 997 857 1037 non
884 979 1118 1047 habent,
1143 996 1259 1037 non
1282 979 1649 1037 attendentes
1677 994 1819 1050 quo-

174 1066 326 1125 niam
352 1067 647 1125 Judicium
685 1071 809 1125 sine
860 1068 1246 1125 misericordia
1300 1069 1391 1140 ﬁet
1441 1069 1496 1124 ei
1553 1069 1650 1139 qui
1704 1082 1817 1123 non

170 1158 295 1229 fecit
337 1157 781 1215 misericordiam
807 1160 950 1227 (Jac.
984 1160 1071 1226 ιι).
1095 1157 1214 1214 Nos
1255 1173 1412 1230 ergo,
1446 1157 1675 1223 fratres,
1696 1155 1813 1211 vis-

171 1262 297 1305 cera
325 1244 627 1303 charitatis
654 1250 716 1303 et
750 1244 1163 1304 misericordiae
1186 1261 1438 1318 semper
1465 1243 1810 1311 habeamus,

170 1333 451 1408 praecipue
480 1339 816 1409 peccatores
844 1335 920 1393 ad
949 1335 1419 1393 emendationem
1456 1332 1728 1407 precibus
1758 1335 1815 1389 et

170 1422 665 1485 admonitionibus
692 1440 961 1481 revocare
1001 1426 1356 1497 satagamus.
1394 1422 1452 1479 Si
1484 1422 1662 1490 enim,
1696 1421 1812 1477 fra-

170 1516 284 1571 tres
314 1513 450 1583 mei,
474 1513 665 1587 magis
694 1512 1171 1586 compatiendum
1218 1516 1308 1570 est
1355 1511 1589 1578 misero,
1622 1510 1813 1585 magis

170 1600 642 1675 compatiendum
670 1606 761 1658 est
798 1602 1001 1674 iniquo
1039 1618 1217 1674 quam
1248 1617 1451 1675 egeno.
1482 1601 1551 1656 Et
1580 1599 1630 1655 si
1655 1599 1812 1656 Deus

170 1706 280 1747 non
307 1689 468 1747 venit
496 1706 699 1751 vocare
738 1691 956 1763 justos,
979 1691 1079 1747 sed
1129 1696 1460 1763 peccatores
1481 1689 1684 1759 (Matth.
1711 1690 1808 1758 ιχ),

1929 532 2376 605 perseverantia,
2410 549 2545 588 cum
2576 532 2909 589 humilitate
2938 530 3272 605 postulavit.
3303 530 3575 587 Petamus

1928 624 1986 676 et
2016 637 2144 690 nos,
2169 622 2398 691 fratres,
2422 639 2558 677 cum
2586 623 2755 678 firma
2775 622 2908 689 ﬁde,
2932 625 2999 676 ut
3027 622 3246 677 bonum
3271 623 3572 690 eternum,

1927 711 2083 781 quod
2115 710 2434 783 poscimus,
2464 712 2643 767 Deum
2672 714 2968 784 potentem
2999 711 3138 766 dare
3167 709 3496 776 credamus,
3519 713 3577 765 et

1926 815 2035 856 nos
2065 804 2484 856 consecuturos
2523 817 2658 857 cum
2689 803 2848 856 certa
2885 816 2989 872 spe
3018 796 3440 871 praestolemur.
3467 797 3576 865 Qui

1925 888 2083 944 enim
2116 889 2176 944 in
2207 887 2402 961 aliquo
2427 889 2675 946 istorum
2717 888 2970 956 dubitat,
2990 888 3079 944 vel
3100 889 3171 943 de
3193 905 3254 944 se
3279 888 3570 960 desperat,

1922 976 2010 1034 vel
2042 994 2160 1033 non
2190 977 2337 1033 bene
2384 977 2586 1046 credit,
2617 976 2707 1034 vel
2753 994 2870 1033 non
2916 978 3061 1034 bene
3109 979 3325 1049 sperat,
3356 980 3415 1032 et
3440 976 3572 1033 ideo

1925 1082 2041 1123 non
2095 1072 2487 1139 consequetur
2540 1068 2695 1140 quod
2749 1070 2932 1140 rogat.
2970 1066 3132 1123 Unde
3177 1066 3433 1123 Jacobus
3463 1081 3478 1121 :
3509 1064 3575 1122 Si

1921 1157 2064 1226 quis,
2106 1155 2318 1228 inquit,
2378 1155 2588 1226 indiget
2638 1157 2930 1228 sapientia,
2968 1156 3199 1228 postulet
3237 1171 3274 1211 a
3317 1156 3421 1211 Deo
3474 1155 3573 1226 qui

1921 1243 2023 1302 dat
2048 1244 2301 1301 omnibus
2348 1247 2661 1317 afﬂuenter,
2690 1253 2742 1301 et
2788 1261 2897 1301 non
2944 1246 3293 1317 improperat.
3326 1244 3571 1300 Postulet

1921 1342 2101 1390 autem
2133 1335 2195 1390 in
2221 1335 2327 1406 ﬁde
2355 1336 2503 1392 nihil
2534 1334 2820 1402 haesitans,
2842 1351 2975 1391 nam
3003 1336 3099 1407 qui
3125 1335 3342 1391 hmsitat
3364 1334 3570 1389 similis

1919 1428 1999 1478 est
2031 1423 2227 1493 ﬂuctui
2270 1425 2465 1490 maris,
2495 1425 2593 1496 qui
2636 1441 2672 1480 a
2716 1431 2869 1480 vento
2915 1424 3303 1496 circwnfertur
3346 1421 3565 1495 (Jac.1).

1919 1510 2046 1568 Non
2076 1527 2214 1586 ergo
2232 1512 2485 1569 aestimet
2511 1512 2610 1569 ille
2635 1529 2697 1569 se
2727 1516 3102 1585 accepturum
3133 1510 3356 1585 aliquid
3377 1527 3412 1566 a
3429 1515 3564 1567 Deo.

1921 1599 2195 1659 Petamus
2223 1606 2445 1658 etcum
2484 1601 2793 1671 desiderio,
2818 1604 3026 1658 fratres
3070 1600 3207 1671 mei,
3246 1599 3567 1657 clamantes

1921 1689 2055 1761 plus
2105 1691 2277 1747 corde
2320 1706 2498 1763 quam
2527 1708 2684 1759 voce,
2718 1691 2873 1748 sicut
2921 1691 3148 1764 Moyses
3191 1694 3250 1746 et
3296 1690 3569 1747 Susanna

169 1795 272 1839 nos
327 1778 590 1853 exemplo
658 1781 788 1853 ejus
852 1784 1189 1853 peccatores
1245 1779 1318 1836 ad
1374 1777 1809 1836 conversionem
1839 1823 1887 1889 B
1922 1783 2183 1835 tacentes
2210 1779 2559 1839 clamabant.
2596 1780 2722 1839 Non
2751 1796 2987 1837 oremus
3017 1779 3160 1836 solis
3190 1778 3384 1847 labiis,
3416 1778 3570 1836 sicut

169 1883 433 1889 __-_-__---_
528 1869 771 1889 --2-..ΑΑμ
848 1870 1095 1889 μ---η3μ-η
1176 1871 1264 1889 μ--)
1336 1868 1564 1889 -----.---Α.’
1629 1867 1815 1889 θ,--...⁸ι
1921 1866 2000 1889 :‘Il:
2041 1884 2182 1889 .__---
2219 1873 2446 1889 -_-___n1
2480 1869 2762 1889 h4,_,!,l,,_
2826 1869 3015 1889 j!_-,_-
3054 1887 3065 1889 _
3107 1869 3338 1889 Πλημι-.-
3372 1868 3453 1889 1.),
3490 1870 3537 1889 l_

168 1883 457 1936 vocemus,
522 1869 775 1926 scientes
838 1870 1099 1941 quoniam
1165 1871 1264 1941 qui
1325 1868 1564 1925 converti
1621 1867 1815 1939 fecerit
1839 1866 1887 1889 υ
1920 1866 2003 1921 illi
2035 1884 2185 1940 quos
2213 1873 2453 1926 accusat
2480 1869 2785 1938 Dominus,
2818 1869 3019 1926 dicens
3051 1887 3066 1925 :
3097 1869 3339 1941 Populus
3365 1868 3455 1925 hic
3483 1870 3566 1924 la-

155 1966 484 2031 peccatorem
533 1960 603 2017 ab
660 1974 845 2016 errore
896 1960 1006 2016 viae
1072 1973 1210 2025 suae,
1275 1958 1511 2014 salvabit
1563 1957 1810 2013 animum

157 2048 272 2120 ejus
325 2065 362 2104 a
414 2054 617 2116 morte,
667 2057 719 2105 et
783 2049 959 2121 aperit
1008 2048 1419 2105 multitudinem
1465 2054 1810 2119 peccatorum

157 2138 286 2205 (Jac.
311 2138 393 2210 v),
425 2153 543 2195 non
574 2136 766 2195 solum
812 2136 1158 2206 alienorum,
1191 2138 1295 2194 sed
1337 2136 1513 2194 etiam
1544 2134 1806 2209 proprio-

157 2241 305 2283 rum.
335 2225 712 2300 Tropologice
744 2226 922 2283 etiam
950 2226 1073 2283 haec
1104 2226 1317 2283 mulier
1345 2227 1512 2283 docet
1540 2242 1646 2282 nos
1662 2225 1803 2298 quid

156 2331 522 2391 unaquaeque
570 2332 823 2389 persona
877 2333 981 2390 pro
1040 2316 1161 2373 filia
1190 2333 1318 2383 sua,
1348 2316 1405 2371 id
1463 2319 1553 2372 est
1607 2315 1807 2371 anima

155 2421 282 2472 sua,
333 2422 371 2461 a
417 2404 649 2463 diabolo
704 2404 858 2462 male
902 2410 1128 2475 vexata,
1165 2404 1480 2465 Dominum
1530 2410 1803 2478 rogatura

154 2492 341 2551 facere
396 2493 624 2561 debeat,
664 2495 804 2568 quid
860 2500 1079 2567 petere,
1123 2499 1181 2552 et
1237 2496 1553 2567 quomodo,
1586 2499 1643 2551 et
1701 2512 1804 2568 per

154 2599 301 2655 quos
331 2582 644 2656 impetrare
672 2582 878 2640 valeat.
914 2584 1212 2657 Rogatura
1240 2582 1397 2640 enim
1426 2584 1548 2640 haec
1590 2583 1804 2641 mulier

153 2688 256 2746 pro
278 2669 404 2745 lilia
424 2689 535 2730 sua
553 2689 588 2729 a
608 2672 894 2730 demonio
920 2677 1144 2743 vexata,
1168 2674 1308 2730 exiit
1325 2674 1397 2729 de
1416 2674 1632 2731 finibus
1654 2672 1797 2742 suis,

153 2761 310 2829 atad
338 2761 526 2819 Deum
577 2762 844 2819 accessit.
869 2763 1158 2820 Exeamus
1196 2761 1386 2835 primo
1425 2764 1496 2819 de
1538 2762 1715 2819 veteri
1744 2766 1803 2819 et

152 2848 309 2911 mala
364 2851 803 2909 conversatione
860 2855 1062 2909 nostra
1119 2868 1223 2925 per
1278 2850 1700 2924 paenitentiam,
1744 2856 1803 2909 et

155 2942 345 2997 mente
374 2940 723 2997 accedamus
752 2940 826 2997 ad
857 2940 1204 3009 Dominum;
1235 2941 1576 2997 deseramus
1607 2944 1801 3001 mente

151 3027 292 3085 vitia
311 3033 370 3084 et
388 3033 626 3102 peccata
654 3034 874 3099 nostra,
902 3034 960 3087 et
984 3031 1120 3097 ﬁde,
1143 3046 1246 3103 spe
1276 3034 1335 3086 et
1361 3046 1560 3089 amore
1588 3046 1800 3102 sequa-

152 3134 287 3175 mur
303 3118 639 3175 Dominum.
663 3118 810 3175 Hinc
836 3119 959 3192 ipse
990 3118 1135 3176 dixit
1165 3119 1237 3175 ad
1274 3118 1570 3177 Abraham
1594 3135 1607 3175 :
1631 3120 1797 3189 Egre-

1921 1955 2024 2012 biis
2068 1974 2155 2013 me
2209 1957 2457 2025 honorat,
2488 1975 2581 2015 cor
2636 1967 2817 2015 autem
2867 1975 3057 2015 eorum
3109 1959 3268 2028 longe
3321 1964 3400 2015 est
3421 1975 3455 2014 a
3481 1974 3569 2018 me

1916 2044 2127 2115 (Matth.
2164 2050 2281 2116 xv).
2307 2047 2433 2103 Non
2481 2064 2718 2105 oremus
2765 2047 2978 2120 tepide,
3012 2048 3290 2121 quoniam
3334 2047 3564 2121 tepidos

1915 2151 2076 2190 vanae
2106 2136 2487 2209 cogitationes
2526 2137 2825 2207 infestant,
2858 2142 2917 2194 et
2950 2138 3122 2210 juxta
3168 2136 3561 2206 Salomonam,

1912 2239 2116 2282 muscae
2143 2227 2435 2285 morientes
2459 2226 2697 2298 perdunt
2724 2230 3047 2284 suavitatem
3074 2226 3341 2299 unguenti
3369 2226 3561 2299 (Eccle.

1912 2313 1992 2385 χ).
2025 2314 2098 2369 Et
2137 2313 2186 2370 si
2230 2331 2337 2372 nos
2388 2315 2794 2373 infestaverint
2820 2332 3102 2373 venarum
3150 2314 3565 2388 phantasmata

1913 2402 2358 2476 cogitationum,
2389 2422 2497 2462 nos
2547 2421 2760 2479 magno
2811 2406 3032 2461 fervore
3079 2420 3179 2462 eas
3208 2421 3244 2460 a
3272 2403 3442 2461 nobis
3471 2421 3562 2461 re-
3641 2406 3647 2418 “

1911 2490 2224 2565 pellamus,
2257 2494 2411 2552 sicut
2433 2495 2725 2568 scriptum
2776 2502 2867 2551 est
2899 2511 2911 2549 :
2946 2496 3223 2568 Quoniam
3274 2493 3562 2551 descende-

1910 2589 2042 2637 runt
2084 2584 2327 2639 volucres
2380 2585 2502 2640 cceli
2553 2600 2718 2656 super
2771 2585 3065 2655 sacriﬁcia,
3095 2591 3148 2639 et
3174 2584 3424 2654 abigebat
3474 2598 3563 2640 eus

1909 2671 2184 2729 Abraham
2215 2673 2368 2743 (Gen.
2391 2676 2507 2741 xv).
2540 2674 2667 2729 Non
2716 2689 2951 2729 oremus
3000 2671 3371 2744 multiloquio
3411 2673 3564 2729 sicut

1910 2759 2244 2833 bypocritae,
2269 2762 2369 2817 sed
2394 2763 2548 2817 sicut
2581 2761 2866 2817 Dominus
2889 2761 2971 2817 ait
2995 2779 3009 2817 :
3034 2765 3170 2820 Cum
3199 2763 3443 2818 oraveris
3473 2764 3560 2817 in-

1909 2856 1994 2905 tra
2022 2852 2081 2904 in
2110 2850 2427 2906 cubiculum
2480 2859 2658 2922 tuum,
2683 2859 2735 2907 et
2781 2852 2966 2907 clauso
3018 2852 3174 2917 ostio,
3196 2866 3295 2906 ora
3348 2858 3563 2922 patrem

1909 2946 2067 2994 tuum
2080 2939 2292 3012 (Matth.
2305 2944 2405 3009 Vi).
2423 2926 2509 2996 Ad
2526 2938 2779 2996 litteram
2790 2985 2803 3011 ,
2820 2940 3046 3007 fratres,
3062 2943 3351 2996 secretum
3374 2956 3562 2996 sacra-

1908 3032 2153 3100 tumque
2176 3027 2369 3085 locum
2397 3027 2610 3102 eligere
2631 3030 2913 3086 debemus
2934 3030 3004 3085 ad
3024 3029 3332 3085 orandum.
3358 3028 3472 3084 Sed
3502 3032 3560 3085 et

1908 3117 2153 3189 mystice
2182 3118 2339 3175 intra
2367 3123 2658 3175 secretum
2690 3119 2882 3176 cordis
2913 3118 3100 3175 nostri
3138 3134 3246 3175 nos
3275 3117 3556 3175 debemus

149 3207 277 3267 dere
303 3207 369 3264 de
395 3216 544 3266 terra
569 3217 623 3264 et
661 3208 727 3265 de
763 3211 1083 3281 cognatione
1112 3217 1230 3280 tua,
1259 3217 1312 3266 et
1333 3208 1398 3265 de
1425 3208 1580 3265 domo
1622 3211 1799 3281 patris
1827 3193 1871 3259 C
1910 3204 2275 3273 concludere,
2302 3209 2423 3262 tam
2451 3206 2770 3265 intentione
2790 3224 2968 3280 quam
2990 3207 3361 3282 cogitatione,
3381 3224 3453 3264 ne
3481 3207 3556 3264 ad

149 3298 257 3364 tui,
274 3300 389 3354 etc.
414 3297 566 3369 (Gen.
588 3298 709 3372 xu),
734 3298 791 3354 id
813 3303 926 3368 est,
947 3299 1220 3372 egredere
1242 3299 1313 3354 de
1332 3315 1531 3355 amore
1551 3304 1800 3355 terreno-

146 3402 307 3453 rum,
328 3390 386 3444 et
422 3388 495 3443 de
547 3388 892 3462 cognatione
920 3387 1247 3445 carnalium
1296 3387 1590 3456 vitiorum,
1622 3391 1683 3444 et
1727 3387 1799 3444 de

148 3480 439 3549 potestate
458 3475 770 3545 diaboli,et
792 3476 963 3535 bonis
988 3477 1395 3550 spiritualibus
1412 3481 1470 3534 te
1490 3477 1710 3533 ditabo.
1727 3476 1800 3533 Et

148 3564 482 3636 Psalmista,
505 3566 681 3637 Audi,
697 3567 841 3639 ﬁlia,
858 3575 910 3625 et
927 3566 1069 3636 vide,
1097 3575 1149 3624 et
1177 3568 1390 3623 inclina
1416 3582 1607 3623 aurem
1624 3575 1796 3633 tuam,

146 3663 199 3711 et
226 3655 541 3713 obliviscere
592 3656 859 3729 populum
913 3664 1071 3713 tuum
1115 3664 1167 3713 et
1212 3656 1435 3714 domum
1481 3657 1661 3728 patris
1716 3656 1803 3711 tui

148 3744 320 3817 (Psal.
340 3750 514 3814 xuv).
540 3745 649 3811 Qui
681 3746 838 3801 enim
869 3745 1062 3803 adhuc
1110 3749 1304 3802 mente
1336 3745 1395 3801 in
1426 3749 1661 3818 peccato
1692 3743 1799 3801 ha-

147 3832 318 3902 bitat,
353 3832 413 3888 in
442 3850 660 3891 vanum
690 3833 935 3891 laborat.
960 3834 1125 3892 Unde
1154 3834 1402 3891 dicitur:
1431 3836 1566 3891 Cum
1594 3834 1798 3892 levave-

147 3923 275 3979 ritis
304 3920 376 3978 ad
402 3938 488 3980 me
513 3939 714 3980 manus
743 3931 962 3991 vestras,
994 3940 1105 3981 non
1140 3923 1433 3980 exaudiam
1462 3940 1574 3992 vos,
1603 3940 1803 3981 manus

144 4012 303 4067 enim
329 4019 528 4071 vestrae
571 4015 843 4085 sanguine
883 4014 1063 4086 plena:
1086 4022 1217 4070 sunt
1243 4015 1372 4080 (Isa.
1396 4012 1652 4083 I).Petiit
1697 4031 1802 4071 au-

146 4104 268 4156 tem
299 4099 513 4157 mulier
541 4119 659 4159 non
703 4119 937 4174 aurum,
965 4120 1080 4160 non
1113 4107 1444 4176 argentum,
1467 4119 1583 4158 non
1615 4103 1801 4159 hono-

145 4206 266 4258 res,
285 4190 388 4247 sed
419 4193 653 4248 tantum
677 4191 812 4247 ﬁliae
842 4209 962 4249 suae
995 4192 1267 4249 salutem.
1291 4192 1567 4248 Petamus
1586 4196 1645 4247 et
1673 4208 1800 4261 nos,

140 4279 381 4347 fratres,
409 4296 446 4337 a
472 4281 721 4339 Domino
750 4298 869 4338 non
899 4281 1255 4350 transitoria,
1289 4282 1391 4337 sed
1419 4285 1655 4352 aeterna,
1687 4297 1803 4337 non

144 4372 446 4426 terrenam
490 4369 906 4441 substantiam,
939 4372 1041 4427 sed
1071 4375 1302 4428 tantum
1353 4370 1562 4427 anima:
1593 4374 1804 4427 nostrae

141 4457 423 4517 salutem.
450 4458 549 4515 Sic
589 4459 748 4517 enim
793 4460 1081 4518 Dominus
1128 4461 1189 4517 in
1236 4459 1546 4534 Evangelio
1586 4460 1802 4532 jubet:

1907 3294 2190 3352 exteriora
2235 3312 2638 3371 pervagemur,
2661 3302 2720 3354 et
2755 3297 2975 3354 ostium
3020 3296 3420 3355 sensualitatis
3450 3312 3557 3355 no-

1906 3388 2038 3440 strae
2060 3384 2330 3442 obserere
2351 3386 2655 3456 debemus,
2680 3404 2753 3444 ne
2770 3403 2930 3443 vanas
2951 3385 3330 3460 cogitationes
3350 3389 3410 3442 et.
3427 3386 3555 3443 dia-

1906 3473 2107 3530 bolicae
2137 3475 2507 3543 tentationes,
2540 3493 2668 3548 qua
2716 3476 2968 3532 maxime
2995 3480 3229 3533 orantes
3274 3476 3553 3533 infestare

1908 3562 2115 3631 solent,
2142 3563 2214 3619 ab
2236 3563 2516 3620 orationis
2538 3565 3026 3639 contemplatione
3045 3583 3154 3622 nos
3174 3564 3405 3623 valeant
3427 3580 3554 3638 per-

1907 3652 2166 3722 turbare,
2195 3653 2469 3710 Petamus
2498 3659 2557 3711 et
2585 3672 2719 3713 cum
2764 3654 3212 3728 perseverantia.
3237 3656 3384 3711 Nam
3414 3658 3475 3711 et
3502 3653 3554 3715 si

1908 3741 2062 3798 Deus
2107 3741 2404 3815 postulata
2459 3744 2674 3815 differt,
2730 3762 2847 3802 non
2903 3749 3103 3801 tamen
3161 3744 3367 3801 aufert.
3401 3744 3555 3801 Deus

1909 3830 2065 3887 enim
2090 3848 2204 3888 non
2229 3834 2451 3905 spernit
2472 3851 2673 3907 preces
2702 3852 3049 3908 pauperum,
3072 3834 3173 3892 sed
3202 3835 3333 3890 ideo
3363 3833 3558 3889 differt

1911 3926 1977 3977 ut
2005 3919 2139 3994 plus
2170 3938 2464 3996 rogemus,
2491 3928 2547 3982 et
2575 3925 2711 3998 plus
2730 3929 3022 3999 rogantes,
3045 3924 3180 3998 plus
3203 3939 3551 3980 mereamur.

1911 4010 2074 4067 Unde
2105 4011 2231 4083 ipse
2270 4012 2328 4067 in
2373 4013 2680 4086 Evangelio
2730 4015 2903 4084 Jubet
2959 4029 3067 4069 nos
3123 4015 3559 4085 perseveranter

1910 4098 2225 4172 postulare.
2249 4103 2443 4169 Petito,
2470 4101 2685 4173 inquit,
2707 4109 2759 4157 et
2788 4103 3097 4175 accipietis;
3127 4103 3379 4173 quaerite,
3397 4108 3449 4157 et
3477 4102 3561 4157 in-

1911 4190 2161 4247 veniezis.
2208 4190 2464 4261 Quaerite,
2497 4190 2812 4263 operando,
2848 4192 3063 4263 pulsate
3111 4190 3554 4264 perseverando.

1915 4278 2102 4336 Omnis
2130 4280 2281 4336 enim
2330 4281 2427 4350 qui
2474 4282 2606 4351 petit
2653 4284 3107 4352 perseveranter,
3138 4281 3355 4352 accipit,
3383 4287 3435 4335 et
3462 4281 3560 4353 qui

1915 4370 2137 4442 quacrit,
2169 4369 2397 4435 invenit,
2428 4375 2478 4424 et
2504 4369 2757 4441 pulsanti
2788 4371 3068 4442 aperietur
3096 4369 3242 4442 (Luc.
3268 4372 3369 4439 χι).
3394 4368 3556 4425 Peta-

1913 4473 2047 4512 mus
2078 4461 2293 4512 etcum
2313 4455 2662 4526 humilitate,
2688 4457 2893 4515 fratres
2914 4457 3267 4525 charissimi,
3287 4460 3560 4530 reputan-

140 4547 348 4614 Nolile,
380 4547 595 4621 inquit,
624 4549 855 4606 solliciti
879 4567 1013 4618 esse,
1040 4549 1274 4607 dicentes
1295 4568 1314 4606 :
1338 4549 1479 4618 Quid
1507 4549 1803 4606 manduca-
1831 4572 1880 4638 Β
1912 4549 2001 4601 tes
2028 4561 2138 4603 nos
2166 4544 2506 4602 immundos
2554 4562 2748 4617 canes,
2773 4550 2830 4602 et
2858 4547 2932 4603 ad
2960 4547 3245 4604 vomitum
3294 4544 3558 4603 sordium

141 4636 353 4709 bium,
384 4645 484 4693 aut
511 4637 645 4712 quid
687 4640 976 4696 bibemus?
1018 4645 1109 4695 sed
1136 4641 1383 4712 primum
1429 4640 1658 4711 quwrite
1686 4655 1803 4710 reg-

138 4742 289 4782 num
315 4729 424 4783 Dei
451 4735 502 4783 et
521 4728 803 4801 justitiam
845 4730 983 4802 ejus,
1014 4737 1066 4786 et
1101 4729 1221 4787 haec
1248 4730 1435 4787 omnia
1478 4729 1809 4794 adficientur

142 4815 303 4871 vobis
325 4818 543 4886 (Matth.
563 4820 662 4887 Vl).
686 4817 795 4884 Qui
825 4817 982 4875 enim
1006 4835 1157 4876 vana
1186 4818 1526 4892 postulabat
1556 4822 1612 4874 et
1639 4833 1802 4887 vane,

140 4920 342 4961 vanus
372 4909 482 4963 est.
505 4906 665 4965 Vane
693 4911 889 4965 autem
919 4907 1050 4965 ideo
1075 4908 1229 4977 dico,
1251 4908 1531 4982 quoniam
1553 4924 1689 4964 cum
1709 4907 1808 4962 Ec-

140 4992 336 5051 clesia
357 5000 525 5069 rogat
560 5013 665 5070 pro
704 4997 995 5055 fructibus
1018 5002 1205 5064 terra,
1228 5004 1285 5055 et
1303 5014 1407 5070 pro
1428 4996 1653 5055 caeteris
1669 5002 1811 5055 tem-

140 5082 460 5157 poralibus
490 5086 683 5155 bonis,
706 5087 987 5160 quoniam
1018 5104 1134 5144 non
1161 5104 1313 5144 vana
1339 5087 1681 5154 intentione,
1707 5085 1810 5143 sed

138 5173 209 5230 in
239 5179 358 5231 Deo
389 5178 447 5231 et
475 5175 548 5231 ad
574 5176 760 5233 Deum
794 5177 902 5235 hoc
932 5176 1212 5251 postulat,
1238 5193 1355 5233 non
1378 5176 1508 5233 ideo
1527 5193 1676 5232 vana
1695 5180 1805 5233 est.

137 5263 263 5321 Sed
288 5264 393 5341 qui
412 5281 580 5336 vana,
596 5269 655 5322 et
672 5283 823 5324 vana
842 5267 1164 5325 intentione
1185 5265 1465 5340 postulat,
1487 5264 1586 5322 ille
1606 5265 1809 5338 utique

133 5368 340 5410 vanus
365 5354 599 5421 est.,Qui
622 5359 819 5412 autem
842 5359 1092 5414 mortem
1112 5356 1204 5413 vel
1224 5356 1509 5412 damnum
1531 5352 1621 5410 vel
1646 5354 1811 5413 ultio-

135 5456 289 5501 nem
316 5441 543 5503 inimici
573 5443 665 5501 sui
696 5444 861 5518 petit,
888 5445 1080 5502 malus
1099 5449 1207 5503 est.
1231 5445 1314 5502 De
1335 5443 1613 5517 qualibus
1636 5443 1808 5500 Jaco-

132 5530 262 5589 bus
300 5529 390 5587 ait
420 5546 434 5587 :
469 5535 664 5590 Petitis
701 5536 850 5591 enim
878 5543 929 5591 et
956 5552 1070 5593 non
1099 5537 1365 5609 accipitis,
1391 5550 1451 5591 co
1482 5531 1623 5606 quod
1664 5532 1811 5589 male

131 5621 354 5697 petatis
375 5621 509 5699 (Jac.
526 5621 903 5697 1v).Ostcndit
923 5641 1159 5700 quoque
1183 5624 1307 5685 hinc
1331 5622 1545 5683 mulier
1564 5637 1807 5700 quomo-

474 5746 742 5816 PATBOL.
788 5751 959 5819 CLV.

1915 4639 2250 4691 nostrarum
2282 4651 2434 4707 saepe
2463 4651 2759 4693 reversos:
2789 4653 2938 4709 pane
2967 4635 3244 4705 ﬁliorum,
3266 4633 3558 4708 apostolo-

1916 4739 2048 4779 rum
2079 4721 2303 4781 scilicet
2352 4730 2408 4781 et
2455 4730 2777 4800 martyrum
2823 4731 2881 4782 et
2925 4726 3172 4782 aliorum
3221 4728 3559 4781 sanctorum

1915 4812 2108 4887 gratia
2136 4812 2430 4889 indignos.
2460 4816 2570 4872 Sed
2602 4815 2932 4889 ﬂagitamus
2961 4813 3357 4888 aliquantulas
3384 4812 3560 4887 largi-

1915 4903 2055 4960 tatis
2085 4920 2202 4960 SL183
2232 4903 2523 4961 minucias
2554 4904 2725 4962 nobis
2763 4904 3075 4960 immeritis
3111 4902 3422 4977 impertiri.
3454 4903 3563 4960 Per

1921 5009 2171 5065 quorum
2200 5009 2334 5049 vero
2380 4993 2827 5050 intercessiones
2875 5010 2910 5049 a
2954 4992 3199 5049 Domino
3229 5008 3564 5049 mereamur

1922 5082 2133 5152 audiri,
2169 5084 2606 5141 demonstratur
2652 5082 2821 5140 nobis
2868 5082 2930 5139 in
2979 5081 3221 5140 muliere
3266 5082 3399 5152 ista,
3432 5099 3561 5155 quae

1916 5188 2021 5245 per
2048 5172 2518 5230 intercessionem
2540 5172 2937 5247 apostolorum
2968 5189 3003 5230 a
3031 5172 3278 5230 Domino
3307 5170 3564 5246 postula-

1922 5265 2050 5317 tum
2081 5260 2434 5333 impetravit,
2456 5262 2776 5321 dicentium
2803 5281 2816 5321 :
2842 5265 3071 5322 Dimitte
3099 5264 3273 5330 illam,
3296 5264 3430 5335 quia
3455 5262 3567 5318 cla-

1917 5358 2033 5407 mat
2071 5359 2191 5424 poet
2236 5368 2353 5408 nos.
2387 5353 2721 5412 Clamemus
2750 5359 2808 5412 et
2858 5373 2983 5425 nos,
3007 5354 3217 5411 fratres
3263 5352 3403 5421 mei,
3433 5354 3570 5423 post

1919 5439 2257 5509 Dominum,
2290 5444 2347 5497 et
2391 5448 2524 5514 post
2572 5444 2867 5517 apostolos
2896 5448 3253 5518 caeterosque
3280 5442 3519 5495 sanctos
3552 5454 3568 5494 :

1918 5530 2241 5587 clamamus
2255 5531 2878 5604 suspiriis,clamemus
2898 5538 2957 5591 et
2972 5530 3581 5608 lacrymis,quatenus

1919 5619 2222 5681 devotione
2251 5620 2443 5682 cordis
2479 5638 2681 5684 eorum
2710 5624 2935 5683 viscera
2970 5630 3498 5682 commoveamus:
3525 5613 3594 5671 ιιι

3192 5712 3319 5835 51'
