3982 6082
422 338 578 402 1803

1435 342 1832 404 ADDENDA.
1867 374 1944 385 —
1976 339 2376 404 BADULPHI
2419 339 2811 402 ARDENTIS

3677 335 3850 400 ιεοι
3947 261 3956 416 Ι

421 490 524 545 pro
558 471 726 528 nobis
757 474 941 530 sancti
971 476 1126 547 apud
1151 476 1335 533 Deum
1367 475 1744 532 intercedant.
1771 475 1934 542 Quod
1956 475 2066 531 uti-
2093 479 2147 545 Α
2247 474 2526 547 Sequitur
2556 492 2692 548 pars
2719 474 2997 542 secunda,
3023 472 3085 529 in
3107 489 3224 546 qua
3243 471 3499 528 ostendit
3515 469 3851 545 Apostolus

422 578 556 633 que,
581 562 807 628 fratres,
824 564 940 633 ﬁet,
961 564 1010 620 si
1034 565 1217 621 Deum
1243 566 1300 622 in
1325 566 1545 622 sanctis
1563 564 1688 621 suis
1707 564 2074 620 honoraveri-

423 668 575 719 mus,
601 650 649 706 si
673 667 875 707 eorum
899 653 1107 710 altaria
1128 656 1299 711 donis
1321 660 1378 711 et
1406 654 1798 710 luminaribus
1823 653 2074 711 illustra-

421 739 695 807 vsrimus,
720 740 769 796 si
795 741 1197 800 solemnitates
1230 759 1429 800 eorum
1465 743 1666 799 devote
1697 742 2074 799 celebraveri-

421 846 578 900 mus,
601 829 649 885 si
681 846 881 886 eorum
915 834 1234 890 memorias
1277 834 1336 888 in
1368 832 1593 888 litaniis
1626 838 1682 887 et
1713 833 2074 889 orationibus

421 919 1085 990 frequentaverimus,ut
1117 923 1353 979 tandem
1385 927 1588 979 nostra
1608 923 1910 978 devotione
1943 939 2072 994 pro-

423 1007 584 1077 moti,
610 1007 866 1065 clamant
895 1015 952 1065 et
989 1011 1102 1084 ipsi
1141 1029 1245 1086 pro
1294 1012 1462 1069 nobis
1498 1029 1510 1067 :
1545 1012 1810 1080 Domine,
1845 1011 2074 1067 dimitte

422 1096 575 1165 illos,
597 1098 737 1168 quia
768 1098 1024 1155 clamant
1053 1106 1186 1173 post
1208 1119 1332 1158 nos.
1363 1101 1593 1157 Dimitte
1615 1100 1747 1157 illos
1769 1100 2076 1157 exaudien-

424 1187 518 1253 do,
543 1186 683 1258 quia
725 1188 996 1260 precibus
1043 1190 1286 1264 pulsant
1316 1208 1442 1247 nos.
1467 1193 1538 1246 At
1584 1189 1818 1246 illorum
1871 1188 2075 1263 procul

423 1275 601 1331 dubio
623 1275 1046 1334 interventione
1068 1280 1484 1353 propitiabitur
1500 1279 1800 1346 Dominus,
1816 1278 2074 1336 animam

423 1368 684 1421 nostram
717 1365 972 1424 liberans
1003 1385 1036 1423 a
1065 1369 1351 1425 daemonio
1379 1386 1391 1424 :
1415 1373 1472 1424 et
1491 1368 1605 1435 hic,
1630 1373 1694 1424 ut
1725 1369 2075 1424 tentationes

423 1454 550 1524 ejus
581 1471 949 1527 superemus,
976 1461 1033 1513 et
1061 1457 1122 1512 in
1155 1458 1351 1514 futuro
1375 1475 1445 1513 ne
1467 1457 1722 1530 amplius
1754 1459 1826 1513 ab
1858 1474 1924 1514 eo
1955 1462 2077 1513 ten-

423 1542 533 1598 tari
564 1543 884 1613 valeamus,
909 1546 1036 1618 ipso
1071 1552 1382 1618 praestante
1413 1547 1514 1619 qui
1546 1547 1605 1602 in
1639 1546 1922 1602 Trinitate
1951 1563 2077 1619 per-

425 1632 572 1688 fecta
600 1633 740 1689 vivit
769 1638 825 1690 et
858 1641 1060 1708 regnat
1092 1635 1266 1705 Deus,
1300 1654 1403 1709 per
1432 1636 1631 1693 omnia
1660 1635 1871 1693 saecula
1900 1653 2078 1692 saecu-

424 1721 637 1778 lorum.
667 1725 870 1780 Amen.

958 1814 1267 1872 HOMILIA
1305 1815 1541 1872 XXXIX.

732 1919 850 1959 DOM
860 1919 1013 1961 [NICA
1049 1923 1250 1960 TERTIA
1289 1921 1767 1969 QUADRAGESIMIE.

495 1993 666 2048 Estote
695 1995 993 2050 imitatores
1023 1996 1140 2063 Dei,
1173 1997 1315 2050 sicut
1348 1996 1384 2065 ﬁ
1395 1994 1466 2051 lii
1493 1996 1830 2060 charissimi,
1863 2003 1914 2051 et
1961 2011 2078 2050 am-

426 2080 610 2137 bulate
638 2083 697 2136 in
720 2082 1009 2139 dilectione
1026 2086 1170 2140 sicut
1189 2092 1240 2140 et
1260 2084 1502 2140 Christus
1530 2084 1727 2140 dilexit
1753 2102 1870 2154 nos,
1894 2093 1946 2141 et
1966 2092 2078 2140 tra-

423 2168 562 2224 didit
587 2171 938 2241 semetipsum
965 2187 1063 2242 pro
1085 2173 1258 2238 nobis,
1283 2173 1611 2228 oblationem
1637 2181 1687 2228 et
1714 2173 1946 2228 hostiam
1974 2174 2079 2228 Deo

423 2259 481 2312 in
539 2258 754 2313 odorem
807 2262 1119 2328 suavitatis,
1171 2264 1279 2316 etc.
1310 2263 1629 2332 (Ephcs.v.)
1653 2262 1934 2334 Bipertita
1992 2266 2083 2317 est

425 2345 595 2401 lectio
627 2346 759 2412 ista,
786 2349 993 2404 fratres
1041 2349 1374 2405 charissimi
1410 2367 1421 2405 :
1466 2350 1656 2405 Primo
1704 2351 1859 2406 enim
1909 2351 2080 2406 nobis

425 2436 686 2507 praecipit
715 2438 1028 2508 Apostolus
1056 2443 1118 2493 ut
1139 2439 1448 2494 Dominum
1473 2424 1793 2496 imitemur.
1819 2441 2079 2496 Secundo

425 2525 681 2580 ostendit
720 2524 778 2580 in
813 2527 1027 2598 quibus
1075 2545 1208 2584 cum
1261 2529 1478 2584 imitari
1530 2530 1830 2586 debemus.
1883 2529 2081 2585 Praeci-

426 2613 594 2686 piens
653 2613 833 2687 igitur
889 2615 1076 2688 primo
1137 2634 1244 2673 nos
1303 2617 1521 2674 imitari
1583 2620 1918 2686 Dominum,
1951 2619 2077 2675 ait:

424 2703 600 2760 Estotc
631 2706 932 2762 imitatores
960 2708 1080 2763 Dei.
1113 2708 1220 2763 Sed
1255 2707 1395 2779 quia
1426 2709 1665 2780 quidam
1699 2725 1962 2781 perverse
1991 2725 2083 2764 vo-

425 2791 662 2848 luerunt
710 2793 926 2850 imitari
981 2800 1184 2864 Deum,
1225 2795 1598 2853 attribuendo
1648 2797 1760 2854 sibi
1810 2796 2079 2853 divinita-

427 2885 564 2949 tem,
592 2883 1019 2953 auctoritatem,
1047 2890 1104 2941 et
1147 2903 1214 2942 ea
1244 2904 1371 2958 quae
1431 2885 1614 2942 solius
1669 2887 1768 2942 Dei
1825 2891 1983 2955 sunt,
2017 2891 2082 2942 ut

425 2972 672 3045 Jupiter,
707 2974 930 3044 Simon,
961 2980 1018 3031 et
1065 2976 1336 3044 Cosdroe,
1369 2981 1425 3031 et
1471 2977 1662 3033 adhuc
1712 2977 1948 3050 quidam
1995 2977 2076 3032 fa-

426 3061 608 3128 ciunt,
635 3062 735 3134 qui
773 3069 979 3136 putant
1011 3082 1073 3121 se
1105 3065 1324 3138 aliquid
1374 3066 1506 3122 boni
1539 3066 1624 3122 vel
1656 3083 1826 3139 posse
1854 3065 1942 3122 vel
1975 3065 2078 3120 ba-

427 3151 562 3206 bere
593 3167 659 3206 ex
691 3167 773 3219 se,
808 3153 935 3210 ideo
969 3155 1239 3226 adjungit
1282 3155 1618 3227 Apostolus,
1649 3157 1790 3212 sicut
1816 3156 1926 3227 ﬁlii
1949 3157 2078 3211 cha-

2109 1859 2156 1924 B

2182 563 2242 619 in
2273 563 2489 636 quibus
2513 569 2694 620 Deum
2727 564 2944 620 imitari
2971 563 3312 631 debeamus,
3336 579 3470 618 cum
3503 560 3712 618 subbit
3739 577 3756 615 :
3787 562 3854 616 Et

2182 654 2458 709 ambulate
2485 655 2546 708 in
2575 653 2881 721 dilectione,
2912 655 3055 709 sicut
3097 661 3149 709 et
3193 652 3440 710 Christus
3479 651 3687 707 dilexit
3720 667 3851 719 πω,

2181 747 2290 798 etc.
2316 747 2493 798 Porro
2524 741 2583 796 in
2616 742 2808 798 tribus
2838 741 3113 815 praecepit
3142 742 3328 798 Deum
3361 739 3602 807 imitari,
3635 739 3853 796 videli-
3961 739 3963 774 ε

2182 835 2271 887 cet
2301 835 2366 886 ut
2395 830 2681 887 faciamus
2707 848 2811 904 pro
2837 848 2903 887 eo
2925 831 3080 904 quod
3112 831 3238 904 ipse
3267 831 3402 886 fecit
3431 846 3535 902 pro
3564 829 3774 895 nobis,
3790 833 3854 884 ut

2182 937 2251 976 ea
2279 938 2405 992 qua:
2437 920 2561 992 ipse
2592 921 2724 976 odio
2757 920 2951 988 habet,
2976 921 3110 977 odio
3142 919 3486 986 habeamus,
3516 923 3584 975 ut
3613 935 3691 974 ea
3719 935 3848 991 qua

2183 1009 2307 1082 ipse
2337 1008 2550 1082 diligit,
2585 1007 2920 1081 diligamus.
2956 1008 3150 1065 Primo
3190 1009 3371 1082 igitur
3415 1024 3523 1064 nos
3570 1007 3849 1064 hortatur

2181 1097 2516 1171 Apostolus,
2539 1102 2602 1154 ut
2631 1098 2916 1154 faciamus
2962 1115 3066 1170 pro
3097 1097 3326 1154 Christo
3369 1115 3496 1170 qua:
3547 1096 3681 1169 ipse
3714 1097 3848 1153 fecit

2185 1205 2288 1261 pro
2319 1187 2509 1254 nobis,
2535 1204 2670 1243 cum
2694 1187 2838 1242 dixit
2862 1205 2874 1242 :
2903 1190 2966 1243 Et
2993 1187 3271 1244 ambulate
3299 1189 3360 1243 iu
3388 1186 3848 1243 dilectionesicut

2182 1285 2235 1335 et
2263 1279 2507 1334 Christus
2535 1277 2732 1334 dilemit
2755 1295 2870 1334 nos.
2898 1279 2961 1334 In
2986 1277 3298 1334 dilectione
3319 1275 3604 1344 ambulat,
3631 1278 3740 1350 qui
3759 1276 3846 1331 di-

2182 1367 2332 1441 ligit,
2359 1371 2416 1424 et
2443 1384 2620 1440 opera
2647 1367 2976 1424 dilectionis
3003 1367 3155 1424 facit.
3181 1367 3458 1424 Hortatur
3483 1382 3626 1440 ergo
3654 1383 3768 1423 nos
3785 1370 3848 1422 ut

2186 1457 2680 1530 quemadmodum
2710 1456 2978 1513 Christus
3027 1455 3232 1513 dilexit
3259 1473 3387 1524 nos,
3418 1461 3477 1513 et
3506 1455 3622 1512 hoc
3676 1472 3848 1528 opere

2185 1546 2441 1618 probans
2473 1545 2716 1601 tradidit
2758 1546 3142 1618 semetipsum
3175 1563 3280 1618 pro
3311 1545 3504 1612 nobis,
3537 1545 3624 1601 ita
3655 1551 3718 1601 et
3747 1561 3850 1601 nos

2185 1651 2320 1689 eum
2352 1633 2690 1706 diligamus,
2723 1638 2782 1690 et
2819 1634 3126 1690 tradamus
3176 1633 3569 1707 nosmetipsos
3622 1651 3736 1707 pro
3765 1649 3850 1690 eo.

2191 1723 2456 1791 Tradidit,
2479 1723 2689 1795 inquit,
2713 1725 2954 1796 seipsum
2989 1740 3090 1796 pro
3126 1725 3285 1779 nobis
3313 1724 3648 1780 oblationem
3678 1733 3732 1779 ct
3759 1724 3854 1779 hoc

2185 1814 2351 1868 stiam
2381 1813 2504 1868 Deo.
2540 1811 2928 1880 Oblationem,
2954 1813 3191 1885 quando
3223 1812 3437 1868 obtulit
3482 1829 3547 1869 se
3595 1813 3675 1868 ad
3718 1813 3854 1870 obe-

2189 1902 2462 1958 ciendum
2493 1902 2647 1957 Patri
2691 1919 2794 1974 pro
2841 1901 3030 1958 nobis.
3067 1902 3612 1974 llostiam,quando
3668 1918 3737 1958 se
3783 1902 3852 1958 ad

2189 1991 2552 2064 patiendum,
2577 1996 2633 2047 et
2665 1991 2772 2047 hoc
2807 1993 2868 2047 in
2896 1992 3113 2049 odorem
3135 1993 3444 2060 suavitatis,
3466 1992 3766 2064 quoniam
3795 1991 3852 2046 in

2189 2080 2297 2136 hoc
2330 2081 2615 2137 sacriﬁcio
2647 2080 2962 2154 plusquam
3006 2081 3065 2136 in
3114 2081 3337 2138 caeteris
3385 2080 3722 2138 delectatus
3771 2085 3854 2137 est

2191 2170 2372 2226 Pater.
2407 2170 2569 2226 Unde
2599 2176 2656 2226 et
2701 2171 2771 2227 de
2821 2171 3028 2228 eodem
3058 2171 3201 2226 dixit
3232 2187 3246 2226 :
3281 2173 3344 2227 In
3374 2188 3478 2243 quo
3527 2172 3680 2227 mihi
3730 2171 3854 2228 bene

2187 2262 2500 2331 complacui
2521 2261 2737 2329 (Matth.
2762 2265 2920 2330 xvu).
2945 2261 3061 2317 Nos
3105 2277 3338 2334 quoque
3383 2261 3618 2329 fratres,
3647 2261 3852 2317 offera-

2191 2365 2322 2403 mus
2355 2349 2744 2422 nesmetipsos
2793 2349 2950 2406 Patri
2982 2367 3085 2422 pro
3139 2349 3289 2423 ipso,
3318 2350 3390 2406 ad
3450 2350 3848 2407 obediendum

2187 2442 2244 2493 et
2273 2438 2749 2511 compatiendum
2781 2455 2884 2510 pro
2929 2439 3078 2511 ipso.
3109 2439 3180 2494 Et
3209 2439 3259 2495 si
3292 2439 3456 2495 deest
3503 2444 3852 2512 persecutor

2189 2527 2290 2598 qui
2321 2544 2427 2583 nos
2457 2545 2560 2600 pro
2604 2527 2731 2600 ipso
2761 2532 2995 2593 mactet,
3019 2545 3127 2584 nos
3179 2532 3372 2584 tamen
3423 2533 3770 2584 mactemus
3795 2528 3846 2584 in

2189 2618 2358 2674 nobis
2414 2617 2676 2674 carnales
2737 2619 3270 2692 concupiscentiae,
3321 2623 3379 2674 et
3426 2619 3849 2692 cruciﬁgamus

2189 2707 2454 2762 membra
2474 2711 2676 2764 nostra
2695 2724 2830 2764 cum
2851 2707 3008 2764 vitiis
3028 2712 3084 2765 et
3104 2708 3846 2782 concupiscentiis(Gal.v),

2188 2799 2254 2850 ut
2282 2794 2502 2851 seilicet
2533 2813 2745 2852 manus
2775 2796 3216 2871 cruciﬁgantur,
3241 2813 3313 2854 ne
3344 2797 3753 2854 extendantur
3771 2795 3849 2853 ul-

2188 2888 2280 2939 tra
2301 2884 2373 2939 ad
2395 2885 2686 2957 agendum
2711 2884 2880 2942 male.
2902 2887 3084 2942 Pedes
3105 2885 3548 2960 cruciﬁgentur,
3565 2903 3645 2943 ne
3660 2887 3739 2943 de
3761 2903 3850 2942 σεο

2187 2977 2310 3029 tero
2337 2973 2488 3030 male
2520 2973 2841 3032 ambulent.
2864 2975 3286 3050 Crucifigamus
3307 2992 3521 3048 corpus
3551 2979 3846 3044 nostrum,

2189 3079 2261 3119 ne
2290 3063 2361 3118 de
2391 3068 2596 3120 czetero
2645 3063 2798 3120 male
2841 3063 3178 3134 delectetur,
3210 3069 3267 3121 et
3315 3064 3591 3120 similiter
3647 3070 3851 3122 caetera

2189 3153 2472 3209 membra.
2498 3153 2763 3209 Secundo
2793 3159 2991 3210 monet
3021 3171 3127 3210 nos
3155 3153 3489 3227 Apostolus,
3521 3158 3590 3210 ut
3621 3171 3701 3210 ea
3732 3172 3850 3228 qua

425 3240 657 3295 rissimi.
690 3239 873 3296 Filius
905 3241 1120 3314 quippe
1151 3241 1538 3299 charissimus
1569 3243 1832 3299 imitatur
1860 3244 2080 3300 bonum
2111 3236 2154 3303 C
2195 3241 2347 3298 Deus
2368 3242 2500 3298 odio
2526 3242 2722 3311 habet,
2743 3243 2874 3299 odio
2895 3243 3069 3300 etiam
3110 3244 3454 3311 habeamus,
3478 3260 3622 3299 cum
3653 3245 3850 3301 subit:

429 3333 677 3399 patrem,
700 3345 815 3384 non
842 3335 908 3385 ut
929 3334 1172 3402 usurpet
1191 3331 1318 3402 ejus
1345 3331 1671 3388 dominium
1694 3337 1749 3389 et
1767 3334 2079 3390 auctorita-

429 3421 568 3485 tem,
595 3418 696 3474 sed
727 3423 790 3473 ut
839 3420 1188 3490 respondeat
1237 3420 1287 3475 ei
1344 3421 1402 3475 in
1455 3423 1738 3491 moribus,
1765 3428 1830 3479 ut
1861 3423 2085 3480 scilicet

430 3506 636 3578 diligat
666 3512 894 3579 patrem
946 3525 1141 3575 suum,
1167 3509 1317 3565 sicut
1365 3510 1634 3584 diligitur
1683 3513 1754 3568 ab
1805 3529 1892 3579 eo,
1917 3517 1982 3568 ut
2003 3513 2082 3568 sit

428 3595 708 3666 prudens,
733 3595 1036 3663 honestus,
1053 3598 1255 3668 justus
1276 3604 1331 3654 et
1354 3601 1616 3657 moribus
1639 3606 1902 3669 ornatus,
1929 3602 2082 3658 sicut

428 3686 611 3754 pater.
647 3684 811 3752 Quis,
845 3686 1049 3742 fratres
1089 3687 1442 3755 charissimi,
1469 3691 1601 3762 quis
1650 3691 1839 3763 potuit
1868 3690 2080 3748 melius

427 3770 642 3826 imitari
672 3777 849 3828 Deum
892 3778 1120 3830 Patrem
1166 3777 1224 3831 in
1276 3777 1623 3849 mqualitate,
1649 3785 1706 3835 et
1735 3780 1994 3852 potentia
2024 3786 2082 3836 et

426 3860 790 3930 auctoritate,
826 3881 1004 3935 quam
1044 3866 1173 3936 ejus
1223 3866 1431 3922 uuicus
1463 3873 1519 3923 et
1563 3869 2080 3926 consubstantialis

427 3947 630 4019 Filius,
658 3952 938 4008 Dominus
963 3957 1160 4010 noster
1178 3956 1351 4012 Jesus
1372 3956 1678 4013 Christus?
1708 3959 1927 4014 Tamen
1960 3959 2078 4027 ille,

425 4042 491 4093 ut
519 4039 602 4094 ait
628 4041 962 4112 Apostolus,
988 4059 1098 4098 non
1143 4046 1402 4116 rapinam
1449 4045 1749 4102 arbitratus
1778 4055 1856 4104 est
1883 4065 1997 4104 esse
2024 4065 2083 4106 se

423 4129 695 4200 aqualem
729 4134 840 4186 Deo
887 4132 1118 4204 (Philip.
1153 4134 1232 4205 ιι).
1269 4135 1393 4189 Non
1425 4133 1579 4190 enim
1612 4135 1759 4191 dixit
1795 4154 1858 4193 se
1888 4155 2015 4194 esse
2047 4155 2081 4195 a

426 4233 508 4284 se,
543 4218 645 4274 sed
696 4236 729 4274 a
777 4219 963 4276 Patre.
998 4222 1123 4278 Non
1182 4223 1328 4278 dixit
1385 4240 1448 4280 se
1504 4224 1734 4282 venisse
1781 4244 1815 4282 a
1861 4243 1944 4296 se,
1978 4229 2079 4284 sed

427 4323 460 4360 a
490 4306 677 4362 Patre.
711 4308 835 4364 Non
882 4309 1026 4366 dixit
1055 4328 1116 4367 se
1148 4330 1406 4384 qumrere
1455 4313 1701 4386 gloriam
1751 4333 1942 4383 suam,
1975 4319 2078 4374 sed

425 4393 672 4468 gloriam
732 4398 938 4455 Patris.
971 4400 1096 4456 Non
1141 4401 1286 4456 dixit
1343 4420 1511 4459 suam
1569 4403 1891 4461 doctrinam
1951 4424 2080 4463 esse

425 4503 617 4547 suam.
661 4488 761 4542 sed
822 4488 1032 4558 Patris,
1091 4493 1223 4563 quia
1268 4493 1450 4562 Pater,
1503 4493 1715 4566 inquit,
1767 4497 1944 4568 major
1993 4513 2081 4552 me

421 4583 498 4630 est
531 4576 708 4647 (Joan.
743 4579 876 4646 xw).
913 4579 1061 4652 Ergo
1109 4583 1193 4648 tu,
1243 4582 1492 4653 superbe
1541 4581 1752 4654 pulvis,
1787 4585 2078 4656 quomodo

423 4665 607 4720 audes
635 4664 723 4720 vel
754 4667 1098 4738 potentiam,
1131 4668 1221 4724 vel
1262 4669 1612 4740 dominium,
1642 4671 1730 4728 vel
1761 4674 2076 4730 auctorita-

420 4757 540 4808 tem
572 4754 676 4809 tibi
710 4772 982 4829 arrogare
1003 4757 1030 4812 ‘l
1064 4759 1363 4824 Quomodo
1409 4764 1574 4832 potes
1606 4762 1822 4818 sentire
1853 4762 2076 4835 aliquid

419 4842 555 4898 boni
583 4861 650 4900 ex
681 4848 735 4901 te
758 4845 1010 4902 habere?
1031 4849 1330 4913 Quomodo
1351 4849 1661 4920 praesumis
1686 4869 1800 4908 non
1827 4852 1948 4920 Dei,
1975 4854 2075 4910 sed

419 4935 580 4987 tuam
610 4933 857 5006 gloriam
883 4935 966 4992 vel
990 4937 1348 4994 voluntatem
1382 4942 1677 5012 quaerere?
1701 4943 1856 4997 lianc
1874 4941 2072 5015 igitur,

419 5020 775 5091 charissimi,
815 5043 1144 5097 perversam
1178 5027 1566 5084 imitationem
1599 5034 1655 5086 et
1684 5030 2070 5089 idololatriam

420 5108 736 5180 fugiamus,
763 5119 816 5167 et
850 5120 1031 5171 Deum
1065 5117 1218 5172 bona
1247 5118 1570 5175 imitatione
1603 5119 1918 5176 imitemur.
1945 5121 2076 5177 Imi-

419 5200 610 5254 temur
627 5217 762 5256 eum
782 5203 1099 5261 virtutibus
1115 5210 1170 5261 et
1193 5207 1473 5262 moribus.
1489 5208 1812 5266 Virtutibus
1833 5210 2069 5284 quippe,

420 5303 536 5342 non
572 5291 916 5347 auctoritate
948 5294 1058 5349 sibi
1090 5295 1344 5350 similem
1378 5298 1592 5353 creavit
1622 5298 1942 5370 hominem,
1969 5301 2069 5358 sed

417 5375 592 5432 homo
636 5381 927 5450 peccando
980 5400 1041 5439 se
1091 5385 1240 5440 male
1273 5403 1306 5440 a
1337 5391 1452 5442 Deo
1479 5387 1871 5460 dissimilavit,
1907 5396 1963 5448 et
2007 5408 2070 5448 se

411 5464 565 5520 male
597 5467 648 5522 ei
681 5467 977 5526 similavit.
1015 5473 1124 5528 Sed
1171 5477 1226 5529 et
1275 5492 1403 5542 nos,
1459 5476 1688 5549 fratres,
1736 5497 2066 5552 perversam

407 5551 691 5612 evitemus
724 5558 1134 5632 imitationem,
1163 5566 1219 5616 et
1252 5563 1322 5618 ad
1354 5563 1569 5622 bonam
1604 5551 1909 5628 redeamus
1941 5571 2068 5628 imi-

407 5639 710 5707 tationem.

2187 3334 2498 3388 Fornicatio
2527 3340 2707 3389 autem
2735 3342 2785 3389 et
2821 3335 3000 3389 omnis
3041 3333 3416 3401 immunditia,
3450 3342 3552 3388 aut
3583 3337 3852 3400 avaritia,

2188 3437 2285 3476 nec
2311 3423 2624 3478 nominetur
2654 3424 2715 3477 in
2755 3422 2926 3494 vobis,
2947 3425 3091 3479 sicut
3129 3422 3277 3479 decet
3300 3431 3537 3478 sanctos.
3577 3423 3852 3480 Fornica-

2190 3510 2291 3576 tio,
2323 3511 2548 3580 fratres,
2584 3511 2802 3567 dicitur
2839 3511 3032 3568 omnis
3061 3511 3400 3585 complexus
3431 3512 3618 3568 maris
3675 3518 3738 3569 et
3779 3513 3852 3568 fe-

2190 3599 2362 3656 minae
2391 3605 2598 3672 praeter
2623 3599 2950 3675 legitimum
2980 3600 3445 3669 matrimonium,
3469 3602 3854 3674 comprehen-

2190 3689 2335 3746 dens
2367 3690 2693 3763 simplicem
2727 3691 3191 3760 fornicationem,
3224 3690 3584 3747 adulterium
3619 3697 3683 3747 et
3714 3710 3852 3748 mea-

2190 3778 2403 3835 chiam.
2428 3780 2868 3837 Immundiliam
2897 3798 3030 3837 vero
3057 3786 3224 3837 vocat
3258 3780 3579 3854 Apostolus
3611 3799 3850 3838 omnem

2189 3868 2480 3924 incestum
2511 3869 2956 3937 Sodomiticum,
2990 3875 3047 3926 et
3083 3869 3387 3927 bestialem
3418 3870 3669 3927 coitum.
3704 3874 3854 3928 Ava-

2190 3958 2385 4014 ritiam
2407 3976 2540 4015 vero
2559 3964 2724 4016 vocat
2743 3976 2974 4016 omnem
2996 3959 3391 4016 inordinatam
3419 3961 3854 4034 concupiscen-

2193 4047 2331 4104 tiam
2371 4047 2712 4120 acquirendi
2740 4049 2828 4104 vel
2859 4048 3149 4105 retinendi
3179 4048 3335 4105 ultra
3363 4049 3607 4105 modum
3647 4067 3663 4107 :
3702 4069 3850 4124 qua,

2190 4142 2255 4193 ut
2284 4141 2486 4210 postea
2507 4138 2833 4211 subjungit,
2855 4147 2932 4194 est
2953 4138 3222 4195 idolorum
3247 4141 3496 4207 servitus,
3523 4138 3676 4211 quia
3696 4141 3853 4214 quod

2188 4227 2322 4299 quis
2354 4226 2487 4300 plus
2517 4227 2710 4299 diligit
2752 4232 2810 4282 et
2851 4227 2986 4299 plus
3017 4226 3173 4298 colit,
3207 4228 3361 4284 Deus
3389 4229 3519 4299 ejus
3551 4232 3669 4284 est.
3705 4231 3855 4305 Ergo

2188 4316 2321 4389 quis
2353 4315 2487 4388 plus
2516 4315 2707 4388 diligit
2732 4333 3045 4373 nummum
3077 4334 3256 4390 quam
3287 4317 3492 4384 Deum,
3526 4334 3852 4376 nummum

2187 4405 2300 4461 sibi
2329 4404 2633 4462 constituit
2665 4405 2860 4461 deum.
2885 4406 2993 4472 Qui
3023 4405 3157 4480 plus
3187 4405 3326 4462 colit
3365 4410 3632 4462 ventrem
3671 4425 3854 4481 quam

2187 4494 2392 4563 Deum,
2414 4498 2676 4550 ventrem
2706 4494 2817 4550 sibi
2851 4494 3153 4551 constituit
3181 4496 3379 4561 deum,
3403 4495 3512 4562 Qui
3548 4494 3694 4568 plus
3719 4497 3854 4553 colit

2188 4583 2549 4640 meretricem
2572 4600 2751 4655 quam
2775 4588 2977 4654 Deum,
3002 4584 3368 4641 meretricem
3399 4584 3514 4640 sibi
3539 4586 3854 4643 constituit

2187 4673 2507 4729 dominam.
2531 4673 2660 4729 Haec
2683 4677 2899 4742 autem,
2928 4673 3134 4730 fratres
3157 4673 3292 4743 mei,
3316 4673 3398 4729 ita
3428 4673 3654 4730 evitare
3681 4675 3854 4732 debe-

2185 4761 2280 4829 tis,
2316 4766 2381 4816 ut
2410 4777 2514 4817 nec
2549 4761 2927 4820 nominentur
2970 4763 3030 4818 in
3078 4762 3263 4831 vobis,
3295 4763 3551 4818 necdum
3584 4764 3647 4820 in
3684 4765 3850 4820 vobis

2185 4851 2322 4920 sint,
2361 4853 2504 4907 sicut
2556 4850 2702 4908 decet
2753 4860 2986 4907 sanctos.
3009 4851 3103 4907 Sic
3161 4855 3381 4922 sancte,
3415 4851 3497 4908 sic
3545 4858 3735 4920 caste,
3768 4855 3848 4909 sic

2175 4942 2335 5013 juste
2365 4940 2552 4996 vivere
2580 4941 2826 5008 debetis,
2851 4945 2916 4996 ut
2947 4941 3142 4998 nullus
3173 4942 3385 4997 audeat
3402 4941 3670 5014 aliquam
3707 4944 3849 4999 infa-

2182 5030 2363 5086 miam
2397 5031 2614 5103 ﬁngere
2645 5031 2717 5086 de
2745 5029 2930 5086 vobis.
2965 5031 3031 5086 Et
3072 5048 3188 5087 non
3231 5029 3423 5087 solum
3457 5030 3582 5086 haec
3615 5034 3848 5105 majora

2182 5119 2431 5174 crimina
2459 5119 2717 5175 vitentur
2747 5136 2780 5175 a
2811 5120 3000 5189 nobis,
3035 5121 3136 5176 sed
3180 5119 3354 5176 etiam
3401 5120 3524 5175 haec
3557 5120 3799 5178 minora
3828 5139 3842 5178 :

2186 5208 2499 5281 Turpitudo,
2531 5209 2960 5281 stultiloquium,
2991 5217 3044 5265 et
3074 5210 3405 5279 scurrilitas,
3439 5226 3563 5282 qua:
3606 5212 3684 5266 ad
3733 5228 3843 5267 rem

2178 5315 2286 5355 non
2321 5301 2620 5370 pertinent.
2655 5297 3110 5370 Turpitudinem
3153 5299 3328 5355 etiam
3379 5297 3689 5372 loquendi,
3725 5300 3842 5356 fra-

2178 5393 2318 5455 tres,
2351 5404 2682 5454 caveamus,
2715 5387 2854 5459 quia
2899 5404 3014 5444 non
3059 5404 3376 5461 possumus
3403 5387 3840 5462 turpiloquium

2178 5493 2395 5544 amare,
2428 5482 2484 5532 et
2535 5477 2724 5548 ipsam
2775 5477 3203 5549 turpitudinem
3253 5477 3508 5534 horrere.
3542 5477 3839 5535 Paulatim

2175 5567 2330 5622 enim
2361 5583 2464 5638 per
2493 5563 2850 5637 turpiloquia
2879 5567 3070 5638 pudor
3099 5567 3406 5635 excutitur,
3431 5569 3488 5623 et
3507 5565 3838 5624 econtrario

2173 5655 2386 5717 transit
2423 5671 2616 5714 sermo
2664 5653 2724 5712 in
2773 5655 3066 5728 effectum,
3099 5656 3151 5716 si
3202 5655 3448 5718 honesta
3491 5654 3838 5734 loquamur.
