3990 6516
98 352 251 414 1805

765 350 1120 412 HOMILL‘E
1160 351 1239 411 ΙΝ
1286 349 1536 411 EPIST.
1582 349 1683 410 ET
1726 348 2011 411 EVANG.
2057 349 2406 412 DOMINIC.
2439 349 2741 411 -—-PARS
2784 349 2833 409 Ι.

3346 345 3500 408 1806

97 481 540 555 Stultiloquium
570 498 702 538 vero
733 482 949 538 dicitur
976 482 1263 555 quidquid
1289 498 1393 537 nec
1416 485 1744 555 opportuno
1773 482 1829 550 Α
1856 483 1973 538 Nos
2003 498 2158 555 ergo,
2186 483 2413 549 fratres,
2437 481 2626 554 primo
2649 498 2775 553 qua:
2797 481 2866 536 ad
2890 478 3220 549 historiam,
3244 480 3501 535 secundo

97 575 371 644 tempore,
407 587 511 627 nec
542 574 870 644 opportuno
900 571 1050 641 loco,
1085 588 1191 628 nec
1209 573 1375 643 justa
1405 588 1583 627 causa
1612 571 1747 627 dici-

94 666 209 717 tur.
243 660 581 718 Scurrilitas
632 660 849 717 dicitur
879 660 1164 733 quidquid
1197 677 1332 717 cum
1364 661 1617 732 quadam
1650 678 1747 716 ur-

90 750 347 805 banitate
395 751 707 822 profertur,
759 767 938 807 causa
994 752 1265 807 movendi
1324 750 1531 806 risum.
1573 751 1747 806 Porro

90 838 210 895 haec
240 839 476 906 similia,
530 839 761 906 fratres,
794 856 995 896 cavere
1028 841 1332 907 debemus,
1368 841 1647 912 quoniam
1697 839 1747 895 si

88 928 254 1000 (teste
272 928 539 998 Domino)
560 929 631 984 de
652 929 811 984 omni
834 930 1007 985 verbo
1030 930 1214 986 otioso
1234 929 1515 985 reddituri
1539 946 1747 985 sumus

86 1018 369 1073 rationem
400 1017 612 1086 (Matth.
645 1017 770 1090 x11,)
803 1018 943 1091 quid
975 1036 1112 1091 ergo
1135 1020 1243 1073 erit
1265 1019 1336 1074 de
1360 1017 1748 1074 scurrilitate‘?

85 1106 229 1179 quid
262 1107 334 1163 de
363 1106 763 1163 detractione?
792 1108 934 1180 quid
975 1108 1047 1163 de
1096 1107 1477 1164 adulatione?
1507 1108 1648 1180 quid
1677 1108 1746 1163 de

86 1195 576 1269 mendacio?quid
597 1197 668 1252 de
689 1196 1419 1270 perjurio?Perdes,inquit.
1438 1197 1743 1269 Propheta,

85 1301 273 1341 omnes
293 1288 391 1357 qui
410 1286 713 1357 loquuntur
730 1286 1082 1341 mendacium
1113 1287 1287 1359 (Psal.
1310 1304 1366 1343 v.
1375 1301 1390 1358 )
1415 1287 1503 1353 Et,
1528 1303 1585 1342 os
1605 1287 1745 1359 quod

80 1376 367 1442 mentitur,
427 1375 624 1430 occidit
672 1376 921 1430 animam
973 1375 1124 1447 (Sap.
1163 1378 1225 1445 I.)
1279 1377 1414 1441 Quae
1475 1392 1611 1448 ergo
1659 1374 1745 1431 lo-

83 1464 244 1519 cutio
275 1464 446 1520 debet
477 1479 605 1520 esse
627 1463 686 1519 in
718 1463 933 1520 nobis?
953 1465 1310 1531 Gratiarum,
1336 1464 1547 1536 inquit,
1570 1464 1744 1533 actio,

81 1552 433 1621 benedictio,
485 1551 690 1621 oratio,
723 1556 783 1609 et
829 1557 1034 1610 caetera
1083 1554 1236 1610 bona
1274 1554 1468 1609 verba.
1521 1554 1744 1610 Suntne

83 1643 428 1716 supradicta
447 1643 741 1699 cavenda?
765 1643 994 1717 Utique.
1020 1645 1167 1708 Quia
1199 1648 1263 1700 ut
1293 1646 1365 1700 de
1397 1643 1617 1700 caeteris
1639 1644 1745 1699 mi-

81 1732 328 1789 noribus
375 1736 623 1800 taceam,
674 1735 783 1789 Hoc
823 1736 1009 1790 scitote
1039 1736 1172 1806 quia
1217 1736 1394 1790 omnis
1419 1736 1741 1806 fornicator,

76 1829 179 1878 aut
203 1821 546 1888 immundus,
567 1830 665 1877 aut
685 1839 907 1891 avarus,
933 1823 1073 1895 quod
1091 1832 1170 1879 est
1194 1824 1462 1879 idolorum
1488 1825 1740 1890 servitus,
1769 1855 1818 1921 B

72 1928 190 1967 non
219 1911 381 1968 habet
407 1911 784 1968 haereditatem
821 1914 881 1967 in
913 1929 1079 1981 regno
1113 1914 1319 1968 Christi
1347 1921 1397 1968 et
1425 1914 1542 1968 Dei.
1571 1916 1740 1969 Nemo

72 2017 169 2056 vos
188 2000 410 2056 seducet
431 2001 691 2057 inanibus
712 2001 909 2067 verbis,
929 2000 1128 2058 dicens
1150 2001 1235 2057 vel
1258 2001 1378 2057 haec
1400 2018 1529 2057 esse
1551 2002 1742 2058 venia—

74 2088 179 2157 lia,
211 2089 298 2147 vel
333 2090 549 2163 impios
605 2108 721 2147 non
782 2107 911 2147 esse
950 2091 1327 2162 judicandos.
1360 2096 1591 2163 Propter
1641 2093 1740 2147 hoc

73 2181 230 2235 enim
283 2181 432 2235 venit
488 2182 596 2248 ira,
658 2179 1061 2235 exczecationis
1119 2180 1343 2235 scilicet
1371 2184 1429 2235 et
1469 2181 1739 2252 reproba-

74 2268 283 2339 tionis,
317 2271 377 2323 in
401 2270 547 2338 ﬁlios
576 2268 925 2341 difﬁdentia’,
958 2269 1014 2323 id
1042 2274 1131 2325 est
1161 2269 1438 2342 perﬁdiae.
1473 2270 1585 2347 Sed
1615 2288 1738 2335 vos,

74 2358 313 2425 fratres,
344 2358 514 2413 nolite
542 2359 667 2428 ﬁeri
688 2375 789 2430 per
814 2359 1229 2425 imitationem,
1258 2359 1343 2414 vel
1368 2375 1470 2430 per
1491 2376 1740 2413 consen-

73 2463 215 2502 sum
244 2448 545 2518 participes
593 2464 801 2504 eorum.
852 2448 1037 2503 Eratis
1067 2451 1217 2503 enim
1265 2448 1563 2519 aliquando
1594 2457 1738 2503 tene-

74 2538 219 2601 brw,
254 2536 311 2590 id
344 2541 433 2591 est
482 2537 773 2591 tenebrosi
805 2537 983 2604 vitiis,
1017 2537 1241 2593 scilicet
1288 2537 1442 2593 sicut
1479 2537 1737 2611 prmdixi,

68 2642 228 2680 nunc
268 2633 455 2681 autem
506 2626 606 2681 tua:
633 2627 691 2681 in
720 2628 967 2697 Domino,
999 2625 1057 2681 id
1108 2631 1198 2682 est
1248 2644 1404 2682 nunc
1434 2627 1575 2683 estis
1607 2626 1739 2683 illu-

70 2714 285 2770 minuti
319 2714 378 2769 in
422 2714 691 2771 Domino.
744 2716 941 2771 Tertio
991 2720 1190 2771 monet
1228 2716 1546 2788 Apostolus
1579 2720 1643 2771 ut
1672 2733 1741 2772 ea

67 2820 206 2876 quae
224 2803 382 2859 Deus
404 2803 616 2876 diligit,
638 2804 956 2877 diligamus
973 2810 1029 2861 et
1044 2805 1348 2874 faciamus,
1368 2822 1501 2861 cum
1517 2805 1736 2862 subdit:

76 2895 149 2951 Ut
177 2893 290 2964 filii
321 2893 459 2950 lucis
505 2894 798 2950 ambulate.
853 2893 996 2957 Quia
1028 2893 1135 2949 ﬁlii
1173 2895 1273 2951 Dei
1306 2895 1467 2964 estis,
1519 2894 1619 2967 qui
1650 2899 1740 2951 est

72 2981 206 3051 lux,
241 2998 419 3054 opera
448 2981 597 3038 lucis
631 2982 821 3039 facite.
857 2982 1011 3038 Mala
1059 3000 1234 3055 opera
1260 2984 1539 3040 dicuntur
1567 3001 1741 3056 opera

73 3071 487 3141 tenebrarum,
511 3076 637 3128 tum
662 3072 801 3145 quia
825 3073 897 3127 ad
920 3076 1166 3129 aeternas
1190 3073 1461 3129 tenebras
1491 3074 1736 3142 ducunt,

62 3165 207 3217 tum
263 3160 404 3233 quia
452 3165 707 3217 mentem
757 3165 1063 3230 excaecant,
1096 3166 1223 3217 tum
1255 3162 1393 3234 quia
1424 3158 1644 3219 faciens
1673 3180 1740 3218 ea

1858 589 1986 644 quae
2017 573 2089 628 ad
2121 571 2558 638 mortalitatem,
2584 570 2753 626 tertio
2775 587 2903 641 quae
2925 569 2995 624 ad
3020 567 3357 641 allegoriam
3378 583 3503 639 per-

1854 662 2044 717 tinent
2074 661 2463 734 inquiramus.
2499 658 2931 715 Consideranda
2966 661 3105 713 sunt
3135 656 3315 729 igitur
3335 656 3505 726 juxta

1856 750 2164 807 historiam
2189 754 2468 822 quatuor:
2498 749 2692 804 Primo
2714 762 2969 819 namque
2990 746 3275 801 Dominus
3296 745 3504 801 damo-

1856 840 2092 896 niacum
2125 844 2327 908 curat;
2374 839 2630 895 secundo
2662 840 3017 893 detractores
3046 835 3308 897 confutat
3336 852 3349 903 ;
3382 837 3502 890 ter-

1854 929 1935 986 tio
1966 930 2104 1002 quid
2129 929 2631 1001 contemptoribus
2654 927 2971 999 contingat,
2997 924 3270 992 ostendit,
3294 927 3501 996 quarto
3600 984 3605 989 ,

1855 1019 2160 1075 mulierem
2196 1036 2257 1075 se
2298 1017 2634 1073 laudantem
2666 1016 2924 1088 corrigit.
2959 1014 3150 1069 Primo
3182 1013 3362 1086 igitur
3390 1014 3500 1069 Do-

1856 1109 2052 1164 minus
2075 1109 2434 1180 compaticns
2459 1107 2834 1174 daemoniaco,
2861 1104 3093 1177 expellit
3114 1104 3184 1159 ab
3206 1120 3272 1159 eo
3295 1104 3504 1158 daemo-

1855 1198 2041 1267 nium,
2074 1198 2228 1271 quod
2260 1198 2332 1252 ab
2364 1196 2570 1253 etfectu
2602 1196 2906 1251 dicebatur
2936 1197 3190 1261 mutum,
3225 1192 3364 1265 quia
3391 1192 3501 1247 ho-

1855 1287 2075 1343 minem
2107 1292 2340 1342 mutum
2371 1286 2680 1342 efficiebat.
2733 1284 2908 1339 Porro
2940 1283 3051 1339 iste
3081 1281 3497 1350 daemoniacus,

1853 1393 1970 1432 non
2004 1376 2194 1432 solum
2226 1379 2448 1444 mutus,
2482 1374 2582 1430 sed
2602 1374 2780 1430 etiam
2811 1377 2981 1442 (teste
3011 1371 3368 1445 evangelista
3387 1370 3499 1427 alio

1855 1467 2039 1537 [Marc.
2071 1465 2203 1539 vu])
2238 1465 2453 1522 surdus
2480 1467 2622 1520 erat.
2659 1463 2797 1519 Tria
2824 1479 2960 1537 ergo
2992 1462 3273 1518 miracula
3302 1461 3361 1516 in
3382 1478 3499 1518 uno

1854 1555 2090 1611 homine
2122 1573 2156 1611 a
2185 1555 2431 1611 Domino
2463 1555 2617 1610 facta
2639 1557 2795 1609 sunt.
2827 1553 3051 1608 Surdus
3082 1552 3264 1621 audit,
3297 1555 3499 1607 mutus

1851 1644 2131 1717 loquitur,
2157 1662 2464 1717 possessus
2493 1661 2527 1699 a
2547 1645 2809 1700 daemone
2838 1643 3138 1710 liberatur,
3163 1646 3220 1697 et
3240 1640 3498 1697 divinam

1851 1734 1910 1790 in
1942 1735 2172 1791 Christo
2221 1733 2543 1807 potentiam
2593 1734 2962 1789 admirantur
2993 1732 3195 1787 turbae.
3230 1730 3499 1789 Secundo

1851 1824 2206 1881 detractores
2237 1824 2500 1880 confutat
2528 1827 2585 1879 et
2613 1823 2826 1879 erudit.
2860 1821 3253 1879 Detrahebant
3282 1819 3500 1893 quippe

1849 1914 1921 1982 ei,
1952 1918 2010 1969 et
2039 1913 2123 1968 illi
2164 1913 2263 1986 qui
2298 1912 2606 1969 dicebant:
2640 1915 2703 1967 In
2750 1911 3050 1967 Beelzebub
3092 1912 3344 1983 principe
3382 1909 3496 1967 dte-

1848 2006 2155 2060 moniorum
2186 2004 2337 2075 ejicit
2362 2003 2659 2068 daemonia,
2711 2002 2990 2073 quoniam
3020 2018 3147 2073 quae
3180 1999 3280 2056 Dei
3310 2004 3495 2073 erant,

1849 2093 2082 2149 diabolo
2114 2092 2503 2162 ascribebant,
2527 2094 2584 2148 et
2612 2090 2695 2145 illi
2718 2090 2819 2162 qui
2849 2093 3139 2145 tentantes
3168 2089 3405 2163 signum
3426 2091 3497 2146 de

1849 2180 1990 2235 caelo
2021 2180 2378 2251 quaerebant,
2413 2178 2691 2251 quoniam
2732 2178 2854 2233 haec
2886 2195 3012 2250 qua:
3045 2177 3329 2235 Dominus
3360 2195 3495 2251 ope-

1850 2270 2088 2325 rabatur
2117 2286 2293 2342 parva
2321 2269 2409 2324 vel
2460 2267 2622 2323 nulla
2652 2285 2780 2326 esse
2812 2273 3107 2341 putantes,
3141 2285 3278 2324 eum
3307 2269 3493 2341 impo-

1848 2364 2066 2416 tentem
2098 2360 2235 2414 dare
2267 2358 2501 2432 signum
2534 2359 2604 2413 de
2635 2358 2776 2413 coelo
2808 2358 3097 2414 (licebant.
3130 2359 3193 2414 In
3226 2376 3361 2431 quo,
3388 2359 3495 2415 fra-

1850 2454 1967 2504 tres
1997 2448 2132 2517 mei,
2170 2449 2532 2520 pensandum
2566 2452 2674 2516 est,
2709 2452 2929 2520 quanta
2960 2448 3036 2503 sit
3066 2448 3289 2505 malitia
3309 2451 3495 2504 detra-

1848 2542 2096 2605 ctorum,
2131 2538 2252 2609 qui,
2282 2554 2415 2592 cum
2448 2553 2678 2609 semper
2697 2537 2817 2592 sint
2845 2537 3177 2610 suspiciosi,
3200 2543 3258 2594 et
3277 2539 3349 2594 ad
3374 2555 3494 2594 om-

1848 2627 1946 2682 nia
1976 2626 2132 2682 mala
2172 2625 2412 2695 creduli,
2448 2630 2645 2682 tamen
2695 2626 2766 2681 ad
2801 2627 2952 2681 bona
2982 2625 3231 2682 aliorum
3262 2644 3495 2700 semper

1849 2721 1989 2774 sunt
2015 2715 2319 2782 increduli,
2373 2730 2605 2787 semper
2633 2730 2700 2770 ea
2728 2719 3027 2787 negantes.
3067 2715 3169 2772 Vel
3202 2716 3251 2772 si
3283 2732 3494 2790 negare

1849 2823 1965 2862 non
2012 2808 2281 2878 possunt,
2328 2820 2506 2876 parva
2556 2803 2641 2860 vel
2688 2802 2851 2859 nulla
2897 2821 3027 2861 esse
3074 2805 3355 2874 dicentes,
3403 2805 3492 2863 vel

1848 2896 2025 2951 ﬁnem
2054 2893 2143 2951 vel
2166 2894 2406 2950 modum
2430 2892 2566 2948 facti
2588 2896 2999 2965 pervertentes.
3034 2895 3145 2950 Sed
3178 2895 3300 2967 qui,
3336 2896 3491 2967 quod

1848 2984 2031 3041 solius
2078 2982 2328 3056 Spiritus
2377 2982 2564 3038 sancti
2595 2986 2704 3051 est,
2756 2981 2987 3039 diabolo
3036 2984 3297 3053 ascribit,
3346 2989 3494 3042 teste

1847 3074 1961 3131 alio
1986 3071 2365 3146 evangelista,
2397 3071 2459 3126 in
2502 3070 2787 3143 Spiritum
2837 3076 3103 3128 sanctum
3155 3078 3374 3146 peccat,
3403 3073 3494 3131 vel

1847 3165 1960 3232 vix,
2011 3162 2100 3218 vel
2149 3176 2456 3233 nunquam
2504 3159 2640 3216 inde
2675 3159 2904 3216 veniam
2954 3166 3375 3220 consecuturus
3404 3168 3495 3221 est

64 3248 207 3306 vult
237 3229 435 3319 latere,
480 3251 653 3322 juxta
698 3249 866 3320 illud,
922 3253 1021 3323 qui
1045 3252 1189 3307 male
1239 3229 1375 3323 abit,
1420 3252 1537 3309 odit
1566 3253 1740 3308 lucem
1769 3229 1812 3296 C
1852 3229 2072 3325 (Matth.
2106 3249 2231 3321 χιι.)
2284 3229 2614 3322 Propterea,
2648 3249 2878 3319 fratres,
2912 3250 3071 3307 omni
3101 3250 3494 3310 sollicitudine

65 3341 259 3413 (Joan.
312 3339 419 3411 ιιι.)
472 3339 809 3396 Econtrario
860 3356 994 3396 vero
1049 3340 1202 3396 bona
1250 3357 1426 3412 opera
1464 3342 1743 3397 dicuntur

65 3445 261 3501 opera
292 3427 462 3498 lucis,
497 3432 624 3485 tum
669 3428 808 3501 quia
839 3429 911 3484 ad
948 3433 1227 3485 aeternam
1257 3429 1448 3487 lucem
1495 3432 1740 3501 ducunt,

70 3522 215 3573 tum
249 3516 528 3588 quoniam
559 3516 860 3573 hominem
882 3517 1043 3573 intus
1065 3517 1422 3590 illuminant,
1443 3524 1569 3575 tum
1603 3519 1744 3593 quia

71 3605 344 3678 diligunt
374 3605 585 3662 lucem.
621 3608 796 3662 Porro
828 3607 887 3663 in
917 3607 1136 3679 quibus
1164 3624 1340 3681 opera
1370 3609 1518 3664 lucis
1547 3608 1744 3666 consi-

70 3699 269 3761 stant,
301 3694 558 3750 ostendit
579 3712 713 3752 cum
741 3696 963 3764 subdit,
986 3699 1198 3768 fructus
1216 3705 1401 3753 autem
1429 3699 1568 3754 lucis
1586 3707 1664 3755 est
1686 3700 1747 3755 in

69 3785 241 3842 omni
272 3783 534 3847 bonitate,
558 3785 782 3856 justitia
803 3793 855 3841 et
872 3788 1119 3842 veritate.
1143 3787 1382 3842 Bonitas
1403 3792 1490 3843 est
1507 3788 1566 3843 in
1588 3805 1748 3844 men-

70 3878 163 3939 te,
188 3872 433 3944 justitia
461 3872 521 3929 in
555 3890 748 3946 opere,
778 3874 993 3931 veritas
1016 3875 1073 3930 in
1105 3892 1222 3932 ore.
1261 3876 1323 3931 In
1355 3875 1448 3932 his
1480 3894 1616 3950 ergo
1642 3877 1745 3932 tri-

70 3964 221 4029 bus,
255 3965 378 4017 tota
408 3962 684 4034 perfectio
706 3964 1040 4021 sanctitatis
1070 3965 1603 4037 comprehenditur.
1629 3967 1747 4023 Hoc

70 4054 176 4107 est
206 4050 366 4122 quod
418 4050 732 4108 Psalmista
763 4053 924 4119 dicit,
958 4054 1207 4122 Domine,
1237 4056 1359 4125 quis
1386 4055 1657 4112 habitabit
1687 4057 1747 4110 in

69 4139 443 4196 tabernaculo
472 4147 583 4209 tuo,
615 4149 713 4197 aut
754 4144 876 4214 quis
908 4144 1204 4214 requiescet
1232 4145 1292 4198 in
1336 4153 1517 4201 monte
1562 4153 1748 4202 sancto

70 4238 180 4286 tuo
200 4231 228 4282 γ
259 4229 375 4301 Qui
405 4229 716 4301 ingreditur
765 4233 886 4286 sine
930 4233 1168 4299 macula,
1198 4239 1251 4287 et
1299 4242 1555 4305 operatur
1579 4234 1748 4305 justi-

70 4321 247 4376 tiam.
282 4317 387 4385 Qui
417 4318 662 4391 loquitur
710 4321 993 4376 veritatem
1022 4322 1084 4375 in
1131 4321 1290 4377 corde
1333 4339 1451 4391 suo,
1493 4327 1601 4378 etc.
1639 4323 1749 4379 Ita-

1846 3342 2054 3397 vitium
2103 3338 2332 3395 invidiae
2379 3342 2436 3396 et
2467 3338 2840 3395 detractionis
2884 3341 3227 3399 studeamus
3256 3343 3491 3400 evitare.

1850 3431 2023 3487 Porro
2055 3446 2191 3486 cum
2216 3428 2521 3496 Dominus,
2545 3429 2805 3484 cordium
2836 3430 3149 3503 inspector,
3183 3431 3371 3490 malas
3401 3435 3493 3492 de-

1850 3519 2213 3577 trahentium
2248 3517 2624 3591 cogitationes
2655 3517 3021 3590 inspexisset,
3056 3536 3155 3577 eos
3183 3525 3381 3579 tamen
3412 3541 3498 3581 se-

1851 3610 2110 3665 cundum
2146 3606 2608 3664 misericordiam
2653 3624 2822 3662 suam
2853 3608 3151 3666 confutare
3182 3614 3239 3666 et
3265 3613 3498 3670 erudire

1853 3716 1968 3754 non
2000 3697 2351 3770 dedignatus
2376 3700 2483 3752 est.
2508 3696 2779 3752 Confutat
2799 3700 2991 3753 autem
3016 3713 3115 3755 eos
3135 3716 3269 3756 cum
3290 3702 3499 3773 probat

1854 3787 2000 3842 illud
2033 3787 2189 3858 quod
2220 3785 2492 3841 dicebant
2515 3783 2726 3840 falsum
2754 3802 2903 3855 esse,
2926 3790 2984 3843 et
3003 3804 3101 3844 eos
3122 3787 3269 3845 illud
3291 3807 3394 3862 per
3414 3791 3500 3847 in-

1851 3876 2070 3932 vidiam
2104 3874 2341 3931 dixisse.
2386 3875 2559 3930 Porro
2606 3873 2753 3930 illud
2803 3877 2957 3947 quod
2989 3876 3259 3934 dicebant
3291 3881 3502 3951 probat

1856 3981 1984 4021 esse
2014 3964 2230 4020 falsum
2262 3980 2395 4018 cum
2428 3962 2595 4018 dicit:
2631 3964 2797 4020 Omne
2818 3981 3047 4034 regnum
3066 3968 3127 4021 in
3154 3969 3395 4039 seipsum
3412 3958 3498 4024 di-

1854 4058 2035 4111 visum
2066 4053 2423 4123 desolabitur,
2453 4060 2502 4107 et
2532 4052 2721 4107 domus
2750 4069 2916 4124 supra
2962 4054 3184 4111 domum
3225 4057 3401 4113 cadet.
3435 4057 3503 4113 Et

1854 4145 1905 4200 si
1933 4144 2163 4200 Satanas
2219 4143 2278 4195 in
2306 4156 2362 4195 se
2396 4140 2602 4195 divisus
2628 4148 2723 4207 est,
2774 4142 3035 4214 quomodo
3079 4145 3245 4200 stabit
3272 4161 3503 4216 regnum

1855 4234 1993 4305 ejus,
2026 4233 2159 4303 quia
2187 4230 2370 4285 dicitis
2402 4246 2487 4284 me
2519 4231 2579 4283 in.
2608 4230 2901 4286 Beelzebub
2924 4234 3175 4305 principe
3201 4235 3499 4293 daemonio-

1856 4338 1984 4377 rum
2012 4322 2206 4392 ejicere
2233 4318 2559 4375 daemonia?
2603 4317 2784 4373 Vocat
2832 4323 3028 4376 autem
3075 4321 3170 4378 hic
3216 4324 3502 4381 Dominus

73 4422 228 4479 que,
249 4406 463 4463 fratres
479 4407 615 4476 mei,
636 4424 769 4463 cum
786 4409 945 4464 omni
962 4409 1247 4466 desiderio
1264 4411 1751 4467 studeamusimi-
1855 4426 2103 4484 regnum
2133 4409 2359 4465 Satanae
2388 4405 2823 4479 malitiam,qua
2851 4425 3053 4466 omnes
3075 4412 3316 4486 maligni
3340 4414 3507 4486 spiri-

70 4495 203 4552 tari
215 4512 419 4551 verum
438 4495 623 4552 Deum
639 4501 697 4552 et
710 4497 939 4553 Patrem
956 4503 1221 4554 nostrum
1234 4500 1265 4555 J
1272 4516 1436 4555 esum
1450 4500 1749 4558 Christum
1860 4506 1956 4557 tus
1986 4500 2069 4555 ita
2098 4496 2367 4554 obdurati
2400 4500 2457 4552 et
2482 4496 2771 4567 conjurati
2794 4502 2954 4566 sunt,
2986 4504 3051 4554 ut
3076 4500 3221 4556 nihil
3244 4500 3357 4557 nisi
3379 4519 3504 4559 ma-

77 4584 416 4657 diligamns
446 4601 605 4653 eum,
640 4585 795 4642 sicut
825 4586 950 4659 ipse
983 4588 1184 4644 dilexit
1214 4606 1343 4655 nos,
1373 4590 1506 4646 odio
1536 4590 1750 4647 habea—
1784 4607 1830 4671 D
1862 4589 1986 4644 lum
2019 4589 2206 4645 facere
2234 4585 2436 4653 velint,
2467 4584 2556 4640 vel
2590 4586 2837 4658 possint.
2862 4587 3023 4651 Quod
3056 4589 3104 4644 si
3136 4590 3381 4648 Satanas
3403 4592 3507 4648 Sa-

77 4690 232 4731 mus
270 4674 670 4746 turpitudines
700 4679 758 4732 et
786 4676 952 4744 vitia,
986 4694 1111 4749 quae
1146 4678 1270 4749 ipse
1303 4678 1443 4733 odit.
1473 4681 1752 4736 Amemus
1860 4682 2061 4734 tanam
2113 4675 2291 4748 ejicit,
2345 4674 2567 4745 aliquid
2611 4675 2749 4731 boni
2780 4676 2937 4747 facit,
2971 4694 3104 4732 cum
3133 4682 3408 4735 Satanam
3439 4680 3510 4736 de

87 4761 450 4832 bonitatem,
478 4764 801 4837 justitiam,
834 4769 891 4821 et
910 4765 1238 4833 veritatem,
1261 4783 1407 4839 quas
1434 4768 1557 4839 ipse
1580 4773 1757 4837 amat,
1870 4769 2107 4824 obsesso
2139 4764 2347 4836 ejicere
2368 4764 2571 4835 utique
2594 4764 2815 4819 bonum
2837 4764 2933 4821 sit.
2956 4768 3120 4832 Quod
3151 4768 3200 4823 si
3233 4786 3387 4825 unus
3409 4770 3513 4825 Sa-

74 4854 448 4923 Satagamus
473 4852 599 4924 ejus
621 4854 743 4910 vias
770 4858 828 4911 et
849 4854 1117 4928 exempla
1140 4855 1329 4927 sequi,
1351 4860 1416 4912 ut
1447 4874 1512 4912 eo
1534 4857 1682 4913 duce
1702 4864 1760 4914 et
1868 4861 2040 4912 tanas
2085 4853 2331 4921 malum,
2384 4857 2439 4908 et
2470 4851 2617 4908 alter
2663 4853 2884 4909 bonum
2933 4855 3089 4922 facit,
3122 4857 3431 4913 concordia
3461 4862 3519 4914 et

75 4940 364 5010 adjutore
396 4942 467 4996 ad
522 4942 718 5014 ipsum
770 4945 1071 5017 pervenire
1102 4961 1454 5017 mereamur,
1489 4946 1755 5018 quicum
1868 4942 2213 5017 conjuratio,
2264 4957 2441 5013 quam
2489 4940 2785 4998 habebant
2837 4943 2898 4998 in
2947 4944 3121 5013 malo,
3162 4962 3278 5001 non
3310 4947 3510 5015 stabit,

75 5030 266 5088 Patre
295 5031 354 5083 et
383 5028 603 5100 Spiritu
625 5037 828 5090 sancto
850 5032 989 5089 vivit
1018 5038 1074 5088 et
1095 5037 1301 5106 regnat
1322 5034 1477 5090 Deus
1508 5035 1566 5090 in
1591 5039 1754 5091 aeter-
1867 5035 2021 5107 quod
2052 5033 2254 5104 utique
2300 5030 2514 5087 falsum
2546 5034 2653 5087 est.
2704 5032 2915 5088 Probat
2944 5038 3138 5090 autem
3172 5033 3318 5091 illud
3350 5037 3507 5108 quod

74 5132 264 5175 num.
293 5118 502 5173 Amen.
1864 5124 2130 5181 dixerant
2158 5121 2289 5178 illos
2312 5139 2414 5194 per
2435 5121 2713 5178 invidiam
2743 5122 2981 5193 dixisse,
3010 5141 3145 5181 cum
3177 5127 3414 5183 subdit:
3446 5129 3512 5185 Et

705 5211 1010 5270 HOMILIA
1030 5212 1140 5269 XL.
1858 5216 1910 5271 si
1937 5231 2033 5283 ego
2065 5215 2125 5269 in
2153 5212 2450 5269 Beelzebub
2492 5213 2745 5283 principe
2781 5213 3178 5271 daemoniorum
3205 5217 3365 5289 ejicio
3391 5216 3506 5276 da:-

369 5313 646 5357 DOMINICA
682 5318 882 5358 TERTIA
920 5321 978 5358 IN
1017 5318 1480 5367 QUADRAGESIMA.

164 5386 303 5442 Erat
328 5387 482 5444 Iesus
535 5389 762 5461 ejicien:
805 5392 1161 5461 daemonium,
1195 5399 1246 5449 et
1275 5391 1417 5447 illud
1471 5400 1589 5448 erat
1628 5410 1751 5448 mu-

76 5486 243 5542 lum,
276 5479 385 5532 etc.
440 5476 590 5549 (Luc.
621 5482 722 5552 x1.)
755 5482 883 5538 Haec
914 5481 1101 5550 lectio,
1154 5481 1364 5536 fratres
1396 5480 1750 5550 charissimi,

77 5568 266 5623 tanto
296 5566 466 5622 nobis
497 5569 726 5625 avidius
756 5576 846 5627 est
867 5570 1181 5639 audienda,
1207 5573 1425 5642 quanto
1448 5569 1638 5643 magis
1660 5588 1756 5627 ne-

77 5652 417 5719 cessariam
467 5658 777 5717 animabus
827 5659 1042 5719 nostris
1089 5658 1348 5719 continet
1377 5658 1752 5738 medicinam.

1858 5306 2066 5372 monia,
2098 5303 2209 5373 ﬁlii
2236 5303 2405 5357 vestri
2432 5302 2491 5356 in
2523 5318 2627 5372 quo
2655 5302 2929 5374 ejiciunt?
2963 5306 3044 5361 Ac
3074 5305 3124 5362 si
3154 5306 3411 5364 diceret°
3446 5306 3505 5363 Si

1861 5392 2210 5466 ejectionem
2230 5389 2650 5447 daemoniorum
2673 5408 2707 5447 a
2722 5389 2862 5449 ﬁliis
2880 5395 3089 5452 vestris
3107 5396 3410 5453 exorcistis
3430 5396 3512 5453 fa-

1862 5486 2015 5539 ctam
2064 5485 2179 5537 Deo
2211 5484 2268 5535 et
2312 5496 2429 5535 non
2461 5479 2690 5536 diabolo
2739 5482 3052 5552 ascribitis,
3102 5502 3208 5541 cur
3238 5485 3507 5543 eamdem

1863 5589 1986 5629 rem
2019 5589 2053 5628 a
2080 5586 2175 5627 me
2223 5569 2437 5626 factam
2485 5569 2737 5641 diabolo,
2771 5576 2827 5629 et
2856 5591 2971 5629 non
3018 5578 3132 5630 Deo
3163 5574 3507 5634 ascribitis?

1864 5662 2012 5736 Quia
2040 5661 2113 5721 de
2158 5674 2253 5721 me
2283 5676 2401 5721 non
2448 5659 2813 5738 simpliciter,
2847 5663 2950 5725 sed
2980 5678 3085 5739 per
3114 5662 3398 5725 invidiam
3430 5662 3519 5749 lo]
