3990 6516
501 341 654 399 1807

1496 340 1890 401 ADDENDA.
1925 375 2004 385 —
2043 341 2442 404 BADULPHI
2483 341 2899 404 ABDENTIS.

3770 338 3908 402 ws

498 471 746 544 quimini
771 489 783 540 ;
815 471 951 539 ideo,
985 471 1196 544 inquit,
1232 474 1336 544 ipsi
1354 471 1564 543 judiees
1593 473 1758 528 vestri
1785 479 1962 528 erunt.
1991 471 2138 536 Quia
2163 473 2220 540 Α
2248 473 2488 547 corrigit
2515 489 2619 547 per
2646 473 2986 530 adverbium
3017 469 3401 531 correctivum
3423 474 3555 529 imo.
3589 471 3740 528 Non
3769 471 3904 527 enim

499 559 720 616 scilicet
737 559 818 614 illi
839 560 1031 616 sciunt
1048 566 1167 616 tam
1188 577 1280 616 me
1298 579 1370 633 qu
1381 579 1473 616 am
1499 565 1560 617 se
1585 579 1700 617 non
1722 561 1782 617 in
1798 560 2140 629 Beelzebub,

499 649 600 704 sed
634 649 692 703 in
723 648 941 720 Spiritu
973 655 1172 705 sancto
1193 651 1400 722 ejicere
1423 652 1730 720 daemonia,
1755 652 1883 708 ideo
1915 651 2027 723 ipsi
2050 669 2140 707 ve-

499 737 604 793 stri
633 739 920 794 mendacii
943 739 1174 809 judices
1204 744 1396 795 erunt.
1432 745 1749 812 Postquam
1781 758 1914 797 vero
1946 740 2142 796 Domi-

501 845 614 883 nus
642 827 972 883 invidorum
1015 828 1374 884 calumniam
1415 830 1752 898 confutavit,
1787 847 1921 886 mox
1945 834 2009 886 ut
2039 831 2143 887 be-

500 916 714 990 nignus
763 917 1044 972 Dominus
1075 934 1173 972 eos
1221 919 1436 987 erudit,
1469 935 1600 974 cum
1645 919 1878 976 subdit:
1918 919 2067 988 Quod
2095 921 2146 975 si

498 1021 594 1075 ego
617 1007 676 1060 in
697 1005 906 1078 Spiritu
937 1007 1035 1062 Dei
1052 1008 1207 1078 ejicio
1229 1007 1518 1076 (immania,
1544 1009 1699 1080 quod
1723 1008 1921 1080 utique
1941 1025 2142 1064 verum

501 1099 606 1164 est,
646 1099 882 1168 profecto
909 1099 1156 1168 pervenit
1186 1099 1242 1152 in
1273 1114 1362 1153 vos
1395 1114 1623 1169 regnum
1653 1099 1774 1164 Dei,
1807 1096 1952 1152 illud
1981 1098 2144 1153 vide-

499 1184 636 1241 licet
666 1202 910 1258 regnum
942 1187 1012 1242 dc
1033 1203 1148 1258 quo
1179 1203 1281 1259 per
1303 1187 1514 1242 Isaiam
1547 1186 1791 1242 dicitur:
1817 1187 2146 1259 Multiplice-

503 1274 652 1330 bit-ur
696 1277 812 1346 ejus
863 1277 1174 1347 imperium,
1223 1285 1274 1331 et
1323 1278 1482 1344 regni
1525 1277 1640 1348 ejus
1687 1294 1798 1332 non
1843 1279 1948 1333 erit
1993 1277 2142 1347 ﬁnis.

503 1364 627 1436 (Isa.
662 1365 762 1436 Ix.)
793 1367 873 1420 Ac
904 1364 952 1420 si
1006 1365 1222 1420 diceret
1265 1365 1582 1421 Dominus:
1619 1366 1765 1432 Quia
1794 1365 1842 1420 si
1867 1367 1993 1438 jam
2025 1367 2144 1422 daa-

502 1471 705 1510 mones
737 1455 942 1525 ejicere
965 1455 1037 1509 ab
1061 1454 1398 1510 hominibus
1419 1454 1792 1528 incoepi,jam
1817 1455 1875 1510 in
1900 1455 2046 1527 ipsis
2067 1455 2148 1510 in-

501 1543 652 1616 cipio
665 1560 907 1616 regnare
919 1543 1277 1608 hominibus,
1293 1543 1522 1600 diabolo
1537 1548 1884 1617 usurpatum
1901 1561 2146 1617 regnum

501 1634 792 1702 auferens,
827 1639 882 1689 et
913 1633 1058 1689 mihi
1081 1634 1413 1690 restituens.
1449 1635 1527 1690 De
1557 1652 1670 1707 quo
1701 1651 1800 1690 vos
1833 1635 2148 1707 participes

501 1740 628 1780 esse
651 1723 918 1796 possetis,
945 1723 992 1779 si
1016 1725 1349 1780 crederetis.
1371 1725 1671 1790 Quomodo
1698 1729 1893 1780 autem
1917 1724 2146 1781 diabolo

2253 562 2388 618 inde
2419 567 2609 619 mater
2655 566 2782 636 ejus
2815 564 2984 620 beata
3029 569 3140 632 est,
3174 562 3313 636 quia
3341 578 3476 618 eum
3528 559 3907 632 corporaliter

2253 652 2504 724 portavit
2551 657 2609 708 et
2640 652 2893 721 lactavit,
2947 653 3049 708 sed
3079 653 3233 708 sicut
3263 649 3559 707 Elisabeth
3593 649 3730 706 ait:
3767 655 3906 705 Beata
3962 641 3963 646 “

2251 757 2380 814 qua?
2405 741 2659 810 credidit,
2685 744 2948 814 quoniam
2972 743 3330 814 perﬁcientur
3357 757 3422 797 ea
3451 755 3584 812 qua?
3614 740 3778 795 dicta
3808 749 3908 794 suis

2253 831 2302 887 ei
2335 849 2369 886 a
2397 833 2650 888 Domino.
2685 834 2751 887 Et
2781 832 2936 888 sicut
2971 831 3257 888 Dominus
3287 830 3628 904 subjungit,
3665 829 3844 884 beata
3865 845 3906 882 es
3962 825 3963 832 “

2255 921 2456 990 Maria,
2480 921 2736 977 etcaiteri
2758 937 2962 977 omnes
2983 922 3157 989 beati,
3176 921 3274 994 qui
3287 919 3788 976 audiuntverbum
3805 918 3900 984 Dei,

2251 1018 2304 1067 et
2329 1010 2638 1067 custodiunt
2667 1011 2827 1066 illud.
2861 1009 3157 1066 Moraliter
3185 1014 3404 1076 autem,
3437 1010 3666 1064 fratres
3699 1007 3832 1074 mei,
3857 1007 3898 1061 in

2254 1105 2507 1172 quatuor
2532 1099 2775 1157 instruit
2804 1117 2912 1156 nos
2941 1099 3248 1156 Dominus.
3283 1097 3474 1154 Primo
3508 1096 3749 1170 quippe
3776 1112 3896 1152 coni

2255 1186 2482 1258 patiens
2513 1191 2569 1242 et
2599 1203 2812 1243 curans
2834 1186 3146 1255 daemonia,
3169 1203 3304 1242 cum
3326 1186 3494 1243 docet
3518 1202 3638 1242 nos
3658 1183 3892 1256 exemplo

2255 1275 2347 1331 sui
2376 1275 2576 1331 itidem
2609 1292 2799 1349 agere.
2834 1275 3128 1332 Debemus
3150 1275 3387 1348 quippe,
3411 1274 3634 1330 fratres
3665 1275 3802 1340 mei,
3824 1274 3894 1328 ho-

2256 1363 2518 1421 minibus
2549 1364 2827 1438 malignis
2849 1365 3140 1422 diabolica
3161 1365 3364 1421 fraude
3387 1364 3666 1434 irretitis,
3701 1368 3762 1420 et
3785 1363 3890 1419 alia.

2256 1453 2424 1511 ritate
2440 1453 2692 1510 multum
2709 1455 2985 1528 compati,
3002 1459 3060 1510 et
3071 1471 3188 1522 eos,
3205 1453 3264 1510 in
3283 1457 3576 1526 quantum
3599 1454 3892 1526 possimus

2255 1543 2779 1613 exhortationibus,
2801 1543 3002 1611 minis,
3031 1548 3088 1600 et
3105 1542 3412 1616 promissis
3425 1547 3484 1600 et
3495 1541 3894 1599 orationibus:

2257 1632 2548 1689 diabolica
2577 1633 2856 1690 servitute
2885 1631 3156 1704 liberare,
3187 1637 3245 1689 et
3274 1633 3525 1689 Domino
3557 1632 3893 1695 lucrifacere,

2255 1726 2322 1777 ut
2351 1721 2512 1778 auris
2542 1721 2756 1788 cordis,
2801 1722 2964 1795 prius
2995 1723 3194 1789 surda,
3227 1722 3301 1778 ad
3329 1721 3793 1796 intelligendum
3821 1720 3894 1777 Dei

503 1829 746 1886 regnum
767 1813 864 1868 diu
891 1831 1227 1885 possessum
1252 1815 1494 1880 auferat,
1519 1814 1754 1886 exponit
1771 1831 1904 1869 eum
1926 1813 2142 1869 subdit:
2179 1851 2227 1916 Β
2256 1813 2519 1882 verbum,
2542 1817 2600 1869 et
2621 1830 2686 1868 os
2703 1813 2868 1885 prius
2891 1817 3121 1868 mutum
3145 1813 3216 1868 ad
3234 1811 3720 1868 benedicendum
3739 1811 3895 1868 Deum

502 1905 640 1960 Cum
666 1905 826 1975 fortis
877 1913 1123 1958 annulus
1169 1904 1399 1959 custodit
1446 1906 1652 1960 atrium
1692 1921 1875 1973 suum,
1919 1905 1978 1958 in
2020 1920 2152 1975 pace

503 2001 628 2048 sunt
673 1995 862 2048 omnia
909 2009 1034 2064 qum
1077 1994 1333 2064 possidet.
1367 1993 1470 2048 Sed
1498 1995 1549 2049 si
1577 1996 1776 2064 fortior
1809 2011 1869 2050 eo
1898 2010 2153 2066 superve-

505 2085 662 2138 niens
692 2083 882 2137 vicerit
928 2098 1071 2149 eum,
1106 2083 1366 2137 universa
1410 2100 1567 2137 arma
1594 2083 1712 2153 ejus
1745 2085 1943 2154 aufert,
1977 2083 2035 2137 id
2067 2085 2155 2137 est

506 2187 710 2226 omnes
737 2169 1024 2226 versutias
1047 2171 1176 2241 ejus
1196 2175 1456 2238 cvacuat,
1485 2171 1540 2225 in
1565 2170 1781 2242 quibus
1802 2171 2150 2226 confidebat.

504 2261 569 2315 Et
598 2261 776 2332 spolia
818 2259 935 2330 ejus
984 2259 1298 2326 distribuet,
1350 2258 1409 2314 id
1441 2264 1529 2315 est
1568 2260 1827 2332 captivos
1873 2258 2150 2328 liberans,

512 2348 656 2404 alios
689 2348 861 2403 faciet
902 2347 1215 2418 apostolos,
1251 2347 1396 2403 alios
1427 2347 1836 2421 evangelistas,
1869 2348 2015 2404 alios
2048 2366 2153 2421 pa-

512 2443 699 2494 stores
748 2441 803 2492 et
833 2437 1096 2492 doctores
1150 2437 1358 2508 (Ephes,
1392 2437 1490 2508 1v,)
1524 2441 1634 2492 etc.
1669 2439 1776 2506 Qui
1801 2455 1910 2494 non
1939 2446 2031 2506 est,
2065 2438 2152 2493 in-

507 2525 652 2598 quit,
685 2543 913 2594 mecum,
946 2534 1132 2582 contra
1163 2543 1247 2582 me
1275 2535 1374 2592 est,
1399 2526 1454 2582 id
1485 2531 1595 2592 est,
1629 2528 1728 2599 qui
1763 2545 1878 2582 non
1911 2544 2152 2584 consen-

505 2617 574 2671 tit
606 2633 834 2672 mecum
886 2616 998 2671 fide
1028 2621 1083 2670 et
1133 2633 1348 2680 amore,
1383 2633 1497 2671 non
1529 2621 1617 2672 est
1661 2617 1732 2671 de
1782 2633 1958 2688 regno
2001 2634 2154 2685 meo,

507 2707 606 2762 sed
641 2707 710 2760 de
744 2723 920 2778 regno
952 2705 1286 2761 adversarii.
1318 2707 1382 2761 Et
1407 2708 1505 2777 qui
1543 2723 1650 2762 non
1681 2708 1896 2774 colligit
1920 2723 2150 2770 mecum,

505 2795 790 2867 dispergit.
825 2795 884 2849 Id
917 2798 1004 2850 est
1031 2795 1128 2866 qui
1164 2813 1278 2849 non
1309 2799 1464 2850 amat
1495 2812 1724 2852 mecum
1757 2796 2151 2862 concordiam,

507 2888 666 2940 amat
696 2901 828 2939 cum
879 2883 1108 2940 diabolo
1157 2884 1583 2940 dissensionem
1614 2888 1670 2940 et
1705 2883 2150 2956 dispersionem.

578 2973 769 3029 Tertio
817 2975 1180 3028 demonstrat
1207 2973 1490 3028 Dominus
1535 2973 1672 3046 quid
1724 2973 2154 3047 negligentibus

507 3063 827 3135 contingat,
887 3080 1022 3118 cum
1075 3063 1310 3118 subdit:
1371 3067 1504 3120 Cum
1563 3063 1874 3118 immundus
1926 3064 2154 3134 spiritus

504 3155 702 3210 ea'ierit
731 3154 798 3207 ab
829 3153 1066 3219 homine,
1091 3153 1343 3207 mntulat
1362 3169 1458 3224 per
1479 3153 1593 3207 loca
1612 3152 1770 3207 arida
1792 3159 1842 3207 et
1865 3153 2150 3224 inaquosa,

2261 1901 2616 1973 aperiantur.
2653 1905 2790 1968 Quae
2841 1903 3030 1974 major
3057 1901 3216 1958 enim
3260 1900 3523 1974 probitas
3568 1904 3896 1974 potestesse

2260 1990 2321 2047 in
2342 1990 2670 2047 Christiano
2683 2008 2862 2064 quam
2883 1991 3098 2047 Christi
3111 1990 3479 2062 triumphum
3493 1988 3898 2046 imitat-PPChri-

2261 2084 2388 2137 stus
2416 2079 2630 2136 virtute
2660 2081 2896 2153 propria
2944 2079 3204 2154 alligavit
3233 2081 3440 2136 fortem
3463 2083 3800 2145 armatum,
3827 2079 3896 2132 in-

2261 2170 2491 2224 fernum
2548 2169 2737 2242 fregit,
2771 2186 2911 2225 vasa
2939 2167 3295 2242 captivitatis
3339 2167 3543 2224 eduxit
3572 2173 3636 2224 et
3669 2168 3894 2224 reduxit

2261 2259 2376 2316 Nos
2411 2275 2662 2332 quoque,
2713 2259 2920 2314 fratres
2965 2257 3102 2326 mei,
3135 2274 3202 2314 eo
3233 2256 3572 2324 auxiliante,
3625 2261 3892 2330 quantm

2261 2347 2544 2415 valemus,
2567 2347 2860 2403 infernum
2891 2348 3252 2421 frangamus,
3278 2351 3513 2403 catenas
3541 2345 3773 2402 diaboli
3793 2363 3896 2402 cen-

2263 2437 2610 2510 fringamus,
2643 2437 2851 2492 fratres
2871 2441 3106 2493 nostros
3137 2435 3394 2510 captivos
3423 2436 3496 2492 ab
3525 2435 3731 2508 ipsius
3747 2436 3893 2492 fauci-

2260 2526 2374 2582 bus
2403 2525 2734 2598 eripientes,
2771 2525 2843 2580 ad
2891 2523 3186 2581 Christum
3220 2542 3355 2582 cum
3395 2524 3644 2580 victoria
3676 2527 3892 2581 revexis-

2263 2632 2415 2682 mur,
2447 2619 2534 2670 tot
2579 2631 2824 2670 coronas
2871 2613 3178 2686 recepturi,
3235 2619 3378 2687 quot
3426 2631 3529 2687 per
3580 2630 3695 2670 nos
3723 2619 3894 2670 suate

2262 2703 2492 2760 diabolo
2521 2703 2771 2760 liberati.
2807 2703 3024 2760 Deinde
3075 2703 3390 2760 ostendens
3431 2703 3730 2760 Dominus
3755 2703 3890 2760 Sata-

2261 2810 2399 2850 nam
2433 2794 2503 2848 ad
2536 2793 2650 2848 sibi
2693 2792 2922 2849 oblatas
2951 2809 3235 2865 personas
3265 2809 3498 2866 semper
3523 2791 3679 2848 Velle
3715 2791 3888 2855 redire,

2259 2882 2473 2939 incutit
2501 2881 2618 2938 illis
2648 2881 2940 2950 timorem,
2965 2885 3022 2937 et
3041 2898 3316 2956 magnam
3344 2881 3630 2954 vigilandi
3659 2880 3890 2938 necessi-

2260 2976 2460 3028 tatem.
2481 2971 2616 3028 lllos
2638 2971 2793 3027 enim
2818 2988 2965 3044 quos
2986 2970 3257 3028 diabolus
3277 2971 3554 3028 tentando
3575 2971 3744 3036 vicit,
3765 2977 3816 3026 et
3830 2971 3873 3023 si

2262 3066 2385 3118 ctor
2410 3062 2506 3117 diu
2540 3061 2746 3130 tenuit,
2803 3060 3058 3116 multum
3111 3059 3268 3118 dolet
3314 3060 3604 3117 amittere.
3655 3060 3888 3116 Indeed

2263 3151 2418 3224 quod
2447 3150 2585 3206 totis
2618 3149 2926 3206 fraudibus
2945 3154 3002 3206 et
3030 3149 3452 3207 tentationibus
3473 3149 3545 3205 ad
3561 3148 3706 3206 illos
3725 3165 3887 3206 arma-

503 3259 756 3316 qua'rcns
797 3243 1058 3314 requiem,
1091 3249 1140 3296 et
1169 3258 1276 3296 non
1311 3243 1535 3296 invenit.
1571 3241 1633 3296 In
1665 3241 1938 3298 cordibus
1968 3241 2149 3298 aridis
2179 3229 2220 3294 C
2259 3245 2356 3296 tur
2387 3238 2840 3312 impugnandos.
2877 3238 2994 3296 Vos
3020 3257 3175 3307 vero,
3209 3239 3435 3307 fratres,
3470 3238 3570 3311 qui
3605 3239 3889 3294 fraudibus

504 3337 560 3388 et
592 3332 894 3404 inaquosis
945 3348 1059 3386 non
1108 3334 1318 3402 potest,
1373 3331 1580 3386 fratres
1621 3330 1756 3402 mei,
1789 3331 2150 3403 requiescere

503 3421 793 3490 diabolus,
827 3421 966 3492 quia
994 3423 1223 3474 tantum
1257 3421 1433 3476 corda
1465 3419 1684 3486 mollia,
1716 3420 2064 3492 voluptuosa
2093 3425 2150 3477 et

502 3511 658 3565 ﬂuxa
679 3509 885 3582 diligit.
909 3509 1154 3564 Proinde
1172 3508 1421 3580 rigorem
1439 3509 1684 3580 justitize
1700 3515 1756 3566 et
1776 3509 2148 3582 asperitatem

501 3598 822 3670 religionis,
873 3603 931 3652 et
977 3597 1260 3652 virtutum
1313 3597 1664 3654 arduitatem
1715 3615 2052 3671 sequamur,
2085 3604 2152 3655 ut

501 3685 771 3742 diabolus
803 3686 862 3740 in
889 3685 1057 3740 nobis
1089 3685 1351 3757 requiem
1385 3685 1639 3741 invenire
1671 3705 1786 3743 non
1821 3687 2022 3760 possit.
2057 3690 2150 3744 Re-

498 3784 699 3846 vertar,
735 3775 948 3846 inquit,
985 3776 1040 3829 in
1061 3775 1281 3830 domum
1299 3792 1477 3830 meum
1500 3776 1638 3831 unde
1659 3777 1826 3832 exivi.
1849 3778 1912 3832 Et
1929 3779 2148 3834 veniens

502 3867 711 3921 invenit
765 3864 987 3919 domum
1047 3873 1342 3932 raeuntem,
1405 3864 1628 3920 scilicet
1685 3883 1718 3920 a
1771 3865 1942 3934 bono,
1974 3869 2148 3938 scopis

500 3955 823 4011 mandatam
851 3962 903 4010 et
929 3961 1200 4008 ornatam.
1249 3953 1638 4026 Mctaphorice
1680 3954 1957 4026 loquitur,
2011 3955 2150 4027 quia

500 4044 724 4101 invenit
753 4043 865 4100 sibi
889 4043 1126 4098 domum
1152 4043 1434 4098 mundam
1456 4047 1513 4098 ct
1540 4048 1824 4115 paratam,
1845 4052 1894 4100 et
1916 4047 2148 4102 assumit

495 4135 634 4190 alios
663 4142 866 4206 septem
897 4135 1126 4204 spiritus
1151 4149 1334 4188 secum
1365 4135 1673 4204 nequiores,
1703 4141 1753 4189 et
1783 4135 2018 4203 ingressi
2045 4135 2145 4190 ha—

497 4225 674 4279 bitant
727 4226 824 4290 ibi,
859 4231 908 4277 et
955 4224 1095 4293 [iu-nt
1141 4223 1441 4278 novissima
1489 4223 1728 4278 hominis
1759 4225 1914 4278 illius
1955 4225 2146 4296 pejora

489 4314 790 4386 prioribus.
814 4312 906 4367 Sic
919 4314 1044 4379 erit,
1066 4311 1276 4384 inquit,
1301 4319 1351 4368 et
1363 4313 1706 4382 generatio-ni
1723 4314 1852 4368 huic
1865 4316 2140 4384 pessimae.

492 4401 773 4458 Diabolus
805 4402 1019 4474 quippe
1041 4406 1275 4474 propter
1295 4401 1478 4474 legem
1501 4420 1535 4456 a
1560 4401 1805 4456 Domino
1827 4402 2025 4457 datam
2047 4419 2142 4458 ex-

493 4492 723 4565 pulsus,
755 4492 942 4563 primo
974 4509 1008 4546 a
1036 4491 1255 4547 Judaeis
1277 4491 1511 4546 transiit
1541 4491 1614 4545 ad
1644 4494 1866 4563 gentes,
1901 4491 2004 4546 sed
2037 4507 2139 4563 po-

493 4586 620 4638 stea
644 4580 762 4636 illis
792 4581 1018 4636 Christo
1069 4578 1461 4647 credentibus,
1509 4596 1642 4635 cum
1665 4579 1793 4651 jam
1822 4579 2017 4636 locum
2049 4596 2137 4636 re-
2169 4602 2216 4667 D

493 4670 648 4742 quiei
682 4688 797 4725 non
830 4669 1115 4725 inveniret
1135 4668 1194 4723 in
1228 4667 1332 4736 eis,
1365 4667 1539 4724 rediit
1571 4669 1642 4724 ad
1672 4669 1926 4736 Judaeos,
1961 4673 2019 4726 et
2047 4670 2138 4726 in-

488 4761 647 4816 venit
677 4759 735 4814 in
768 4759 850 4815 eis
882 4760 1123 4814 domum
1142 4762 1445 4814 vacantem
1467 4759 1540 4814 ab
1562 4759 1722 4815 omni
1744 4759 1917 4827 bono,
1946 4760 2141 4832 scopis

491 4850 859 4916 mundatam,
913 4849 972 4904 id
1018 4853 1107 4904 est
1156 4847 1444 4921 legalibus
1490 4847 1937 4921 purgationibus
1969 4849 2138 4922 quasi

489 4941 669 4994 mund
680 4944 856 5006 alam,
876 4943 933 4995 et
948 4937 1240 4994 simulatis
1253 4937 1566 4993 virtutibus
1582 4938 1750 5010 quasi
1767 4943 2054 4994 ornatam.
2073 4941 2142 4994 Et

489 5031 714 5082 assumit
742 5038 943 5098 septem
973 5031 1111 5084 ίιέἰςσδ
1139 5030 1364 5100 spiritus
1391 5030 1674 5099 nequiores
1701 5045 1775 5094 se,
1807 5037 1860 5084 et
1904 5030 2141 5100 ingressi

487 5118 736 5172 halu'tunt
788 5119 888 5185 ibi,
921 5128 970 5173 et
1011 5120 1152 5190 ﬁunt
1196 5119 1492 5173 novissima
1537 5116 1734 5189 populi
1764 5116 1924 5172 illius
1949 5119 2139 5190 pejora

480 5207 782 5277 prioribus.
802 5207 1030 5277 Pejorcs
1053 5208 1207 5262 enim
1233 5213 1368 5262 sunt
1387 5206 1571 5262 Judmi
1596 5207 1654 5261 in
1679 5207 1990 5281 synagogis
2012 5207 2136 5264 suis

486 5293 980 5366 blasphemantes,
1005 5313 1181 5368 quam
1205 5295 1539 5369 antelegcm
1563 5296 1747 5352 Deum
1775 5297 2133 5370 ignorantes.

485 5383 699 5448 Quarto
731 5385 1014 5440 Dominus
1046 5402 1108 5441 se
1157 5385 1493 5441 laudantem
1535 5385 1774 5457 corrigit
1805 5386 2132 5454 mulierem,

485 5489 600 5530 non
634 5473 776 5546 quin
807 5490 1009 5528 verum
1034 5479 1089 5528 et
1109 5491 1245 5530 vera
1276 5475 1598 5530 intentione
1629 5475 1876 5531 dixerit:
1911 5477 2129 5544 Beatus,

485 5563 701 5636 quippe
733 5563 850 5618 imo
897 5562 1276 5620 beatissimus
1325 5570 1414 5620 est
1454 5573 1656 5631 venter,
1691 5567 1790 5637 qui
1816 5565 2132 5622 Dominum

477 5654 738 5730 portavit,
771 5660 820 5710 et
851 5653 1022 5712 ubera
1051 5668 1177 5728 qua:
1207 5669 1342 5710 eum
1365 5655 1722 5721 iactaverunt,
1757 5656 1857 5712 sed
1890 5671 2130 5713 causam

2258 3328 2471 3386 diaboli
2502 3329 2599 3384 diu
2635 3328 2848 3402 captivi
2882 3329 3101 3391 fuistis,
3136 3329 3236 3385 sed
3266 3344 3423 3384 nunc
3453 3341 3559 3400 per
3591 3327 3889 3384 misericor-

2257 3418 2414 3474 diam
2432 3418 2530 3473 Dei
2554 3435 2587 3473 a
2609 3418 2878 3474 faucibus
2897 3417 3114 3474 diaboli
3137 3417 3320 3490 erepti
3345 3416 3510 3488 estis,
3527 3415 3830 3491 vigilitatc,
3845 3418 3887 3470 et

2257 3512 2459 3564 contra
2487 3507 2613 3579 ejus
2663 3507 3018 3564 tentationes
3065 3507 3307 3563 viriliter
3334 3523 3437 3562 vos
3468 3510 3724 3574 armate,
3747 3507 3889 3578 juxta

2259 3598 2413 3670 quod
2444 3596 2686 3670 Sapiens
2737 3601 2976 3653 monet:
3007 3598 3146 3664 Fili,
3195 3595 3448 3652 eamdem
3475 3594 3546 3650 ad
3597 3597 3886 3651 servitute:

2255 3688 2370 3756 Dei,
2399 3702 2660 3758 purpura
2689 3703 2946 3742 animam
2975 3693 3130 3742 tuam
3149 3685 3219 3741 ad
3247 3693 3598 3742 tenuuionem
3632 3686 3800 3754 (Eccl.
3820 3683 3886 3748 ιι.)

2257 3776 2317 3832 Si
2349 3776 2502 3831 enim
2539 3777 2716 3848 (quod
2749 3775 2954 3846 absit!)
2988 3774 3245 3847 aliquem
3269 3789 3622 3846 reoccupane
3642 3773 3885 3834 valuerit.

2256 3881 2390 3919 cum
2421 3865 2628 3935 majori
2675 3865 2980 3937 tyrannide
3011 3865 3072 3920 in
3102 3880 3236 3919 eum
3284 3862 3477 3918 sasviet
3506 3879 3694 3934 quam
3727 3861 3885 3935 prius,

2255 3957 2322 4008 ut
2349 3953 2466 4009 sint
2488 3953 2808 4010 novissima
2836 3951 3034 4010 miseri
3060 3952 3316 4010 hominis
3343 3949 3506 4006 illius
3537 3953 3748 4024 pejora
3765 3951 3889 4024 prio-

2255 4043 2439 4098 ribus.
2474 4043 2852 4116 Respondens
2903 4059 3136 4116 quoque
3165 4041 3448 4098 Dominus
3475 4041 3889 4098 detractoribus

2255 4131 2399 4199 suis,
2433 4131 2528 4204 qui
2563 4131 2730 4188 illum
2761 4133 2820 4188 in
2845 4131 3167 4189 Beelsebub
3197 4131 3406 4204 ejicere
3431 4129 3738 4186 daemonia
3757 4146 3891 4186 men-

2253 4222 2566 4292 tiebantur,
2601 4221 2842 4277 instruit
2890 4237 2999 4277 nos
3029 4219 3294 4292 exemplo
3323 4219 3435 4285 sui,
3469 4219 3778 4290 quomodo
3806 4233 3888 4274 nos

2253 4311 2466 4368 habere
2493 4327 2630 4384 erga
2659 4311 3019 4366 detractores
3041 4314 3274 4366 nostros
3305 4313 3361 4364 et
3391 4307 3536 4380 quid
3554 4307 3654 4362 eis
3677 4322 3887 4382 respon-

2252 4400 2388 4456 dere
2419 4401 2756 4456 debeamus.
2790 4399 3076 4455 Dominus
3127 4399 3346 4471 quippe
3383 4396 3682 4470 patienter
3709 4413 3884 4454 eorum

2251 4489 2638 4545 detractiones
2671 4489 2992 4558 sustinens,
3025 4487 3211 4544 multa
3241 4487 3382 4542 vitia
3409 4486 3623 4558 quain
3655 4503 3722 4543 se
3743 4485 3885 4542 habe

2250 4578 2411 4646 bant,
2444 4578 2528 4634 eis
2550 4579 2948 4650 improperare
2970 4576 3176 4644 noluit,
3197 4576 3299 4632 sed
3321 4578 3552 4632 tantum
3578 4574 3734 4632 illud
3755 4572 3882 4648 quod

2249 4669 2320 4724 de
2351 4685 2413 4724 se
2443 4668 2730 4735 dixerant,
2767 4666 2982 4722 falsum
3003 4683 3134 4723 esse
3161 4665 3434 4722 ostendit.
3461 4664 3533 4719 Et
3553 4664 3724 4736 quod
3741 4665 3884 4720 min-

2249 4757 2425 4815 bilius
2451 4762 2558 4826 est,
2591 4757 2836 4813 verbum
2869 4755 3079 4813 salutis
3109 4755 3193 4812 eis
3225 4753 3578 4828 praedicavit.
3611 4753 3738 4810 Nos
3766 4767 3881 4826 quo-

2249 4865 2384 4920 que,
2414 4847 2624 4902 fratres
2656 4846 2792 4914 mei,
2815 4845 3148 4901 invidorum
3169 4849 3506 4901 nostrorum
3533 4838 3882 4898 detractioni

2247 4937 2358 4992 bus
2391 4953 2506 4992 non
2537 4952 3034 5000 commoveamus,
3067 4951 3173 4991 nec
3213 4933 3297 4990 eis
3327 4931 3552 4988 malum
3583 4948 3700 5004 pro
3735 4930 3880 4988 male.

2247 5043 2351 5082 nec
2371 5025 2742 5081 maledictum
2763 5041 2866 5098 pro
2885 5023 3218 5090 maledicto,
3237 5023 3556 5078 reddamus
3571 5021 3622 5093 (1
3635 5023 3786 5078 Patr.
3799 5036 3878 5076 In.

2248 5117 2348 5172 sed
2379 5133 2513 5170 cum
2544 5115 2702 5171 omni
2733 5113 3038 5187 patientia,
3071 5113 3362 5185 objectam
3397 5110 3570 5166 nobis
3600 5116 3878 5167 contume-

2243 5204 2382 5260 liam
2397 5203 2605 5260 falsam
2630 5221 2758 5259 esse
2775 5203 3174 5274 ostendentes,
3191 5201 3370 5258 etiam
3383 5198 3518 5254 illos
3534 5198 3828 5254 instruere
3839 5199 3878 5250 et

2243 5294 2454 5350 lucrari
2487 5293 2602 5348 Deo
2624 5296 2983 5365 satagamus.
3011 5291 3395 5364 Respondeas
3413 5287 3593 5344 etiam
3617 5287 3878 5344 Dominus

2244 5381 2476 5440 mulieri
2494 5399 2555 5438 se
2569 5381 2852 5450 laudanti,
2875 5381 3172 5453 quomodo
3186 5396 3324 5453 erga
3338 5375 3683 5435 laudatores
3698 5381 3758 5433 et
3769 5375 3878 5431 adn-

2241 5471 2455 5529 latores
2487 5473 2720 5526 nostros
2753 5487 2861 5526 nos
2903 5469 3138 5539 habere,
3171 5474 3230 5526 et
3260 5467 3400 5540 quid
3429 5465 3518 5522 eis
3548 5466 3880 5539 respondere

2241 5558 3160 5627 debeamus,demonstravit.Non
3172 5557 3330 5616 enim
3342 5555 3882 5614 laudantemsemu—

2238 5651 2442 5710 liercm
2474 5647 2764 5720 laudavit,
2797 5652 2863 5705 ut
2909 5647 3150 5724 quidam
3198 5645 3408 5716 solent,
3442 5660 3550 5703 nec
3589 5644 3674 5703 ad
3701 5643 3884 5704 ιιωω
