3982 6082
172 307 332 375 1813

831 302 1186 370 ΗΟΜῙΙιῙΛΕ
1225 303 1307 368 ΙΝ
1351 302 1602 368 EPIST.
1647 302 1750 366 E’l‘
1789 302 1829 365 E

1937 302 2078 366 iNG.
2123 301 2480 368 DOMINIC.
2507 333 2590 353 —
2614 303 2817 370 PARS
2860 304 2911 370 I.

3416 304 3572 370 1814

171 442 381 502 renati.
413 440 517 500 Ille
540 457 676 518 ergo
705 439 961 516 populus
988 444 1163 497 natus
1190 442 1278 497 est
1309 455 1377 496 ex
1404 455 1578 495 carne
1607 454 1814 495 secun-
1844 438 1901 506 Α
1929 437 2278 511 Tripliciter,
2340 438 2494 496 malo
2550 440 2834 515 exemplo,
2881 440 3131 499 subdola
3177 442 3570 517 suggestione,

171 534 316 591 dum
347 548 622 600 samem;
654 530 765 587 iste
810 534 986 587 natus
1035 533 1126 587 est
1154 545 1224 585 ex
1252 527 1460 603 gratia,
1493 527 1818 585 secundum

172 620 535 680 electionem.
550 617 653 676 Ille
671 622 761 676 est
780 617 938 675 ﬁlius
967 615 1211 686 ancillas,
1224 615 1283 672 id
1305 619 1396 673 est
1413 613 1668 672 carnalis
1698 630 1820 672 ser-

172 710 407 780 vitutis;
429 709 540 767 iste
559 711 648 767 est
666 707 824 764 ﬁlius
851 706 1068 777 liberae,
1092 705 1150 762 id
1173 708 1264 762 est
1291 703 1616 778 spiritualis
1646 703 1819 761 liber-

172 800 332 860 tatis.
367 798 468 857 Illo
521 801 613 854 est
668 796 826 853 ﬁlius
883 793 1295 864 diaboli;iste,
1334 794 1518 851 Filius
1566 793 1686 851 Dei.
1720 792 1822 850 Ille

177 893 337 951 ﬁlius
384 887 612 948 Veteris
667 885 1046 954 Testamenti,
1075 885 1176 941 ubi
1228 901 1333 958 pro
1379 884 1590 941 timore
1629 888 1687 942 et
1715 899 1820 957 pro

174 979 603 1055 temporalibus
622 975 820 1044 servit;
840 974 953 1031 iste
972 978 1061 1032 est
1079 972 1237 1030 ﬁlius
1268 972 1410 1029 Novi
1440 972 1818 1041 Testamenti,

175 1072 278 1130 ubi
308 1087 413 1145 pro
444 1083 639 1125 amore
669 1070 729 1123 et
756 1082 860 1139 pro
885 1062 1116 1121 aeternis
1137 1062 1333 1132 servit,
1348 1063 1450 1119 sed
1472 1063 1589 1119 Deo
1610 1061 1824 1119 servire

175 1165 265 1220 est
296 1174 558 1232 regnare.
588 1155 703 1214 Nos
731 1170 890 1228 ergo,
923 1154 1133 1210 fratres
1162 1152 1300 1220 mei,
1332 1150 1439 1208 ﬁlii
1467 1151 1684 1220 liberae,
1718 1149 1823 1206 ﬁlii

178 1246 500 1315 electionis,
528 1250 582 1302 et
637 1243 743 1301 ﬁlii
792 1242 894 1300 Dei
948 1258 1178 1312 sumus,
1211 1241 1263 1300 si
1308 1245 1507 1298 tamen
1545 1241 1607 1297 in
1635 1240 1826 1315 gratia

180 1336 461 1414 baptismi
492 1349 948 1410 perseveramus,
975 1332 1026 1391 si
1053 1331 1353 1389 diabolum
1382 1336 1440 1389 et
1466 1331 1596 1404 ejus
1626 1346 1821 1404 opera,

180 1429 401 1504 quibus
454 1422 1013 1492 abrenuntiavimus,
1063 1421 1302 1479 omnino
1361 1422 1741 1488 detestamur,
1773 1419 1824 1477 si

178 1520 366 1577 Deum
393 1520 453 1573 et
479 1515 606 1588 ejus
635 1516 921 1588 praacepta
946 1515 1070 1568 tota
1098 1510 1406 1568 dilectione
1434 1509 1739 1585 diligimus
1769 1513 1827 1566 et

179 1607 504 1682 sequimur.
519 1603 679 1669 Quod
709 1602 759 1659 si
790 1606 1027 1675 pactum
1055 1601 1332 1675 baptismi
1360 1600 1737 1675 fregimus,et
1752 1599 1825 1656 ad

178 1694 396 1756 diaboli
427 1692 762 1752 servitutem
793 1690 1007 1748 reversi
1041 1707 1273 1760 sumus,
1307 1690 1449 1763 quid
1480 1689 1592 1746 erit
1620 1690 1692 1745 de
1720 1706 1826 1745 no-

1928 531 2129 601 aperta
2157 529 2576 602 persecutione.
2610 531 2762 587 Malo
2790 531 3077 606 exemplo,
3109 533 3252 590 dum
3283 533 3491 590 ﬂorent
3518 539 3577 591 et

1929 622 2348 691 prosperantur
2376 618 2435 675 in
2465 619 2559 676 via
2587 636 2697 676 sua
2725 620 2900 692 mala,
2926 622 3206 695 quoniam
3236 639 3438 679 eorum
3467 624 3577 696 ﬁlii

1929 712 2069 764 sunt
2086 709 2228 765 sicut
2246 709 2480 767 novellae
2502 711 2865 782 plantationis
2888 712 2948 767 in
2958 711 3244 784 juventute
3260 729 3382 769 sua.
3413 714 3577 772 Filia?

1926 813 2116 854 eorum
2141 800 2476 871 compositae,
2493 800 2917 858 circumornatse
2943 808 3005 857 ut
3031 801 3336 858 similttudo
3365 803 3573 875 templi.

1926 888 2315 959 Promptuaria
2344 904 2531 944 eorum
2556 888 2739 962 plena,
2767 893 3077 946 eructantia
3095 907 3166 947 ea:
3194 891 3293 949 hoc
3321 894 3383 948 in
3412 892 3574 949 illud.

1928 978 2065 1035 Oves
2110 992 2300 1034 eorum
2337 979 2544 1051 fetosaz,
2586 977 2926 1035 abundantes
2980 981 3042 1035 in
3087 983 3390 1053 egressibus
3434 983 3573 1050 suis,

1930 1065 2082 1123 boves
2132 1082 2322 1124 eorum
2372 1083 2593 1125 crassae.
2626 1071 2751 1125 Non
2775 1077 2855 1125 est
2882 1071 3051 1126 ruina
3097 1072 3375 1140 maceriae,
3405 1087 3579 1144 neque

1931 1156 2216 1224 transitus,
2235 1172 2410 1229 neque
2426 1156 2652 1224 clamor,
2675 1159 2737 1213 in
2753 1158 2948 1231 plateis
2965 1175 3154 1216 eorum
3173 1161 3344 1230 (Psal.
3363 1160 3574 1235 cxuu).

1931 1243 2045 1301 Sed
2075 1248 2279 1302 contra
2306 1244 2429 1302 haec
2459 1263 2567 1302 nos
2584 1252 2774 1303 armat
2789 1247 3205 1319 David,dicens
3225 1265 3238 1304 :
3261 1249 3393 1306 Noli
3410 1265 3579 1307 ἅλητα-

1932 1334 2044 1391 lari
2071 1335 2131 1390 in
2158 1335 2610 1408 malignantibus,
2642 1352 2815 1410 neque
2856 1338 3119 1395 zelaveris
3162 1339 3422 1411 facientes
3470 1340 3580 1395 ini-

1931 1428 2191 1498 quitatem
2220 1442 2240 1480 :
2263 1426 2527 1499 quoniam
2554 1433 2815 1499 tanquam
2836 1429 3027 1500 fenum
3053 1428 3309 1485 velociter
3340 1436 3583 1486 arescent

1933 1515 2103 1585 (Psal.
2136 1518 2348 1584 xxxvr).
2380 1513 2637 1571 Subdola
2693 1517 3088 1590 suggestione,
3122 1533 3258 1573 cum
3312 1518 3530 1575 dicitur
3561 1535 3575 1574 :

1934 1605 2178 1678 Semper
2205 1602 2316 1660 fuit
2343 1604 2718 1674 mundus,ita
2732 1621 2965 1679 semper
2992 1607 3257 1663 orientur
3286 1607 3577 1676 homines,

1933 1696 1993 1751 et
2013 1693 2358 1750 morientur.
2381 1693 2522 1759 Quis
2552 1698 2639 1751 est
2669 1711 2935 1752 reversus
2966 1697 3038 1752 ab
3066 1696 3290 1767 inferis,
3316 1697 3415 1770 qui
3437 1715 3583 1754 nun-

180 1787 275 1845 bis
303 1783 553 1850 miseris,
578 1781 693 1839 nisi
726 1780 1076 1854 quantocius
1106 1796 1210 1854 per
1237 1778 1639 1853 pcenitentiam
1670 1782 1727 1835 et
1745 1777 1828 1834 la-
1857 1816 1907 1883 Β
1935 1782 2041 1840 tiet
2070 1782 2247 1839 aliam
2270 1781 2449 1839 vitam
2479 1784 2914 1841 esse?Stultum
2945 1790 3035 1842 est
3062 1785 3243 1860 igitur
3270 1788 3583 1861 prmsentia

184 1890 414 1951 crymas
443 1869 826 1939 reconciliari,
858 1870 999 1926 dum
1026 1868 1180 1938 licet,
1213 1885 1567 1942 quaeramus.

257 1963 542 2030 Secundo,
578 1962 805 2030 fratres,
856 1958 1347 2016 considerandum
1403 1962 1495 2015 est
1536 1959 1828 2032 quomodo

181 2052 398 2113 ancilla
448 2050 612 2126 prius
671 2049 922 2107 fecunda
980 2047 1166 2105 fuisse
1208 2051 1266 2104 et
1303 2047 1617 2122 peperisse,
1647 2047 1833 2104 libera

181 2159 317 2202 vero
362 2141 526 2217 prius
585 2137 831 2206 sterilis,
874 2141 1168 2211 postremo
1224 2137 1457 2194 dicatur
1514 2136 1828 2211 peperisse.

184 2234 362 2292 Porro
380 2227 634 2288 camelis
653 2227 951 2303 generatio
974 2226 1140 2299 prius
1164 2226 1224 2283 in
1248 2226 1468 2283 mundo
1497 2225 1833 2300 multiplici-

186 2326 279 2381 ter
295 2317 632 2389 abundavit,
660 2316 896 2392 quando
924 2314 1113 2392 ignari
1135 2315 1236 2373 Dei
1257 2320 1315 2374 et
1331 2316 1463 2373 vitae
1484 2316 1830 2390 spiritualis,

188 2415 418 2470 tantum
447 2405 852 2483 propagationi
881 2408 939 2463 et
966 2405 1324 2463 successioni
1355 2405 1551 2463 carnis
1575 2404 1836 2462 intende-

189 2500 349 2559 bant.
367 2494 702 2572 Spiritualis
726 2511 860 2552 vero
885 2495 1243 2570 regeneratio
1264 2493 1365 2551 diu
1382 2495 1599 2570 ignota,
1620 2493 1836 2552 sterilis

187 2587 531 2665 permansit.
549 2587 617 2642 Et
636 2585 760 2642 hee
777 2588 1010 2641 tantum
1030 2588 1289 2658 tempore
1308 2584 1509 2657 gratias
1530 2584 1834 2642 abundan-

186 2683 277 2738 ter
306 2674 694 2735 ﬁ‘uctiﬁcavit.
726 2674 848 2731 Non
902 2673 1080 2743 enim,
1137 2678 1204 2729 ut
1255 2674 1337 2729 ait
1385 2673 1721 2747 Apostolus,
1754 2682 1838 2730 est

188 2768 447 2840 primum
476 2764 626 2840 quod
646 2772 733 2821 est
753 2763 1080 2833 spirituale,
1108 2762 1211 2820 sed
1237 2763 1405 2833 prius
1423 2763 1575 2837 quod
1601 2772 1686 2820 est
1713 2764 1841 2820 ani-

192 2858 365 2927 male,
391 2864 445 2913 et
475 2862 672 2925 postea
699 2853 850 2928 quod
871 2861 956 2910 est
986 2852 1295 2923 spirituale
1325 2854 1373 2926 (I
1396 2852 1840 2927 Cor.xv).Unde

191 2947 375 3006 Isaias
407 2961 422 3000 :
454 2948 697 3012 La’tare,
727 2943 946 3000 sterilis
973 2957 1101 3016 qua
1138 2958 1253 2999 non
1289 2942 1473 3013 paris,
1502 2943 1561 2999 id
1594 2946 1684 3000 est
1712 2958 1839 3015 quas

192 3035 383 3111 primo
410 3032 499 3091 vel
544 3031 757 3101 nullos,
788 3031 880 3090 vel
926 3047 1166 3105 paucos,
1197 3031 1487 3105 pariebas,
1520 3048 1759 3106 erumpe
1786 3042 1843 3091 et

191 3124 382 3185 clama
401 3138 528 3197 quae
542 3138 656 3180 non
671 3121 961 3192 parturis,
973 3121 1111 3194 quia
1129 3121 1300 3178 multi
1316 3121 1420 3194 ﬁlii
1434 3122 1844 3196 liberat,magis

195 3191 447 3273 subaudi
476 3210 642 3270 electi
667 3191 862 3282 aDeo,
892 3191 1066 3285 quam
1092 3211 1199 3282 lilii
1223 3191 1372 3282 ejus,
1392 3210 1450 3266 id
1473 3216 1562 3268 est
1590 3191 1842 3269 carnalis
1871 3191 1915 3259 C

197 3301 610 3380 generationis,
639 3315 770 3375 quae
791 3302 958 3358 habet
978 3301 1169 3357 virum
1191 3300 1299 3375 (36)
1334 3300 1464 3374 (Isa.
1501 3301 1632 3374 LIV),
1664 3300 1724 3357 id
1754 3305 1844 3358 est

197 3396 597 3467 corruptorem
642 3389 963 3448 diabolum.
994 3389 1112 3446 Nos
1139 3405 1298 3464 ergo,
1333 3389 1541 3447 fratres
1571 3389 1708 3460 mei,
1740 3406 1844 3464 po-

195 3482 317 3540 tius
337 3478 703 3555 spiritualem
725 3494 902 3552 quam
924 3477 1217 3535 carnalem
1247 3478 1677 3536 successionem
1695 3496 1846 3553 quae-

1936 1872 2151 1947 gaudia
2179 1873 2439 1947 perdere,
2454 1876 2689 1947 propter
2717 1874 2983 1947 quaedam
3006 1875 3152 1931 forte
3172 1893 3474 1950 nunquam
3498 1877 3580 1934 fu-

1936 1968 2089 2019 tura.
2120 1963 2226 2031 Ita,
2259 1962 2487 2031 fratres,
2509 1962 2635 2019 vult
2664 1962 2928 2037 decipere
2958 1963 3116 2022 ﬁlius
3144 1965 3368 2022 ancilla:
3393 1965 3583 2023 ﬁlium

1937 2051 2152 2109 liberae.
2208 2053 2293 2108 Ita
2350 2052 2671 2121 insidiatur,
2729 2061 2791 2110 ut
2846 2056 3029 2127 rapiat
3064 2072 3381 2129 pauperem,
3438 2059 3585 2130 rapit

1938 2150 2123 2198 autem
2147 2158 2445 2214 pauperem
2473 2141 2605 2198 dum
2631 2143 2860 2200 attrahit
2886 2159 3013 2200 eum
3040 2146 3216 2214 (Psal.
3248 2148 3307 2214 x)
3336 2146 3587 2203 subdola

1941 2231 2563 2305 suggestione.Contra
2589 2231 2712 2288 haec
2741 2249 2849 2289 nos
2878 2236 3070 2289 armat
3095 2234 3437 2307 Apostolus:
3455 2235 3585 2293 Cor-

1940 2327 2206 2394 rumpunt
2256 2321 2425 2386 enim,
2483 2320 2583 2387 ait,
2644 2322 2807 2379 bonos
2860 2339 3037 2380 mores
3091 2324 3364 2397 colloquia
3416 2342 3588 2397 prava

1941 2414 1994 2483 (1
2023 2411 2142 2469 Cor.
2174 2412 2291 2481 xv).
2324 2410 2455 2466 Ideo
2483 2410 2652 2467 nolite
2675 2413 2827 2468 omni
2851 2414 3077 2485 spiritui
3102 2414 3316 2471 credere
3357 2414 3405 2487 (Ι
3431 2415 3585 2473 Joan.

1944 2502 2043 2571 iv).
2064 2499 2234 2556 Fides
2262 2498 2418 2556 enim
2445 2502 2646 2556 nostra
2673 2499 3028 2558 testimoniis
3050 2502 3516 2576 patriarcharum
3534 2508 3591 2560 et

1944 2589 2364 2663 prophetarum
2397 2588 2696 2658 fundatur,
2729 2589 3048 2660 nativitate,
3082 2592 3376 2664 passione,
3401 2610 3594 2650 resur-

1946 2678 2202 2735 rectione
2231 2681 2288 2734 et
2317 2677 2661 2733 ascensione
2696 2677 2909 2735 Christi
2963 2680 3327 2753 completur;
3359 2686 3596 2756 aposto-

1944 2767 2139 2824 lorum
2167 2764 2523 2823 testimoniis
2552 2765 2814 2835 fulcitur,
2846 2767 3133 2842 sanguine
3162 2775 3485 2845 martyrum
3507 2789 3599 2829 ro-

1947 2857 2211 2924 boratur,
2234 2853 2335 2928 qui
2354 2853 2656 2911 miraculis
2678 2856 2927 2928 probant
2942 2872 3004 2913 se
3027 2857 3242 2915 melius
3264 2858 3454 2916 vivere
3468 2862 3603 2933 post

1949 2949 2219 3002 mortem.
2251 2945 2468 3017 Aperta
2515 2943 2919 3017 persecutione
2964 2951 3421 3019 persequuntur,
3453 2949 3599 3006 dum

1952 3032 2105 3091 ﬁlios
2144 3032 2339 3090 libera:
2390 3030 2664 3106 spoliant,
2698 3032 2823 3089 suis
2855 3031 3154 3090 lacessunt
3181 3035 3478 3104 conviciis,
3513 3037 3597 3093 af-

1953 3122 2165 3197 ﬂigunt
2219 3121 2476 3194 injuriis,
2523 3120 2762 3191 exsiliis,
2808 3121 3136 3189 tormentis,
3189 3127 3397 3192 morte,
3428 3125 3602 3198 juxta

1950 3210 2099 3268 illud
2132 3228 2146 3268 :
2178 3210 2369 3268 Sancti
2413 3209 2658 3266 ludibria
2684 3218 2737 3266 et
2769 3211 2991 3268 verbera
3037 3214 3267 3284 experti,
3299 3215 3526 3287 insuper
3549 3222 3602 3271 et

1951 3302 2175 3357 vincula
2201 3307 2254 3357 et
2277 3316 2538 3356 carceres.
2572 3299 2827 3372 Lapidati
2873 3308 3019 3368 sunt,
3050 3303 3185 3358 secti
3226 3309 3373 3371 sunt,
3406 3305 3603 3360 tentati

1950 3398 2101 3468 sunt,
2134 3391 2192 3445 in
2222 3390 2491 3446 occisione
2517 3388 2698 3458 gladii
2722 3391 2928 3445 moetui
2955 3399 3104 3446 sunt.
3135 3392 3317 3461 (Hebr.
3333 3391 3600 3465 x1).Con-

1952 3482 2045 3535 tra
2072 3478 2184 3535 hoc
2214 3494 2321 3534 nos
2352 3477 2639 3534 Dominus
2671 3482 2879 3547 armat,
2914 3478 3113 3536 dicens
3146 3497 3159 3536 :
3199 3481 3376 3538 Nolite
3412 3483 3603 3538 timere

198 3587 420 3630 ramus.
452 3568 661 3626 Melius
687 3571 778 3624 est
821 3567 979 3624 enim
1027 3566 1357 3641 relinquere
1410 3585 1595 3624 unum
1654 3567 1846 3625 solum
1952 3584 2041 3625 eos
2068 3568 2165 3640 qui
2194 3566 2447 3624 occidunt
2475 3583 2688 3639 corpus,
2720 3569 2965 3624 animam
3015 3577 3196 3625 autem
3241 3586 3353 3627 non
3379 3578 3603 3644 possunt

198 3663 421 3719 bonum
435 3657 623 3714 ﬁlium
638 3674 818 3731 quam
833 3656 1052 3713 multos
1072 3655 1687 3714 malos.Etmeliusest
1699 3657 1847 3714 mori
1955 3655 2197 3714 occidere
2221 3674 2240 3712 :
2262 3656 2353 3712 sed
2394 3657 2581 3729 potius
2627 3673 2753 3713 eum
2799 3658 2980 3715 timete
3006 3660 3105 3731 qui
3142 3661 3390 3716 animam
3408 3668 3460 3718 et
3485 3677 3602 3717 cor-

201 3750 333 3808 sine
353 3747 492 3805 ﬁliis
520 3758 700 3820 quam
729 3744 1059 3819 relinquere
1085 3743 1309 3801 malum
1342 3743 1552 3801 ﬁlium.
1579 3744 1687 3812 Qui
1711 3762 1849 3820 ergo
1954 3763 2057 3820 pus
2080 3753 2254 3819 potest
2275 3744 2504 3818 perdere
2533 3747 2591 3801 in
2622 3746 2924 3817 gehennam
2957 3748 3166 3820 (Matth.
3195 3751 3275 3817 κ).
3309 3749 3380 3805 Et
3426 3749 3565 3806 alibi
3590 3766 3604 3805 :

202 3837 358 3896 ﬁlios
376 3836 614 3905 habent,
638 3835 698 3891 in
722 3834 1220 3891 correctioneetin
1242 3834 1627 3892 instructione
1647 3852 1849 3892 eorum
1958 3837 2114 3892 Beati
2155 3836 2254 3907 qui
2290 3836 2723 3907 persecutionem
2754 3837 3048 3908 patiuntur
3068 3845 3291 3910 propter
3308 3838 3606 3911 justitiam,

198 3923 759 4003 vigilant,quoniam
782 3923 935 3981 sicut
954 3923 1237 3996 gaudium
1260 3928 1351 3980 est
1364 3928 1673 3996 parentum
1693 3923 1853 3981 ﬁlius
1959 3925 2221 3997 quoniam
2276 3924 2521 3995 ipsorum
2573 3931 2651 3979 est
2698 3940 2930 3993 regnum
2974 3925 3232 3981 caelorum
3275 3926 3494 3999 (Matth.
3530 3928 3607 3999 v).

202 4015 462 4089 sapiens,
495 4013 579 4070 ita
607 4012 874 4069 confusio
919 4016 978 4069 et
1026 4010 1358 4068 maledictio
1404 4016 1495 4069 est
1542 4016 1852 4085 parentum
2033 4015 2249 4079 Quarto
2279 4028 2534 4085 quoque,
2565 4011 2796 4080 fratres,
2827 4013 3321 4071 considerandum
3351 4018 3442 4072 est
3472 4032 3611 4087 quo-

206 4104 368 4163 ﬁlius
409 4101 627 4160 stultus
658 4102 837 4176 (Prov.
868 4119 926 4168 x,
956 4103 1073 4171 xv).
1107 4100 1214 4166 Qui
1261 4117 1396 4158 vero
1446 4100 1583 4158 ﬁliis
1632 4105 1852 4174 carent,
1962 4102 2136 4158 modo
2165 4099 2378 4158 ancilla
2397 4104 2455 4157 et
2475 4099 2633 4156 ﬁlius
2662 4102 2792 4173 ejus
2822 4118 2957 4158 cum
2989 4101 3104 4158 olla
3130 4119 3293 4176 aqua:
3319 4102 3606 4176 ejiciatur,

207 4210 325 4251 non
356 4192 612 4260 doleant,
642 4191 742 4248 sed
773 4189 1072 4247 Christum
1119 4189 1411 4247 hmredem
1470 4190 1853 4262 constituant,
1963 4195 2022 4247 et
2048 4189 2208 4247 ﬁlius
2235 4188 2428 4245 libera:
2458 4188 2644 4246 haeres
2672 4190 3100 4260 constituatur;
3126 4190 3227 4247 ﬁlii
3260 4192 3475 4267 quippe
3505 4210 3610 4249 an-

208 4298 497 4359 pauperes
526 4284 585 4338 et
614 4278 866 4354 pupillos
894 4279 956 4336 in
988 4278 1141 4336 ﬁlios
1179 4279 1477 4352 adoptent,
1508 4278 1858 4353 exemploet
1964 4278 2133 4346 cillaa,
2165 4278 2305 4352 quia
2332 4281 2561 4334 tantum
2608 4281 2898 4335 terrenam
2946 4278 3343 4338 haereditatem
3383 4280 3609 4338 deside-

206 4372 382 4433 verbo
411 4369 565 4428 ﬁlios
593 4367 927 4444 spirituales
972 4368 1236 4443 gignant,
1275 4373 1340 4424 ut
1359 4368 1497 4441 jure
1527 4369 1600 4426 de
1628 4368 1714 4426 eis
1742 4369 1856 4426 dici
1966 4372 2100 4426 rant
2128 4372 2185 4425 et
2210 4365 2666 4441 amplectuntur,
2688 4367 2884 4424 divino
2904 4368 3130 4440 judicio
3160 4387 3195 4426 a
3223 4369 3442 4428 caelesti
3473 4374 3613 4427 sunt

208 4459 397 4538 possit
427 4476 442 4515 :
476 4464 719 4530 Lutare,
747 4457 973 4514 sterilis
1019 4472 1145 4531 quae
1171 4471 1285 4513 non
1319 4456 1504 4528 paris,
1531 4472 1772 4528 erumpe
1799 4463 1857 4513 et
1966 4457 2303 4516 haereditate
2334 4455 2604 4529 sejuncti.
2626 4456 2693 4511 Et
2720 4455 2866 4512 nihil
2898 4457 2983 4514 eis
3013 4459 3328 4527 confertur,
3361 4459 3475 4516 nisi
3493 4476 3614 4516 am-

205 4554 397 4611 clama
422 4564 549 4623 quae
572 4564 686 4605 non
713 4547 1001 4619 parturis,
1032 4544 1306 4620 quoniam
1334 4546 1442 4618 filii
1466 4547 1661 4603 libera!
1691 4546 1860 4603 multi
1886 4554 1937 4622 Β
1965 4547 2151 4622 phora
2205 4562 2370 4620 aqua:
2429 4561 2608 4618 super
2661 4544 2986 4618 scapulam.
3013 4548 3199 4621 Aqua,
3234 4548 3440 4605 fratres
3479 4550 3613 4619 mei,

209 4656 385 4715 quam
413 4640 540 4711 ejus
566 4652 692 4712 quae
719 4638 885 4694 habet
915 4636 1106 4694 virum
1136 4637 1292 4709 (Gal.
1334 4636 1432 4708 ιν).
1477 4636 1634 4692 Adeo
1676 4635 1856 4705 enim,
1971 4636 2272 4693 mundana
2301 4633 2545 4692 felicitas
2566 4638 2675 4691 est.
2699 4636 2867 4708 Aqua
2886 4636 3044 4692 enim
3060 4640 3151 4693 est
3166 4636 3619 4712 labilis,potabi-

213 4730 445 4795 fratres,
478 4726 729 4784 excrevit
756 4725 931 4782 hodie
958 4723 1186 4782 malitia
1212 4724 1467 4782 ﬁliorum
1512 4723 1861 4798 carnalium,
1970 4724 2066 4794 lis,
2100 4722 2336 4782 nabilis.
2369 4723 2669 4780 Mundana
2715 4740 2949 4797 quoque
2994 4724 3242 4781 felicitas
3284 4729 3374 4782 est
3400 4725 3619 4799 labilis,

214 4832 467 4893 quorum
498 4815 647 4873 alter
674 4818 765 4872 est
793 4816 1099 4883 scortator,
1130 4812 1276 4871 alter
1304 4813 1542 4881 aleator,
1572 4813 1719 4871 alter
1746 4814 1860 4882 fur,
1972 4812 2113 4888 quia
2167 4811 2281 4869 cito
2332 4811 2566 4879 transit,
2616 4829 2721 4869 nec
2780 4813 2964 4883 redit;
2998 4812 3269 4887 potabilis
3305 4819 3415 4882 est,
3446 4815 3504 4871 id
3531 4819 3622 4872 est

215 4905 364 4965 alter
393 4909 612 4979 raptor,
641 4903 788 4962 alter
814 4901 1024 4976 quaerit
1050 4906 1108 4958 et
1135 4903 1432 4960 desiderat
1474 4906 1721 4959 mortem
1761 4920 1862 4977 pa-
1975 4908 2114 4976 apta
2132 4903 2205 4959 ad
2232 4901 2607 4969 utendum,si
2626 4902 2883 4959 modeste
2914 4906 3211 4973 sumatur;
3234 4902 3283 4960 si
3304 4904 3617 4977 superflue,

216 4998 490 5063 rentum;
518 4994 675 5068 quod
695 4992 869 5050 hodie
887 5006 1019 5047 vere
1047 4991 1161 5047 dici
1193 4992 1408 5065 possit:
1427 4995 1613 5048 Beata
1638 4992 1867 5049 steriles
1974 4991 2143 5048 inflat
2188 4990 2509 5059 hominem,
2550 4995 2610 5048 et
2650 4990 2897 5060 occidit;
2934 4991 3147 5049 nabilis
3175 4997 3284 5065 est,
3316 4993 3456 5066 quia
3485 5010 3620 5050 cum

217 5099 346 5160 qua
372 5099 486 5141 non
513 5091 857 5157 genuerunt,
879 5089 938 5138 et
964 5082 1147 5138 ubera
1180 5097 1306 5155 qua:
1346 5098 1461 5140 non
1506 5083 1869 5140 lactaverunt
1967 5082 2132 5155 justo
2164 5079 2471 5154 regimine,
2500 5084 2694 5153 potest
2729 5079 2944 5155 aliquis
2974 5098 3078 5155 per
3105 5098 3233 5138 eam
3266 5082 3516 5139 transire
3547 5084 3619 5139 ad

217 5175 374 5250 (Luc.
405 5173 591 5247 XXIII).
622 5171 817 5230 Tertio
872 5187 1027 5239 vero,
1087 5170 1316 5238 fratres,
1374 5171 1866 5228 considerandum
1975 5175 2209 5243 portum
2240 5168 2468 5234 salutis,
2496 5168 2643 5226 alias
2675 5170 2734 5225 in
2764 5170 3305 5243 superabundantia
3330 5172 3461 5245 ejus
3488 5173 3625 5230 sub-

214 5268 326 5334 est,
361 5262 679 5337 quomodo,
711 5265 779 5318 ut
805 5260 890 5318 ait
915 5258 1254 5334 Apostolus,
1288 5258 1391 5315 ﬁlii
1425 5259 1647 5317 ancillae
1680 5276 1871 5334 perse-
1980 5258 2263 5334 mergitur
2291 5264 2348 5315 et
2372 5258 2542 5331 perit.
2577 5259 2737 5314 Hanc
2767 5265 2962 5317 autem
2993 5263 3354 5319 mundanam
3388 5260 3627 5318 felicita-

215 5357 485 5429 quuntur
503 5351 657 5409 ﬁlios
678 5350 894 5408 liberie.
920 5350 1359 5423 Persequuntur
1387 5349 1604 5422 quippe
1627 5348 1730 5405 ﬁlii
1751 5366 1872 5406 car-
1980 5353 2100 5405 tem
2130 5348 2341 5421 accipit
2370 5346 2529 5404 ﬁlius
2553 5346 2776 5403 ancillae
2835 5366 3014 5422 super
3060 5367 3144 5420 se,
3176 5352 3316 5425 quia
3343 5352 3395 5408 ei
3425 5350 3628 5420 servit,

217 5444 312 5501 nis
330 5441 485 5500 ﬁlios
512 5441 798 5516 spiritus;
822 5439 938 5505 ﬁlii.
952 5438 1181 5508 mundi,
1199 5438 1349 5496 ﬁlios
1370 5437 1519 5495 caeli.
1537 5438 1875 5504 Quomodo?
1983 5455 2101 5495 non
2132 5436 2234 5495 illa
2262 5437 2396 5493 sibi.
2429 5437 2494 5492 In
2516 5435 2631 5492 alia
2659 5453 2793 5492 vero
2820 5438 2942 5496 vita
2971 5456 3214 5513 prorsus
3244 5458 3279 5497 a
3307 5439 3522 5496 caelesti
3549 5457 3634 5498 se-

291 5620 402 5695 (36)
429 5619 605 5695 Vulg.
634 5618 841 5680 eadem
873 5635 990 5677 non
1021 5617 1251 5692 precise
1277 5616 1490 5676 iisdem
1520 5615 1733 5674 verbis.
