3982 6082
383 242 543 307 1815

1374 245 1773 307 ADDENDA.
1812 273 1887 287 -
1916 238 2321 302 R-ADULPHI
2366 240 2787 304 ARDENTIS.

3634 241 3805 307 ξθκ

379 372 779 452 questrabitur
804 378 1160 451 haereditate,
1191 378 1335 437 nihil
1383 378 1676 451 accipiens
1707 376 1823 432 nisi
1856 378 2023 431 aeter-
2051 373 2110 442 Α
2136 378 2344 447 tentat,
2376 378 2442 431 ut
2471 374 2660 431 discat
2688 375 2843 449 quod
2878 374 3130 450 ignorat.
3161 375 3339 433 Juxta
3363 392 3497 433 vero
3525 376 3803 450 tropolo-

379 484 517 523 nam
548 467 1007 538 damnationem,
1043 469 1322 542 quoniam
1370 469 1430 524 in
1479 468 1587 524 hac
1636 465 1755 521 vita
1810 463 2025 537 recepit

377 556 530 613 bona
550 574 676 613 sua.
704 557 955 631 Populus
973 576 1104 615 vero
1127 558 1367 625 electus,
1394 557 1493 630 qui
1516 561 1605 614 cst
1626 554 1783 611 ﬁlius
1802 554 2020 621 liberae,

377 646 754 702 constituitur
793 647 979 704 haeres
1027 646 1229 721 patris,
1264 652 1321 703 et
1353 662 1509 703 nunc
1544 644 1846 711 electione,
1878 648 1935 699 et
1964 643 2023 698 in

375 735 573 791 futuro
603 735 1058 792 confirmatione.
1083 736 1247 792 Nunc
1279 734 1675 808 spiritualium
1710 734 2021 801 bonorum,

376 826 434 880 et
484 824 543 879 in
604 824 796 880 futuro
845 824 1166 880 caelestium
1214 824 1607 897 praemiorum.
1642 824 1749 879 Nos
1804 823 2023 895 itaque,

378 914 585 969 fratres
617 913 749 983 mei,
783 913 993 969 Christi
1028 914 1311 986 sanguine
1341 913 1593 980 liberati,
1632 914 1763 984 jam
1788 929 1899 968 non
1927 927 2025 967 su-

377 1004 504 1058 mus
530 1001 639 1075 ﬁlii
662 1004 906 1075 ancillae,
918 1005 1019 1060 sed
1038 1005 1251 1071 liberas,
1267 1005 1318 1059 si
1340 1009 1536 1059 tamen
1560 1021 1676 1059 non
1700 1001 2026 1059 secundum

380 1109 636 1160 carnem,
670 1093 770 1149 sed
800 1094 1125 1150 secundum
1155 1094 1429 1167 spiritum
1452 1092 1792 1161 vivimus;si
1818 1096 2023 1159 Deum,

382 1200 499 1238 non
550 1183 837 1238 mundum
886 1183 1208 1257 diligimus,
1240 1183 1287 1238 si
1322 1182 1599 1251 cmlestia,
1632 1199 1748 1238 non
1792 1185 2026 1237 terrena

382 1271 805 1339 desideramus,
840 1272 889 1327 si
921 1272 1257 1328 servitutem
1299 1272 1574 1329 vitiorum
1608 1269 1918 1343 fugientes,
1954 1267 2025 1323 li-

383 1360 667 1417 bertatem
722 1360 1008 1417 virtutum
1062 1366 1376 1418 sectamur.
1428 1358 1908 1432 Accipiemusque
1964 1357 2025 1413 in

380 1450 576 1506 futuro
607 1454 880 1507 aeternam
904 1450 1322 1519 hacreditatem,
1347 1447 1849 1523 incorruptibilem
1872 1452 1927 1504 et
1944 1447 2028 1503 iu-

382 1540 838 1595 contaminatam
869 1544 1269 1596 conservatam
1301 1540 1360 1595 in
1390 1539 1572 1608 cmlis,
1605 1542 1672 1594 ut
1701 1537 1888 1594 simus
1909 1543 2027 1594 liae-

380 1630 547 1685 redes
596 1629 825 1702 quidem
865 1630 991 1699 Dei,
1020 1630 1342 1688 cohazredes
1369 1638 1565 1685 autem
1601 1628 1812 1685 Christi
1844 1628 2023 1699 (Rom.

2135 464 2316 539 giam,
2351 464 2586 537 quando
2634 463 2904 522 Christus
2952 464 3063 521 hoc
3109 464 3268 533 facit,
3300 465 3446 538 quid
3476 465 3806 525 Christiani

2136 555 2323 609 facere
2353 554 2609 610 debeant
2640 554 2919 611 ostendit.
2955 554 3096 612 Octo
3130 554 3311 628 igitur
3337 554 3429 610 hic
3461 555 3635 613 nobis
3666 556 3808 613 imi-

2090 704 2105 713 _
2136 643 2317 699 tanda
2348 643 2983 716 proponuntur:Maris
3014 643 3425 713 transfretatio,
3452 644 3513 701 in
3536 650 3810 705 montem

2135 731 2422 799 ascensio,
2453 733 2758 790 miseratio
2804 732 3082 789 humanas
3137 732 3498 803 tentationis,
3528 735 3811 809 abjectio,

2136 821 2352 893 quibus
2368 825 2425 877 et
2444 839 2621 894 quam
2640 820 3081 896 eleemosynam
3108 823 3415 893 faciamus,
3429 828 3735 897 quomodo
3757 831 3815 885 et

2136 927 2250 983 quo
2302 910 2436 979 fine,
2485 912 2779 984 quomodo
2839 912 3218 986 eleemosyna
3272 912 3722 986 multiplicetur,
3754 920 3815 973 et

2137 1004 2362 1071 quanta
2391 998 2579 1073 gloria
2604 1000 2739 1058 inde
2769 1001 2955 1057 Deum
3004 1005 3303 1075 sequatur.
3336 1002 3556 1075 Itaque,
3590 1005 3807 1063 fratres

2138 1088 2274 1155 mei,
2308 1106 2443 1145 cum
2476 1089 2765 1146 Dominus
2795 1090 2945 1147 abiit
2991 1096 3154 1147 trans
3197 1108 3359 1149 mare
3384 1091 3662 1162 Galilzem,
3696 1112 3804 1153 nos

2138 1182 2335 1234 monet
2364 1182 2837 1252 tempestuosum
2862 1179 3044 1253 hujus
3076 1180 3283 1237 mundi
3313 1198 3473 1238 mare
3498 1182 3801 1242 desiderio

2134 1268 2408 1338 transire,
2440 1273 2498 1324 et
2554 1269 2627 1325 ad
2681 1268 2975 1326 coalestem
3030 1270 3287 1343 patriam
3344 1270 3669 1345 suspirare.
3699 1273 3801 1332 Est

2136 1356 2296 1412 enim
2322 1356 2417 1412 hic
2450 1357 2709 1414 mundus
2731 1358 2937 1431 justis,
2953 1359 3055 1431 qui
3078 1359 3337 1417 futuram
3359 1359 3537 1418 vitam
3557 1363 3801 1421 deside—

2137 1449 2287 1515 rant,
2308 1445 2606 1519 exsilium,
2635 1464 2796 1505 mare
2818 1453 3309 1522 tempestuosum,
3334 1449 3499 1507 vallis
3516 1450 3803 1526 lacrymm-

2136 1552 2284 1590 rum.
2314 1535 2475 1592 Unde
2497 1541 2554 1591 et
2576 1535 2721 1593 illud
2749 1537 3089 1595 desiderant
3107 1539 3220 1595 cito
3243 1539 3512 1607 transire,
3543 1546 3603 1598 et
3620 1541 3805 1600 aliam

2135 1622 2313 1680 vitam
2343 1625 2639 1682 advenire.
2676 1626 2813 1683 Inde
2836 1625 3169 1695 Psalmista,
3191 1630 3498 1696 Ileumini,
3529 1630 3804 1701 Domine,

380 1718 523 1791 VIII),
559 1718 838 1792 quoniam
869 1720 941 1775 ad
976 1720 1272 1775 dexteram
1305 1718 1473 1775 nobis
1515 1718 1719 1791 positis
1750 1717 1977 1773 dicetur
2008 1734 2021 1772 :
2061 1751 2110 1818 Β
2138 1714 2270 1786 quia
2294 1714 2580 1771 incolatus
2603 1732 2763 1773 meus
2786 1717 3164 1789 prolongatus
3180 1730 3269 1775 est
3289 1720 3807 1793 (Psat.cx1x).Nam

383 1809 593 1878 Venite,
631 1809 911 1866 benedicti
941 1808 1125 1865 Patris
1154 1809 1291 1875 mei,
1322 1809 1600 1879 percipite
1624 1823 1864 1878 regnum
1884 1806 2034 1878 quod

380 1899 535 1955 vobis
565 1908 841 1969 paratum
871 1907 956 1955 est
984 1900 1056 1955 ab
1105 1899 1332 1970 origine
1376 1898 1590 1954 mundi
1616 1900 1842 1967 (Matth.
1876 1895 2030 1967 xxv).

383 1989 567 2055 Quam
597 1987 977 2044 hereditatem
1008 1987 1294 2061 largiatur
1342 1986 1512 2044 nobis
1544 1990 1601 2043 et
1630 1984 1945 2060 promereri
1977 1989 2034 2041 et

382 2076 661 2150 consequi
687 2076 861 2132 Jesus
894 2076 1160 2132 Christus
1190 2076 1475 2133 Dominus
1520 2080 1737 2143 noster,
1763 2074 1863 2147 qui
1895 2089 2030 2130 cum

382 2165 550 2222 Patre
576 2169 634 2221 et
665 2164 882 2238 Spiritu
917 2168 1118 2221 sancto
1148 2164 1285 2221 vivit
1315 2169 1371 2220 et
1398 2167 1602 2237 regnat
1632 2163 2029 2220 Deus.Amen.

949 2272 1249 2328 HOMILIA
1288 2271 1455 2327 XLII.

682 2360 952 2400 DOMINICA
989 2361 1214 2407 QUARTA
1251 2359 1728 2407 QUADRAGESlMxE.

450 2434 595 2490 Abiit
608 2433 768 2490 Jesus
781 2443 945 2490 trans
957 2450 1121 2489 mare
1133 2432 1560 2505 Galitzcaz,qaod
1574 2440 1657 2487 est
1684 2431 2028 2499 Tiberiadis;

379 2532 435 2581 et
457 2524 801 2597 sequebatur
830 2539 960 2578 eam
989 2521 1298 2579 multitudo
1324 2537 1557 2593 magna,
1587 2521 1723 2594 quia
1764 2520 2028 2578 videbant

378 2614 545 2686 signa
599 2628 725 2687 quae
769 2612 1019 2684 faciebat
1050 2614 1230 2683 (Joan.
1263 2610 1362 2684 VI),
1413 2615 1469 2667 et
1526 2610 1772 2684 reliqua.
1806 2610 1867 2667 In
1916 2609 2027 2667 hac

380 2703 565 2760 sancti
588 2700 884 2776 Evangelii
923 2700 1189 2767 lectione,
1214 2718 1393 2774 quam
1425 2700 1618 2769 modo,
1652 2700 1858 2756 fratres
1888 2700 2027 2756 cha-

382 2791 624 2861 rissimi,
649 2790 1004 2858 audivimus,
1029 2791 1218 2864 primo
1240 2809 1367 2863 qua:
1388 2791 1461 2846 ad
1483 2789 2027 2857 1itteram,secuudo

381 2879 537 2953 quod
561 2878 633 2934 ad
656 2877 1063 2952 tropologiam,
1086 2877 1254 2935 tertio
1287 2879 1442 2951 quod
1467 2879 1539 2934 ad
1564 2877 1876 2952 mysticum
1899 2893 2027 2933 sen-

379 2986 510 3026 sum
532 2968 804 3042 pertinet,
820 2967 1142 3025 videamus.
1166 2967 1458 3031 Quantum
1482 2966 1663 3041 igitur
1677 2967 1747 3022 ad
1772 2964 2025 3021 litteram

380 3058 651 3132 pertinet,
675 3057 879 3114 fratres
911 3057 1046 3125 mei,
1070 3056 1353 3113 Dominus
1373 3060 1430 3113 et
1450 3057 1802 3129 Redemptor
1829 3061 2028 3112 noster

2139 1804 2621 1875 quemadmodum
2643 1804 2941 1862 desiderat
2958 1822 3164 1863 cervus
3187 1809 3264 1865 ad
3281 1810 3468 1881 fontes
3482 1826 3806 1882 aquarius,

2140 1892 2223 1948 ita
2245 1894 2538 1950 desiderat
2565 1895 2767 1951 anima
2794 1912 2927 1952 mea
2948 1898 3026 1953 ad
3046 1905 3125 1966 te,
3142 1903 3293 1957 Deus
3315 1901 3631 1973 (Psal.xu).
3654 1902 3805 1959 Nam

2138 1981 2293 2038 idem
2315 1982 2452 2039 alibi
2478 1983 2619 2041 dicit
2641 2002 2655 2040 :
2681 1985 2793 2056 Qui
2812 1988 3109 2044 seminam
3123 1988 3181 2044 in
3199 1990 3499 2062 lacrymis,
3517 1990 3580 2046 in
3594 1995 3803 2049 mul-

2140 2073 2357 2130 tatione
2385 2082 2614 2131 metent.
2632 2079 2842 2132 Euntes
2874 2076 3034 2133 ibant
3062 2086 3117 2133 et
3139 2078 3380 2151 ﬂebant,
3406 2081 3803 2140 mittente-sse-

2137 2162 2298 2218 mina
2325 2178 2452 2219 sua.
2474 2164 2770 2221 Venientes
2787 2175 2982 2223 autem
3005 2169 3229 2224 venient
3255 2185 3389 2226 cum
3406 2172 3801 2230 multa!“

2137 2261 2434 2321 portantes
2462 2254 2787 2323 manipulos
2815 2271 2948 2313 suos
2976 2258 3155 2326 (Psal.
3187 2262 3374 2328 ων).
3402 2260 3475 2315 At
3504 2261 3801 2319 mundani

2138 2340 2405 2397 homines
2425 2341 2526 2415 qui
2546 2342 2767 2400 habent
2783 2343 2878 2401 hic
2899 2344 3147 2419 patriam
3168 2362 3361 2417 suam,
3374 2352 3437 2405 et
3452 2349 3799 2408 ducunthio

2136 2429 2193 2484 in
2218 2429 2387 2486 bonis
2418 2431 2544 2487 dies
2576 2449 2735 2502 suos,
2751 2451 3056 2507 nunquam
3086 2435 3300 2493 vellent
3324 2437 3508 2495 vitam
3538 2454 3797 2512 praesen-

2134 2522 2253 2575 tem
2306 2519 2578 2578 transire.
2626 2522 2868 2592 Tamen,
2900 2523 3096 2595 velint,
3129 2525 3338 2593 nolint,
3370 2531 3707 2597 transeunt,
3738 2535 3801 2587 et

2136 2607 2207 2663 ad
2236 2612 2487 2665 mortem
2548 2610 2897 2684 rapiuntur;
2930 2613 3031 2686 qui
3089 2618 3288 2672 tamen
3346 2621 3544 2674 mente
3596 2621 3799 2677 tuns—

2134 2697 2410 2754 euntibus
2468 2699 2788 2769 adhaerent,
2828 2701 2988 2758 velut
3034 2703 3136 2776 qui
3181 2705 3410 2779 rapitur
3448 2722 3484 2761 ο.
3530 2710 3803 2767 torrente

2134 2787 2390 2844 adhaeret
2419 2788 2606 2862 spinis
2635 2794 2694 2846 et
2722 2792 2968 2864 asperis.
3001 2793 3226 2866 Itaque,
3245 2795 3475 2866 fratres,
3492 2796 3801 2855 desiderio

2135 2875 2207 2931 ad
2253 2875 2545 2933 ccelestem
2592 2878 2773 2934 vitam
2821 2884 3213 2952 transeamus,
3260 2882 3403 2941 illuc
3450 2900 3557 2957 per
3611 2900 3801 2960 opera

2135 2964 2547 3022 misericordiae
2607 2985 2970 3043 quascunque
3027 2987 3366 3044 possumus,
3419 2975 3797 3031 transmitta-

2134 3071 2288 3111 mus.
2326 3054 2447 3111 illic
2479 3056 2556 3112 sit
2586 3057 2899 3116 thesaurus
2931 3064 3129 3118 noster
3156 3066 3215 3118 et
3242 3079 3342 3120 cor
3386 3067 3684 3121 nostrum.
3718 3064 3795 3123 ιι-

379 3123 552 3205 :lesus
601 3123 865 3205 Christus
915 3123 1168 3203 ostendit
1202 3146 1261 3201 in
1309 3145 1418 3202 hac
1467 3123 1712 3202 lectione
1742 3162 1804 3201 se
1830 3162 2024 3201 veram
2055 3123 2100 3194 (ἶ
2132 3141 2227 3198 luc
2288 3144 2583 3216 proximos
2642 3152 2875 3204 nostros
2932 3149 3088 3208 bono
3144 3150 3408 3225 exemplo
3464 3157 3524 3207 et
3578 3152 3792 3210 exhor-

379 3235 832 3307 humanitatem,
858 3241 915 3292 et
943 3254 1137 3293 verum
1169 3235 1383 3291 habere
1411 3233 1791 3290 divinitatem.
1815 3234 2028 3290 Huma-

380 3326 624 3383 nitatem
657 3325 871 3399 quippe
902 3330 959 3382 et
989 3324 1261 3398 pietatem
1289 3341 1485 3380 veram
1509 3341 1570 3381 se
1592 3323 1806 3379 habere
1837 3328 2028 3379 osten-

382 3414 488 3482 dit,
523 3415 757 3489 quando
788 3412 1038 3468 infirmis
1070 3417 1127 3468 et
1155 3412 1550 3469 esurientibus
1582 3412 1935 3485 compatitur
1967 3417 2027 3469 et

381 3501 809 3560 condescendit.
836 3501 1203 3557 Divinitatem
1235 3519 1366 3558 vero
1398 3520 1459 3559 se
1475 3501 1688 3558 habere
1718 3518 1912 3557 veram
1931 3503 2026 3557 de-

383 3595 693 3660 monstrat,
744 3591 980 3665 quando
1040 3589 1307 3647 inﬁrmos
1364 3590 1487 3647 solo
1544 3596 1689 3646 nutu
1746 3594 1935 3658 sanat,
1969 3594 2027 3647 et

383 3681 616 3754 quando
631 3680 699 3735 de
723 3679 981 3753 quinque
999 3678 1247 3751 panibus
1262 3684 1319 3736 et
1333 3680 1562 3736 duobus
1575 3679 1835 3753 piscibus
1858 3680 2025 3752 quin-

380 3786 493 3843 que
520 3766 704 3825 millia
733 3767 1063 3835 hominum,
1097 3767 1348 3826 sublatis
1381 3769 1556 3826 etiam
1587 3768 1893 3826 duodecim
1927 3786 2023 3825 co-

378 3855 576 3930 phinis
608 3856 1085 3931 frsgmentorum,
1120 3863 1366 3915 saturat.
1387 3858 1609 3926 Nonne,
1646 3858 1853 3914 fratres
1883 3857 2020 3927 mei,

378 3946 426 4004 si
449 3947 519 4001 de
541 3944 799 4020 quinque
828 3946 1080 4020 panibus
1111 3947 1370 4020 quinque
1403 3946 1585 4003 millia
1615 3946 1922 4002 hominum
1940 3946 2025 4003 ni-

378 4034 496 4091 hilo
527 4039 863 4091 remanente
894 4035 1184 4104 satiasset,
1203 4052 1484 4109 magnum
1505 4040 1562 4092 et
1583 4035 1845 4091 divinum
1869 4039 2024 4091 esset

376 4122 775 4180 miraculum?
806 4124 973 4180 Nunc
1020 4141 1154 4181 vero
1202 4142 1380 4198 quam
1430 4123 1759 4180 mirabilius
1806 4129 1862 4180 et
1911 4126 2022 4182 Deo

374 4213 612 4289 dignius
641 4212 991 4269 miraculum
1025 4217 1431 4287 apparet,cum
1454 4217 1510 4269 et
1539 4214 1610 4269 de
1640 4211 1898 4286 quinque
1915 4231 2023 4287 pa-

375 4302 549 4358 nibus
570 4301 827 4375 quinque
848 4301 1347 4358 milliahominum
1371 4301 2025 4375 saticntur,etprteterea

373 4390 617 4465 dccuplo
650 4391 783 4465 plus
809 4390 1139 4448 sustollitur
1158 4411 1335 4465 quam
1358 4391 1693 4466 appositum
1716 4396 1823 4447 est.
1841 4392 2018 4459 Quasi

2134 3231 2372 3298 tatione,
2402 3234 2708 3304 promissis
2748 3240 2805 3292 et
2846 3255 3066 3306 amore,
3096 3239 3404 3297 nobiscum
3452 3240 3791 3311 trahemus,

2134 3324 2199 3376 ut
2229 3323 2728 3394 quemadmodum
2771 3324 3108 3396 Dominum,
3142 3330 3224 3385 ita
3252 3334 3309 3386 et
3348 3346 3459 3387 nos
3503 3336 3795 3403 sequatur

2134 3410 2448 3469 multitudo
2481 3430 2716 3487 magna.
2751 3415 2916 3480 Quod
2947 3416 3167 3490 ubique
3196 3419 3315 3487 fiet,
3329 3419 3379 3475 si
3409 3418 3795 3479 viderintnoa

2133 3499 2319 3555 facere
2351 3500 2519 3573 signa
2541 3519 2718 3575 super
2738 3503 2831 3561 his
2853 3505 2952 3579 qui
2982 3505 3377 3564 inflrmantur.
3408 3511 3590 3566 Porro
3610 3527 3793 3584 super

2132 3587 2367 3644 infirma
2396 3591 2566 3664 signa
2598 3592 2870 3664 facimus,
2901 3594 2952 3650 si
2982 3594 3069 3652 vel
3099 3596 3365 3654 inﬁrmos
3408 3612 3657 3672 corpore
3700 3600 3793 3658 be-

2132 3677 2356 3735 neﬁciis
2386 3679 2713 3751 visitamus,
2729 3682 2816 3739 vel
2840 3683 3105 3743 infirmos
3136 3690 3330 3743 mente
3359 3687 3791 3756 confer-tamus,

2129 3765 2219 3823 vel
2249 3766 2517 3826 inﬁrmos
2547 3777 2785 3843 peccato
2831 3773 3202 3847 corripimus,
3236 3774 3323 3832 vel
3354 3775 3611 3835 furiosos
3634 3777 3791 3836 odiis

2130 3855 2218 3912 vel
2248 3856 2482 3929 injuriis
2513 3866 2720 3917 contra
2751 3879 2858 3919 nos
2888 3862 3178 3935 patienter
3206 3864 3594 3933 sustinemus,
3615 3866 3709 3925 vel
3738 3867 3791 3925 si

2131 3961 2334 4002 omnes
2363 3946 2543 4019 hujus
2582 3951 2789 4006 mundi
2836 3951 3103 4009 inﬁrmos
3148 3952 3517 4013 orationibus
3566 3957 3793 4014 nostris

2131 4035 2286 4108 apud
2308 4035 2491 4092 Deum
2513 4054 2811 4096 curamus.
2827 4040 2971 4096 Cum
2993 4058 3126 4099 vero
3148 4042 3505 4103 Dominusin
3518 4051 3793 4104 montem

2130 4125 2417 4193 ascendit,
2439 4131 2497 4182 et
2518 4126 2597 4183 ibi
2620 4130 2783 4185 sedet
2806 4146 2940 4186 cum
2968 4129 3272 4203 discipulis
3294 4132 3441 4202 suis,
3462 4140 3667 4192 monet
3680 4152 3793 4193 nos

2130 4216 2195 4268 ut
2219 4213 2289 4270 de
2306 4214 2518 4271 virtute
2546 4215 2603 4271 in
2636 4218 2915 4275 virtutem
2944 4236 3133 4294 usque
3163 4221 3234 4277 ad
3265 4221 3643 4281 altitudinem
3665 4224 3789 4282 vir-

2128 4300 2272 4358 tutis
2310 4309 2368 4358 et
2413 4304 2925 4379 contemplationis
2972 4311 3385 4368 ascendamus.
3420 4312 3489 4369 Et
3516 4312 3602 4369 ibi
3632 4313 3791 4371 inter

2129 4390 2427 4448 miseriam
2461 4392 2640 4466 hujus
2672 4396 2877 4452 mundi
2903 4398 3231 4457 sessionem
3259 4404 3318 4456 et
3348 4402 3616 4473 requiem
3644 4419 3791 4460 cum

374 4498 489 4537 non
522 4479 676 4536 idem
709 4479 1059 4537 miraculum
1091 4480 1373 4537 Dominus
1400 4480 1658 4552 quotidie
1690 4479 1884 4548 faciat,
1917 4481 2012 4554 qui
2044 4495 2099 4564 Β
2130 4480 2369 4537 Domino
2399 4486 2458 4539 et
2490 4484 2708 4541 sanctis
2738 4486 2888 4557 ejus,
2922 4493 3217 4561 quantum
3244 4506 3571 4562 possumus
3600 4491 3787 4550 habe-

371 4587 559 4645 pauca
608 4569 850 4626 seminis
896 4586 1080 4644 grana
1107 4568 1165 4626 in
1200 4575 1411 4626 terram
1450 4571 1609 4641 jacta
1637 4567 2011 4641 centuplicat.

372 4660 483 4718 Sed
526 4656 724 4714 nullus
773 4659 1020 4715 miratur
1067 4660 1221 4733 quod
1271 4659 1530 4731 quotidie
1578 4659 1772 4725 videt;
1806 4658 2016 4715 raritas

368 4767 503 4807 vero
531 4747 611 4803 rei
645 4748 925 4821 majorem
958 4752 1195 4821 praestat
1236 4748 1704 4804 admirationem.
1731 4747 2013 4803 Caeterum

369 4838 524 4912 quod
556 4836 649 4892 hic
680 4836 893 4912 legitur
923 4837 1207 4893 Dominus
1238 4835 1573 4910 Philippum
1601 4840 1875 4901 tentasse,
1898 4854 2012 4893 non

368 4931 457 4984 est
487 4926 845 4982 contrarium
880 4926 927 4982 ei
962 4926 1116 4999 quod
1149 4926 1413 4983 aJacobo
1453 4925 1701 4981 dicitur:
1730 4928 1880 4980 Deus
1909 4942 2013 4981 ne—

365 5016 581 5072 minem
611 5023 792 5072 tanta!
816 5016 951 5088 (Jac.
970 5019 1030 5086 1).
1050 5014 1380 5089 Tripliciter
1406 5013 1620 5088 quippe
1650 5013 1892 5069 tentatio
1928 5015 2009 5071 lit.

365 5102 549 5159 Aliter
604 5103 761 5158 enim
817 5104 971 5161 Deus
1028 5108 1231 5175 tcntat,
1283 5103 1451 5161 aliter
1506 5101 1795 5171 diabolus,
1846 5101 2014 5159 aliter

366 5191 563 5248 homo.
592 5190 747 5247 Deus
777 5192 993 5266 quippe
1036 5198 1242 5262 tentat,
1277 5198 1341 5250 ut
1373 5194 1593 5267 probet,
1629 5193 2010 5265 quemadmo-

366 5282 506 5337 dum
530 5279 767 5335 tentavit
788 5281 1099 5347 Abraham,
1126 5287 1189 5337 ut
1207 5284 1335 5356 ejus
1360 5283 1531 5338 [idem
1554 5282 1823 5354 probaret
1853 5281 2021 5351 (Gem

363 5371 531 5438 xxu);
558 5373 614 5426 et
633 5368 727 5424 hic
750 5369 1108 5444 Philippum,
1126 5376 1190 5427 ut
1211 5375 1338 5445 ejus
1355 5372 1753 5427 infirmitatem
1776 5370 2011 5427 demon-

365 5462 596 5516 straret.
634 5457 907 5516 Diabolus
935 5477 1067 5516 vero
1108 5466 1310 5531 tentat,
1342 5467 1405 5518 ut
1436 5459 1690 5534 decipiat
1718 5477 1730 5515 :
1767 5477 1880 5533 quo
1911 5478 2008 5534 ge-

365 5563 501 5603 nere
530 5547 869 5604 temtationis
901 5549 1054 5605 Deus
1087 5551 1378 5607 neminem
1422 5553 1627 5607 tentat.
1663 5549 1846 5605 Homo
1876 5566 2007 5606 vero

2125 4585 2286 4639 mus;
2302 4569 2518 4628 talibus
2541 4573 2759 4647 quippe
2772 4576 3102 4648 proximum
3118 4583 3210 4635 est
3218 4578 3440 4651 pascha
3453 4579 3583 4638 dies
3594 4582 3785 4641 festus

2121 4657 2480 4716 Judaeorum.
2496 4662 2781 4727 Quoniam
2804 4664 2951 4722 tales
2975 4666 3077 4738 qui
3092 4682 3197 4738 per
3224 4667 3781 4741 contemplationem

2122 4762 2257 4803 cum
2285 4748 2531 4807 Domino
2560 4756 2617 4808 et
2654 4752 2874 4810 sanctis
2921 4754 3052 4824 ejus
3113 4755 3508 4828 requiescunt,
3554 4775 3781 4828 amore,

2122 4852 2245 4910 spe,
2269 4842 2327 4893 et
2352 4839 2558 4896 merito
2572 4841 2700 4913 jam
2721 4842 2973 4914 proximi
3006 4849 3148 4902 sunt
3177 4845 3273 4902 die
3303 4846 3450 4903 festo
3479 4863 3613 4905 vero
3641 4864 3781 4906 eone

2121 4925 2413 4984 ﬁtentium
2449 4929 2815 5004 angelorum.
2848 4932 2991 4989 Cum
3023 4938 3219 4991 autem
3253 4935 3535 4995 Dominus
3567 4939 3787 4996 sedens

2119 5013 2180 5070 in
2212 5021 2428 5084 monte,
2460 5018 2839 5078 inferioribus
2898 5022 3091 5079 turbis
3143 5024 3543 5083 esurientibus
3570 5028 3783 5085 condo-

2121 5104 2348 5161 scendit
2375 5110 2431 5161 et
2462 5107 2792 5180 miseretur,
2824 5110 3066 5169 instruit
3092 5129 3221 5178 nos,
3254 5117 3323 5168 ut
3368 5112 3451 5170 ita
3496 5131 3604 5187 per
3639 5132 3785 5173 con-

2120 5193 2559 5267 templationem
2575 5197 2633 5255 in
2647 5200 2985 5258 ccelestibus
3001 5200 3400 5274 quiescamus,
3414 5205 3579 5276 quod
3588 5206 3787 5263 turbis

2118 5279 2493 5344 inferioribus
2533 5304 2636 5360 per
2684 5288 3154 5362 compassionem
3204 5292 3783 5365 condescendamns,

2111 5370 2283 5443 juxta
2311 5375 2465 5447 quod
2498 5374 2623 5449 ipse
2649 5378 2937 5435 Dominus
2958 5378 3129 5436 dicit:
3159 5384 3356 5439 Estote
3371 5382 3787 5443 misericordes

2115 5459 2263 5516 sicut
2285 5471 2339 5518 et
2360 5470 2539 5521 Pater
2558 5475 2744 5523 vester
2771 5469 3010 5526 caelestis
3039 5471 3376 5529 misericors
3397 5480 3483 5528 est
3512 5473 3780 5547 (Luem).

2119 5548 2467 5622 lnduamus,
2492 5554 2719 5627 fratres,
2736 5555 3148 5617 misericordiae
3174 5558 3399 5619 viscera
3419 5565 3485 5619 et
3511 5570 3785 5639 compas-
