3982 6082
260 307 414 369 1825

915 305 1266 368 HOMILUE
1307 305 1388 365 IN
1436 303 1683 364 EPIST.
1729 301 1831 362 ET
1875 299 2164 360 EVANG.
2213 301 2561 362 DOMINIC.
2595 335 2673 347 --
2702 302 2905 365 PARS
2951 303 3000 363 Ι.

3501 300 3658 366 1826

257 442 403 499 Cum
434 443 628 497 autem
660 441 746 496 eis
773 439 1056 496 veraciter
1101 438 1452 512 respondere
1499 439 1696 509 posset
1726 451 1738 491 :
1773 434 1896 490 Non
1928 435 1984 503 Α
2013 437 2246 502 interna,
2279 433 2388 506 ipsi
2419 435 2818 507 depravantes,
2853 437 2924 492 de
2955 439 3139 492 morte
3169 435 3453 510 corporali
3484 438 3661 494 inter»

256 549 384 606 ego,
409 532 511 588 sed
539 547 641 586 vos
672 529 900 586 habetis
945 529 1321 594 demonium,
1353 525 1560 594 noluit,
1592 543 1665 582 ne
1694 527 1898 580 contu-

257 620 492 676 meliam
531 636 634 692 pro
672 617 1026 675 contumelia
1055 617 1294 674 reddere
1321 615 1631 672 videretur.
1667 614 1730 669 In
1760 630 1897 685 quo,

257 709 466 765 fratres
512 707 648 780 mei,
679 707 939 780 exemplo
971 724 1076 764 suo
1107 724 1214 762 nos
1259 705 1476 774 docuit,
1506 721 1578 760 ne
1609 701 1902 776 provocati

256 799 329 854 ab
353 796 548 870 aliquo
571 797 1014 866 contumelioso,
1037 799 1178 852 tunc
1207 795 1258 851 ei
1279 794 1483 850 vitium
1507 809 1681 849 suum
1703 808 1902 865 expro-

259 888 522 944 bremus.
541 885 826 952 Quoniam
850 885 946 958 qui
970 885 1068 940 alii
1089 885 1162 941 ob
1184 883 1330 939 iram
1363 887 1419 938 et
1445 881 1760 938 vindictam
1791 879 1902 936 cri-

261 993 398 1033 men
428 993 602 1033 suum
646 975 866 1046 objicit,
888 974 995 1031 etsi
1027 974 1104 1029 sit
1130 990 1355 1040 verum,
1382 976 1579 1028 tamen
1610 969 1754 1026 illud
1787 986 1903 1026 non

261 1082 414 1138 vere,
443 1065 501 1120 id
529 1069 620 1121 est
649 1063 902 1137 simplici
948 1061 1269 1118 intentione
1297 1061 1459 1124 dicit,
1491 1064 1547 1116 et
1574 1059 1703 1116 ideo
1734 1076 1905 1115 verus

263 1172 380 1212 non
412 1157 601 1228 potest
647 1152 784 1220 dici,
809 1154 909 1210 sed
943 1153 1139 1226 potius
1171 1149 1374 1207 falsus.
1408 1149 1516 1217 Qui
1559 1154 1753 1205 autem
1783 1147 1909 1204 vult

264 1243 441 1300 alium
469 1244 540 1300 de
564 1241 703 1298 vitio
733 1260 839 1299 suo
870 1241 1179 1315 corrigere,
1192 1257 1457 1297 seorsum
1488 1242 1543 1294 et
1588 1239 1740 1295 bono
1785 1237 1906 1293 zelo

263 1351 396 1390 eum
415 1333 587 1388 debet
606 1332 970 1405 redarguere.
987 1333 1161 1388 Porro
1182 1329 1382 1386 Uomin
1393 1347 1461 1385 us
1479 1347 1540 1385 se
1558 1345 1672 1383 non
1693 1327 1908 1382 habere

265 1422 619 1479 daemonium
651 1421 859 1493 probat
878 1437 946 1477 ex
974 1437 1040 1477 eo
1069 1420 1224 1493 quod
1246 1418 1466 1486 subdit,
1492 1418 1585 1474 sed
1612 1417 1907 1486 honori/ica

265 1513 483 1567 Patrem
510 1527 711 1578 meum,
732 1510 784 1567 ei
811 1509 1096 1583 quidquid
1121 1508 1266 1565 facio
1291 1507 1681 1573 attribuendo,
1705 1510 1763 1562 et
1781 1507 1910 1578 ejus

267 1600 511 1674 gloriam
541 1599 602 1654 in
632 1599 906 1655 omnibus
927 1599 1258 1670 quaerendo.
1285 1595 1508 1653 Diaboli
1536 1612 1668 1652 vero
1697 1599 1754 1650 et
1783 1612 1913 1651 suo-

269 1706 400 1744 rum
431 1688 830 1744 membrorum
861 1693 951 1742 est
981 1703 1212 1759 semper
1239 1703 1430 1752 suam,
1452 1689 1508 1742 et
1536 1701 1651 1741 non
1675 1684 1770 1740 Dei
1794 1682 1913 1756 glo-

270 1777 416 1834 riam
440 1781 778 1850 qumrere,et
793 1775 903 1832 sibi
921 1775 1179 1831 divinam
1197 1774 1601 1831 auctoritatem
1621 1790 1908 1846 arrogare.

271 1867 376 1934 Qui
403 1884 540 1939 ergo
575 1865 668 1923 Dei
696 1866 942 1939 gloriam
968 1865 1024 1920 in
1047 1865 1321 1922 omnibus
1343 1864 1567 1938 quazrit,
1593 1881 1654 1920 se
1679 1880 1794 1918 non
1817 1862 1916 1918 ha-

272 1957 406 2012 bere
428 1955 803 2019 daemonium,
829 1971 933 2011 nec
962 1955 1090 2026 ejus
1120 1971 1248 2010 esse
1279 1954 1607 2009 membrum
1638 1951 1911 2008 ostendit.

271 2049 336 2103 Et
362 2063 474 2114 vos,
497 2045 708 2118 inquit,
734 2045 1098 2102 inhonm'astis
1126 2061 1230 2112 me,
1254 2043 1312 2098 in
1347 2061 1460 2116 quo
1490 2041 1795 2099 ostenditis
1816 2058 1916 2097 vos

273 2134 468 2210 potius
519 2134 872 2190 daemonium
921 2133 1152 2189 habere.
1185 2136 1295 2202 Ego
1341 2141 1524 2189 autem
1567 2149 1678 2187 non
1727 2146 1915 2202 quaero

273 2227 508 2296 gloriam
535 2240 743 2291 meam,-
772 2231 851 2280 est
878 2225 978 2295 qui
999 2231 1214 2294 quaerat
1234 2230 1286 2278 et
1299 2223 1526 2295 judicet,
1547 2221 1604 2276 id
1636 2226 1720 2277 est
1755 2221 1918 2291 adju-

274 2315 446 2370 dieet.
469 2314 706 2369 Justum
754 2312 910 2368 enim
942 2311 1041 2367 Dei
1072 2311 1362 2384 judicium
1394 2313 1501 2379 est,
1537 2315 1601 2366 ut
1652 2309 1750 2382 qui
1801 2326 1915 2364 non

276 2421 466 2472 suam,
492 2404 591 2459 sed
619 2402 712 2458 Dei
736 2400 981 2475 gloriam
1004 2401 1230 2474 quierit,
1247 2419 1280 2457 a
1305 2401 1418 2457 Deo
1447 2399 1822 2473 gloriﬁeetur.
1849 2399 1920 2452 Et

277 2491 620 2557 econtrario,
644 2489 743 2564 qui
773 2507 940 2546 suam
973 2507 1087 2546 non
1121 2490 1218 2545 Dei
1258 2489 1502 2562 gloriam
1535 2487 1766 2560 quaerit,
1784 2490 1918 2542 ante

278 2586 460 2638 Deum
491 2579 778 2654 inglorius
807 2596 1039 2652 semper
1067 2579 1164 2635 sit.
1196 2579 1300 2636 llic
1352 2577 1670 2644 discamus,
1713 2577 1920 2631 fratres

278 2671 415 2736 mei,
438 2686 671 2742 semper
703 2669 822 2734 Dei,
845 2685 961 2724 non
994 2673 1254 2724 nostram
1288 2667 1534 2741 gloriam
1565 2667 1623 2721 in
1647 2665 1921 2722 omnibus

278 2763 616 2833 quaerere,et
633 2764 785 2814 Deus
805 2761 1022 2831 quaeret
1035 2761 1092 2813 et
1106 2757 1175 2812 ad
1177 2759 1199 2828 j
1210 2757 1468 2812 udicabit
1485 2755 1652 2811 nobis
1673 2754 1919 2827 gloriam

279 2867 448 2906 suam
471 2847 909 2920 sempiternam.
925 2847 1048 2902 Non
1071 2845 1261 2902 solum
1285 2850 1479 2901 autem
1504 2844 1784 2900 Dominus
1807 2860 1922 2898 non

281 2939 468 2996 reddit
487 2935 926 2994 contumeliosis
957 2935 1391 3005 contumeliam,
1417 2935 1517 2990 sed
1549 2933 1725 2989 etiam
1756 2931 1924 2988 offert

281 3029 364 3084 eis
395 3026 744 3093 doctrinam,
778 3042 884 3082 nos
915 3024 1210 3080 instruens
1255 3028 1320 3079 ut
1361 3024 1432 3080 ob
1465 3021 1687 3078 nullam
1719 3026 1921 3077 contu-

281 3117 539 3185 meliam,
572 3134 606 3172 a
635 3114 1058 3188 tranquillitate
1089 3114 1304 3170 mentis
1327 3116 1536 3169 nostra:
1566 3128 1925 3167 commovea-

2005 523 2215 594 pretati
2266 527 2422 579 sunt.
2455 524 2733 598 Nunquid,
2774 525 3072 599 inquiunt,
3104 533 3182 594 tu,
3217 527 3388 598 cujus
3439 527 3662 584 scilicet

2009 628 2201 668 sermo
2223 613 2360 668 facit
2380 613 2649 672 homines
2680 615 3060 683 immortales,
3081 617 3261 688 major
3285 633 3340 672 es
3367 618 3534 672 Patre
3563 632 3664 672 nov

2008 709 2118 756 stro
2155 701 2448 768 Abraham,
2471 705 2571 774 qui
2622 711 2868 760 mortuus
2898 712 2994 772 est,
3049 706 3326 777 prophetis
3373 707 3472 778 qui
3513 721 3663 762 mor-

2011 791 2094 845 tui
2120 790 2293 846 sunt?
2341 791 2648 862 subaudis,
2682 809 2932 864 quorum
2985 810 3198 861 sermo,
3238 811 3342 850 nec
3395 811 3512 862 eos,
3557 811 3663 850 nec

2011 878 2156 935 alios
2180 879 2315 936 facit
2335 880 2719 938 immortales.
2742 884 2820 938 Ac
2843 883 2892 938 si
2919 882 3180 939 dicerent
3205 901 3216 939 :
3241 885 3386 940 Non.
3414 885 3662 953 Invidia,

2012 967 2220 1024 fratres
2241 968 2378 1036 mei,
2397 971 2719 1026 excaecabat
2737 972 3124 1045 Judeeos,quze
3147 989 3377 1046 semper
3391 973 3660 1030 homines

2013 1061 2278 1125 exerceat,
2313 1073 2385 1113 ne
2417 1062 2638 1114 rectum
2689 1061 2915 1133 possint
2963 1061 3034 1117 de
3084 1078 3352 1134 persona,
3380 1062 3471 1117 cui
3514 1062 3663 1117 invi-

2015 1145 2174 1214 dent,
2207 1146 2352 1202 ferre
2389 1147 2704 1218 judicium.
2741 1150 3016 1216 Quamvis
3067 1150 3222 1208 enim
3273 1151 3578 1208 audierant
3607 1156 3665 1208 et

2013 1233 2278 1290 viderant
2303 1235 2610 1293 Dominum
2641 1237 2925 1295 miracula
2946 1240 3313 1314 fecisse,qua
3345 1259 3460 1298 non
3492 1242 3664 1298 Abra-

2015 1323 2174 1390 ham,
2197 1341 2303 1381 nec
2333 1325 2546 1398 aliquis
2578 1328 2995 1400 prophetarum
3027 1330 3243 1398 fecerit,
3270 1336 3334 1386 ut
3355 1347 3504 1387 caeco
3527 1336 3662 1389 nato

2017 1411 2215 1468 oculos
2241 1430 2502 1470 creasse:
2526 1421 2820 1473 mortuum
2840 1419 3297 1490 quatriduanum
3320 1421 3658 1479 suscitasse:

2017 1502 2204 1559 ventis
2223 1507 2281 1558 et
2303 1503 2450 1559 mari
2473 1503 2814 1577 imperasse,
2829 1512 2886 1563 et
2907 1525 3084 1580 super
3099 1509 3288 1566 undas
3310 1509 3668 1568 ambulasse:

2019 1594 2216 1647 tamen
2247 1591 2298 1647 ei
2329 1592 2619 1650 Abraham
2659 1599 2715 1650 et
2753 1596 3068 1669 prophetas
3100 1600 3516 1672 praaponebant
3546 1617 3558 1656 :
3595 1601 3670 1656 ob

2020 1679 2167 1735 nihil
2210 1679 2390 1748 aliud,
2424 1681 2537 1737 nisi
2569 1683 2710 1755 quia
2739 1684 2790 1740 ei
2823 1685 3182 1754 invidebant,
3207 1688 3334 1744 ideo
3366 1689 3505 1762 quia
3534 1706 3668 1747 eum

2022 1775 2349 1841 parvum,et
2369 1772 2438 1826 de
2459 1773 2812 1844 paupercula
2832 1779 3016 1832 matre
3038 1782 3328 1846 natum,et
3348 1796 3450 1852 per
3468 1784 3672 1838 aetates

2022 1875 2156 1913 eum
2188 1859 2507 1916 excrevisse
2534 1861 2818 1919 viderant.
2845 1866 3102 1930 Quorum
3143 1866 3314 1923 hodie
3344 1873 3483 1924 sunt
3513 1869 3675 1926 simi-

2022 1946 2128 2013 les,
2153 1948 2250 2020 qui
2285 1965 2622 2022 cozequevos
2666 1956 2721 2007 et
2770 1957 3292 2026 contemporaneos
3323 1975 3460 2014 suos
3493 1976 3673 2032 quan-

2022 2041 2406 2110 tumcumque
2434 2039 2619 2096 honos
2651 2041 3000 2114 despiciunt,
3025 2050 3082 2100 et
3113 2062 3210 2102 eos
3242 2046 3674 2120 antiquioribus

2025 2143 2140 2181 non
2171 2144 2342 2200 posse
2373 2129 2589 2200 aequari
2615 2133 2993 2202 contendunt,
3019 2151 3153 2190 cum
3178 2151 3449 2194 summus
3472 2143 3675 2194 auctor

2025 2215 2083 2270 in
2107 2217 2266 2272 omni
2293 2220 2550 2290 tempore
2571 2237 2738 2292 aequa
2758 2220 2910 2277 bona
2930 2224 3118 2294 possit
3137 2226 3386 2297 cperari.
3414 2227 3581 2295 Quem
3601 2237 3670 2298 te,

2025 2305 2512 2378 inquiunt,/acis?
2535 2307 2635 2363 Ille
2658 2325 2720 2364 se
2740 2308 2936 2382 ipsum
2959 2329 3238 2384 magnum
3268 2313 3428 2382 facit,
3447 2317 3547 2388 qui
3568 2316 3677 2373 vir-

2026 2398 2213 2450 tutem
2246 2413 2422 2468 quam
2457 2414 2571 2452 non
2621 2397 2814 2468 habet,
2848 2399 2959 2457 sibi
3006 2401 3152 2458 falso
3202 2403 3490 2475 attribuit,
3524 2407 3678 2463 sicut

2028 2484 2249 2540 faciunt
2277 2485 2608 2565 hypocrita}.

2100 2578 2408 2646 Propterea
2433 2577 2687 2632 ostendit
2720 2579 3000 2636 Dominus
3031 2597 3093 2636 se
3116 2599 3230 2638 non
3259 2588 3443 2639 semet
3463 2583 3678 2657 gloriﬁ-

2029 2679 2179 2730 care,
2204 2668 2262 2718 et
2291 2669 2484 2719 tamen
2517 2681 2578 2720 se
2600 2684 2795 2722 veram
2824 2668 3306 2741 gloriﬁcationem
3329 2691 3362 2728 a
3383 2677 3552 2730 Patre
3582 2675 3679 2732 ha-

2030 2752 2183 2808 bere.
2226 2769 2359 2807 cum
2421 2755 2735 2826 respondet
2768 2774 2780 2811 :
2816 2757 2877 2812 Si
2905 2775 3019 2829 ego,
3055 2759 3266 2832 inquit,
3297 2763 3541 2835 glori/ica
3589 2782 3681 2821 me

2031 2842 2231 2912 ipsum,
2263 2841 2449 2910 gloria
2493 2860 2615 2899 mea
2653 2846 2798 2900 nihil
2826 2857 2926 2902 est.
2960 2849 3052 2903 Est
3080 2854 3245 2905 Pater
3271 2853 3370 2922 qui
3410 2854 3683 2925 gloriﬁcat

2030 2947 2135 2999 me,
2168 2935 2276 2986 etc.
2331 2931 2599 3004 Seipsum
2650 2933 2954 3006 gloriﬁcat,
2997 2937 3204 2993 fratres
3252 2941 3515 3013 mei,qui
3563 2943 3683 3016 glo-

2033 3019 2179 3074 riam
2210 3037 2377 3075 suam
2411 3022 2619 3093 quaerit
2670 3040 2786 3079 non
2821 3025 2915 3080 Dei
2943 3043 2956 3080 :
2983 3027 3152 3096 cujus
3195 3029 3448 3100 profecto
3497 3031 3682 3104 gloria

2031 3107 2176 3164 nihil
2209 3115 2315 3164 est.
2342 3109 2610 3166 Christus
2643 3117 2840 3168 autem
2875 3114 3136 3187 Seipsum
3172 3134 3286 3172 non
3317 3117 3678 3190 glorificavit,

281 3225 434 3274 mur,
467 3206 567 3263 sed
601 3204 944 3260 charitatem
976 3208 1032 3259 et
1073 3202 1587 3258 mansuetudinem
1627 3204 1926 3256 servantes
1954 3192 1998 3255 C
2039 3197 2138 3270 qui
2170 3215 2284 3254 non
2316 3216 2505 3270 suam,
2535 3202 2636 3256 sed
2665 3201 2850 3258 Patris
2878 3203 3125 3276 gloriam
3156 3205 3214 3261 in
3239 3207 3512 3264 omnibus
3532 3227 3683 3282 quae-

281 3296 714 3360 inconcussam,
738 3293 912 3349 etiam
945 3292 1113 3348 nobis
1135 3290 1518 3347 contumelias
1543 3288 1927 3346 inferentibus

285 3383 700 3442 correctionem
731 3387 790 3439 et
827 3381 1153 3438 doctrinam
1184 3381 1498 3437 offeramus
1531 3396 1542 3434 :
1576 3379 1670 3434 Ait
1697 3377 1877 3451 igitur
1907 3394 1920 3432 ε

281 3475 469 3542 Amen,
499 3490 659 3529 amen
685 3472 806 3529 dico
845 3472 1014 3536 vobis,
1035 3473 1086 3527 si
1114 3473 1236 3543 quis
1261 3486 1562 3526 sermonem
1601 3485 1784 3524 meum
1809 3483 1925 3523 ser-

279 3565 505 3632 vaverit,
529 3570 755 3619 mortem
774 3577 884 3618 non
906 3560 1110 3616 videbit
1139 3562 1199 3615 in
1229 3567 1511 3616 a’ternum.
1527 3559 1634 3613 Sed
1659 3557 1812 3613 sicut
1832 3557 1927 3612 ho-

282 3653 340 3709 ni
373 3653 444 3708 de
471 3656 707 3725 accepta
745 3648 1102 3706 contumelia
1131 3650 1280 3704 fiunt
1308 3648 1598 3716 meliores,
1632 3648 1712 3702 ita
1753 3663 1924 3702 econ-

279 3742 458 3797 trario
490 3739 627 3795 mali
659 3740 732 3795 de
760 3743 999 3810 accepta
1022 3736 1286 3793 doctrina
1317 3737 1465 3791 fiunt
1495 3736 1740 3808 pejores.
1764 3733 1926 3789 Unde

277 3836 334 3888 et
361 3829 637 3886 subditur
669 3846 681 3883 :
717 3827 1124 3899 Responderunt
1162 3843 1286 3896 ergo
1313 3827 1368 3881 ei
1403 3825 1580 3882 Iudici
1606 3844 1624 3879 :
1652 3825 1807 3880 Nunc
1834 3840 1926 3880 co-

276 3922 562 3990 gnovimus
582 3921 714 3991 quia
732 3917 1069 3974 daemonium
1095 3915 1276 3971 habes.
1303 3917 1404 3969 Est
1428 3919 1623 3970 autem
1647 3913 1769 3968 haec
1789 3930 1926 3986 pars

276 4009 469 4074 tertia,
501 4008 562 4062 in
594 4024 712 4080 qua
741 4005 928 4061 Judaei
966 4004 1265 4072 malitiosi,
1301 4003 1453 4058 bona
1497 4001 1722 4058 Domini
1753 4003 1928 4058 verba

279 4095 515 4152 sinistro
545 4096 864 4167 depravant
892 4091 1210 4160 intellectu,
1242 4107 1378 4147 cum
1409 4091 1671 4146 subdunt
1700 4107 1712 4146 :
1746 4092 1924 4146 Abra-

277 4187 408 4240 ham
435 4191 488 4240 et
509 4185 789 4256 prophetz
829 4183 1040 4238 mortui
1059 4189 1208 4249 sunt,
1249 4189 1302 4236 et
1355 4187 1413 4236 tu
1469 4180 1657 4235 dicis:
1689 4180 1832 4248 Quia
1877 4182 1928 4236 si

279 4275 401 4346 quis
426 4289 729 4329 sermonem
754 4288 933 4328 meum
974 4271 1290 4334 servaverit,
1323 4276 1548 4325 mortem
1587 4284 1696 4325 non
1722 4269 1927 4324 videbit

281 4365 344 4418 in
369 4371 639 4420 aeternum
671 4361 784 4429 Sic,
816 4361 1024 4416 fratres
1069 4358 1204 4428 mei,
1230 4358 1313 4415 sic
1343 4362 1771 4414 consueverunt
1803 4375 1927 4413 ma-

281 4451 456 4508 litiosi
483 4453 784 4524 justorum
814 4449 970 4506 dicta
1014 4449 1350 4522 depravare,
1383 4452 1440 4504 et
1490 4447 1646 4520 quod
1680 4449 1824 4504 bene
1872 4451 1930 4504 et

281 4541 438 4597 bona
466 4539 786 4629 intentione
815 4539 1038 4629 dictum
1084 4542 1192 4605 est,
1215 4538 1274 4592 in
1309 4536 1654 4629 deteriorem
1701 4540 1926 4609 partem
1957 4564 2004 4629 Β

283 4629 674 4703 interpretari,
695 4627 784 4686 vel
825 4627 976 4685 male
1005 4629 1364 4700 exponendo,
1387 4627 1473 4683 vel
1505 4629 1771 4700 quedam
1802 4644 1926 4683 ver-

281 4720 357 4776 ba
389 4719 689 4775 mutando.
724 4717 869 4774 Cum
909 4717 1066 4773 enim
1115 4717 1394 4774 Dominus
1423 4715 1682 4773 dixisset.
1716 4717 1780 4772 Si
1807 4718 1928 4789 quis

282 4821 778 4865 semwnemmeum
791 4809 1107 4875 servaverit,
1118 4815 1350 4863 mortem
1361 4823 1474 4863 non
1487 4806 1689 4862 videbit
1707 4808 1766 4862 in
1779 4815 1938 4864 aeter-

282 4915 439 4966 num,
465 4899 537 4953 de
567 4902 754 4954 morte
785 4895 1075 4970 spirituali
1113 4896 1200 4952 vel
1243 4900 1458 4952 interna
1489 4895 1598 4952 hoc
1627 4895 1930 4952 intellexit.

286 4986 438 5043 Sunt
467 4986 623 5042 enim
668 4991 789 5042 tres
839 4986 1062 5059 species
1118 4985 1344 5052 mortis,
1378 5002 1536 5042 mors
1593 4984 1930 5058 corporalis,

287 5093 414 5150 quze
446 5076 513 5131 ﬁt
543 5093 646 5148 per
674 5074 1104 5149 separationem
1150 5074 1358 5130 animae
1389 5077 1446 5131 et
1473 5075 1751 5144 corporis,
1776 5091 1935 5132 mors

286 5164 634 5238 spiritualis,
669 5183 797 5238 quin
828 5166 894 5220 fit
921 5182 1023 5238 per
1052 5167 1378 5238 peccatum,
1403 5165 1556 5236 quod
1589 5163 1826 5236 quidem
1849 5180 1936 5220 se-

285 5259 455 5328 parat
487 5253 760 5311 vauimam
793 5273 827 5311 a
858 5259 992 5323 Deo,
1027 5271 1185 5310 mors
1233 5257 1465 5320 aeterna,
1499 5270 1671 5326 paena
1713 5254 1938 5310 scilicet

286 5347 520 5412 aeterna,
545 5361 676 5417 quae
704 5343 985 5400 cruciahit
1013 5343 1270 5400 animam
1295 5341 1472 5400 simul
1493 5347 1550 5398 et
1570 5359 1935 5416 corpusque

287 5433 416 5490 ideo
448 5450 608 5490 mors
639 5434 1167 5506 dicitur,quoniam
1199 5432 1410 5488 melius
1437 5436 1590 5488 esset
1619 5432 1767 5489 mori
1792 5450 1934 5506 quo-

285 5521 426 5579 tidie
459 5540 637 5596 quam
668 5521 830 5578 illam
877 5539 1106 5595 pomum
1169 5527 1444 5578 aeternam
1499 5519 1763 5578 tolerare.
1788 5521 1934 5578 Cum

287 5611 1109 5687 ergoibeminus‘loquerctur
1155 5612 1227 5669 de
1283 5616 1470 5668 morte
1523 5608 1815 5685 spirituali
1844 5611 1934 5669 vel

2035 3287 2171 3343 sivit
2202 3305 2214 3343 :
2249 3293 2307 3344 et
2339 3288 2465 3345 ideo
2504 3290 2576 3345 ab
2627 3289 2754 3362 ipso
2801 3291 3114 3362 gloriﬁcari
3146 3296 3380 3352 meruit.
3414 3297 3577 3356 Unde
3627 3304 3684 3357 et

2035 3377 2254 3445 subdit,
2277 3379 2369 3433 Est
2402 3384 2563 3434 Pater
2583 3381 2680 3452 qui
2707 3380 2978 3451 glori/teat
2997 3399 3102 3438 me.
3130 3383 3434 3442 Discamus
3465 3392 3521 3443 et
3551 3406 3680 3458 nos,

2034 3469 2261 3534 fratres,
2281 3467 2338 3522 in
2357 3468 2632 3524 omnibus
2653 3469 2822 3524 bonis
2840 3487 2967 3542 quae
2991 3472 3300 3543 sentimus,
3316 3474 3682 3550 dicimus,vel

2036 3556 2302 3626 facimus,
2329 3574 2444 3612 non
2477 3562 2760 3630 nostram,
2785 3561 2885 3615 sed
2919 3560 3017 3615 Dei
3048 3559 3296 3634 gloriam
3323 3572 3686 3637 quzerere,ut

2035 3647 2107 3701 ab
2139 3647 2265 3717 ipso
2299 3645 2609 3718 glorificari
2643 3665 2992 3705 mereamur.
3019 3651 3188 3720 Quem
3217 3669 3323 3721 vos,
3358 3654 3570 3728 inquit,
3598 3656 3684 3712 di-

2033 3737 2178 3804 citis,
2200 3738 2332 3808 quia
2377 3740 2524 3791 Deus
2554 3746 2726 3793 vester
2761 3747 2859 3806 ost,
2893 3739 2986 3796 sed
3014 3757 3126 3797 non
3171 3746 3498 3812 cognovistis
3539 3762 3683 3802 eum.

2035 3829 2216 3880 Deum
2249 3825 2474 3881 Patrem
2515 3843 2632 3882 non
2681 3835 3098 3901 cognoverunt,
3123 3831 3262 3904 quia
3291 3849 3426 3890 eum
3475 3834 3687 3892 habere

2035 3915 2246 3972 Filium
2273 3931 2387 3970 non
2409 3916 2919 3984 crediderunt.Qui
2945 3919 3101 3974 enim
3130 3919 3341 3976 Filium
3363 3921 3687 3996 ignorat,et

2035 4004 2261 4082 Patqem
2292 4004 2476 4060 Deum
2507 4005 2682 4060 etiam
2713 4005 2964 4078 ignorat,
2989 4009 3086 4079 qui
3114 4010 3378 4082 reprobis
3411 4013 3688 4083 operibus

2033 4110 2094 4149 se
2113 4109 2246 4148 eum
2271 4093 2539 4166 ignorare
2559 4093 3176 4166 demonstrat.Quales,
3196 4099 3350 4155 unde
3371 4100 3686 4156 dolendum

2035 4186 2141 4249 est,
2167 4186 2306 4237 sunt
2335 4181 2508 4238 hodie
2531 4183 2701 4238 multi
2734 4183 2867 4240 falsi
2895 4185 3229 4257 Christiani,
3257 4187 3356 4260 qui
3386 4189 3590 4246 dicunt
3617 4190 3689 4247 de

2035 4275 2170 4338 Deo,
2196 4270 2334 4342 quia
2377 4275 2530 4326 Deus
2575 4276 2774 4328 noster
2803 4278 2928 4330 est:
2957 4279 3014 4330 et
3045 4279 3242 4331 tamen
3273 4295 3408 4333 eum
3443 4295 3558 4334 non
3591 4295 3690 4334 co-

2034 4363 2380 4432 gnoverunt,
2406 4359 2546 4414 dum
2579 4377 2641 4416 se
2669 4360 3034 4418 voluntatem
3067 4363 3165 4420 Dci
3196 4365 3466 4438 ignorare
3497 4367 3689 4440 pravis

2037 4449 2312 4521 operibus
2331 4450 2822 4517 ostendunt.Quia
2849 4468 2985 4508 vero
3019 4453 3266 4510 Domino
3291 4455 3689 4528 dicenti,quod

2037 4537 2085 4593 si
2109 4538 2242 4610 quis
2264 4555 2595 4595 sermonem
2620 4555 2816 4595 meum
2840 4543 3173 4609 servaverit,
3197 4548 3446 4600 mortem
3471 4561 3585 4601 non
3606 4545 3690 4600 vi-

2039 4625 2197 4684 debit
2216 4628 2274 4683 in
2298 4631 3000 4700 aeternum,opposuerant
3018 4631 3205 4687 Judaai
3225 4633 3520 4690 Abraham
3537 4650 3696 4690 mor-

2039 4721 2206 4771 tuum
2239 4734 2366 4774 esse
2400 4734 2411 4772 :
2447 4719 2707 4774 ostendit
2738 4717 3020 4776 Dominus
3048 4720 3342 4777 Abraham
3394 4739 3507 4778 non
3561 4739 3691 4779 esse

2042 4810 2364 4876 mortuum,
2387 4808 2485 4863 sed
2519 4807 2712 4880 potius
2743 4807 2803 4862 in
2835 4809 2948 4864 ﬁde
2979 4809 3263 4866 adventus
3295 4811 3387 4867 sui
3417 4811 3604 4868 vivere
3635 4816 3694 4868 et

2040 4897 2312 4969 gaudere,
2337 4914 2471 4953 cum
2495 4897 2670 4952 dicit:
2696 4898 2968 4954 Abraham
2995 4907 3152 4972 pater
3179 4909 3350 4956 vester
3374 4902 3693 4972 exsultavit,

2041 4985 2098 5040 id
2129 4988 2237 5052 est,
2267 4986 2592 5042 exsultando
2617 4990 2947 5058 exspectavit
2989 4997 3050 5044 ut
3089 4988 3292 5045 videret
3319 4989 3464 5046 diem
3489 5007 3690 5060 meum,

2042 5075 2098 5130 id
2123 5075 2553 5143 est,adventum
2573 5076 2972 5144 meum.Vidit,
2991 5077 3049 5133 id
3069 5083 3358 5151 est,quem
3381 5084 3694 5136 venturum

2044 5164 2311 5232 credidit,
2335 5164 2566 5220 venisse
2605 5165 2860 5238 agnovit,
2881 5175 2933 5222 et
2961 5169 3186 5236 gavisus
3225 5176 3318 5224 est.
3351 5171 3461 5225 Sed
3510 5169 3696 5225 Judaei

2044 5253 2307 5310 carnales
2336 5253 2553 5308 carnali
2584 5254 2715 5309 visu
2746 5253 2968 5310 dictum
3004 5272 3133 5312 esse
3169 5257 3585 5332 intelligentes,
3614 5275 3700 5316 re-

2043 5344 2334 5416 spondent
2353 5359 2365 5397 :
2389 5344 2804 5416 Quinquaginta
2820 5361 2991 5402 annos
3011 5346 3255 5403 nondum
3271 5347 3510 5413 habes,et
3529 5348 3704 5405 Αὸναιο

2043 5432 2173 5488 ham
2195 5432 2421 5488 vidisti?
2453 5433 2780 5506 Respondit
2809 5434 2894 5490 eis
2923 5434 3124 5504 Jesus,
3143 5438 3348 5504 Amen,
3369 5452 3540 5492 amen
3572 5437 3701 5494 dice

2041 5522 2228 5590 vobis,
2246 5521 2590 5595 priusquam
2608 5521 2906 5582 Abraham
2924 5524 3225 5600 ﬁeret,ego
3248 5524 3596 5581 sum.Judaai
3616 5525 3704 5582 in-

2043 5611 2386 5687 telligebant
2404 5611 2704 5672 Christum
2724 5629 2941 5688 purum
2963 5613 3294 5686 hominem,
3313 5613 3491 5674 ethis
3509 5613 3706 5674 verbis
