3982 6082
329 293 483 352 1827

1339 291 1738 352 ADDENDA.
1772 324 1849 334 —
1879 287 2271 350 BADULPHI
2313 289 2730 351 ABDENTIS.

3582 288 3749 350 i828

329 422 584 479 ostendit
621 421 706 478 eis
753 420 1138 479 divinitatem.
1173 423 1336 480 Unde
1385 442 1521 479 cum
1572 424 1643 479 de
1689 422 1978 479 Abraham
2009 422 2065 490 Α
2095 421 2360 494 rapinam
2411 422 2733 478 arbitratus
2776 427 2866 478 est
2893 439 2956 478 se
2987 437 3114 478 esse
3143 420 3426 494 aequalem
3455 420 3592 489 Deo,
3620 437 3753 494 quae

327 510 571 568 dixisset
602 528 615 566 :
647 512 822 582 ﬁeret,
846 512 916 568 de
949 529 1009 568 se
1041 512 1122 568 ait
1148 530 1160 567 :
1196 530 1338 568 sum.
1365 513 1648 579 Quoniam
1678 513 1975 568 Abraham

326 605 391 657 ut
420 605 685 658 creatura
716 601 906 657 factus
938 606 1025 657 est
1057 619 1070 657 :
1106 601 1372 658 Christus
1409 619 1543 657 vero
1584 603 1655 657 ab
1696 607 1910 657 zeterno
1942 619 1977 658 a

326 687 493 742 Patre
520 703 635 742 non
669 687 876 752 factus,
903 687 1002 743 sed
1053 692 1226 742 natus
1256 693 1363 742 est.
1387 688 1567 758 Cujus
1607 689 1863 744 essentia
1892 687 1976 742 in-

325 775 782 842 commutabilis,
811 776 1220 832 convenienter
1239 777 1584 849 exprimitur
1605 794 1705 848 per
1733 777 1973 832 verbum

325 865 757 920 substantivum
791 866 1095 937 prazsentis
1122 867 1424 938 temporis.
1450 866 1614 922 Unde
1636 867 1758 938 ipse
1789 866 1871 921 ait
1901 866 1972 920 ad

324 953 726 1027 Moysen,Ego
775 971 908 1010 sum
941 956 1040 1027 qui
1083 973 1237 1012 sum.
1276 956 1385 1011 Sed
1417 956 1602 1011 Judaei
1655 973 1814 1010 more
1867 971 1972 1010 suo

322 1041 544 1098 malum
577 1059 682 1114 pro
712 1042 864 1098 bono
898 1045 1224 1114 reddentes,
1260 1043 1521 1099 tulerunt
1549 1044 1771 1116 lapides
1802 1047 1866 1098 ut
1888 1046 1976 1116 ja-

321 1136 517 1186 cerent
546 1131 604 1186 in
639 1149 793 1187 eum.
816 1133 1095 1206 Sequitur
1112 1152 1246 1206 pars
1270 1137 1498 1206 quarta,
1525 1151 1656 1189 cum
1681 1134 1970 1202 subditur,

317 1221 469 1276 Jesus
500 1229 678 1278 autem
709 1223 992 1278 abscondit
1023 1240 1104 1290 se,
1135 1232 1184 1278 et
1213 1226 1384 1280 exivit
1410 1223 1475 1279 de
1504 1224 1720 1296 templo.
1749 1225 1810 1278 ln
1861 1240 1973 1295 quo

318 1311 650 1365 ostenditur
682 1312 974 1382 quomodo
1007 1311 1288 1368 Dominus
1319 1317 1762 1385 persecutorum
1791 1329 1976 1368 cesse-

321 1397 397 1453 rit
427 1399 680 1471 injuriis.
715 1401 824 1456 Sed
858 1417 989 1455 cum
1026 1401 1146 1456 solo
1179 1419 1275 1458 eos
1308 1408 1452 1456 nutu
1489 1403 1725 1474 perdere
1755 1405 1971 1474 posset,

318 1505 496 1560 quare
529 1489 725 1562 fugere
787 1496 843 1545 et
901 1489 1080 1546 latere
1112 1490 1324 1563 elegit?
1352 1490 1590 1564 Triplici
1643 1493 1713 1546 de
1772 1508 1970 1546 causa.

321 1578 515 1633 Prima
545 1584 608 1634 ut
637 1596 739 1651 per
767 1578 1038 1636 timorem
1071 1581 1276 1636 mortis
1309 1598 1370 1636 se
1400 1597 1596 1636 veram
1628 1580 1843 1636 habere
1873 1581 1976 1635 hu-

317 1667 659 1723 manitatem
711 1669 1160 1735 demonstraret,
1208 1670 1307 1742 qui
1361 1675 1557 1725 tamen
1611 1670 1788 1725 timor
1820 1670 1878 1724 in
1908 1687 1974 1725 eo

314 1755 632 1812 voluntatis
666 1757 796 1826 fuit,
834 1775 949 1814 non
983 1759 1371 1816 necessitatis.
1406 1761 1694 1824 Secunda,
1725 1763 1788 1813 ut
1817 1759 1970 1830 quod

315 1843 623 1918 discipulis
646 1841 869 1902 dixerat
899 1847 1073 1903 verba
1097 1865 1109 1902 :
1137 1849 1196 1903 Si
1229 1848 1518 1920 persecuti
1543 1866 1640 1904 vos
1667 1848 1882 1903 fuerint
1908 1847 1966 1902 in

315 1951 432 1990 una
459 1933 711 2002 civitate,
747 1936 928 2008 fugite
976 1935 1036 1990 in
1081 1934 1278 2004 aliam,
1323 1937 1652 1992 ostenderet
1681 1935 1964 2008 exemplo.

314 2023 719 2080 Necessarium
750 2025 966 2097 quippe
1019 2025 1128 2080 fuit
1177 2025 1584 2097 prtedicatores
1617 2025 1968 2097 quandoque

313 2111 512 2185 fugere
543 2117 598 2168 et
638 2113 838 2181 latere,
873 2131 944 2169 ne
1001 2131 1136 2170 mox
1195 2113 1404 2170 ablatis
1465 2113 1963 2186 prmdicatoribus,

312 2201 694 2274 Evangelium
711 2203 940 2258 silentio
964 2207 1344 2275 premeretur.
1372 2203 1566 2258 Tertia
1588 2207 1653 2257 ut
1676 2202 1844 2258 nobis
1870 2202 1966 2257 da-

313 2295 399 2345 ret
429 2291 780 2364 exemplum,
817 2293 972 2364 quod
1013 2291 1062 2346 si
1103 2293 1456 2364 quandoque
1494 2293 1964 2363 persecutoribus

313 2381 531 2436 nostris
561 2381 621 2435 in
653 2380 1020 2437 contentione
1065 2398 1371 2452 possemus
1415 2381 1742 2453 praevalere,
1769 2387 1961 2436 tamen

315 2469 767 2544 provocantibus
797 2487 865 2524 ex
908 2469 1239 2525 humilitate
1289 2471 1630 2526 cederemus
1677 2471 1961 2526 ctlatere-

314 2577 468 2628 mus,
493 2566 556 2615 ut
587 2559 644 2613 in
670 2558 778 2614 hoc
805 2563 925 2614 tam
951 2558 1417 2632 provocantium,
1445 2577 1619 2631 quam
1644 2564 1855 2614 nostra:
1879 2577 1965 2614 sa-

311 2647 418 2704 luti
446 2648 908 2704 consuleremus.
930 2648 1095 2720 Apud
1120 2647 1482 2704 Christianos
1512 2649 1688 2718 enim,
1714 2665 1827 2703 non
1861 2648 1962 2720 qui

312 2737 538 2793 fortiter
559 2738 934 2809 percutit,sed
959 2737 1059 2809 qui
1083 2737 1306 2793 fortiter
1329 2737 1501 2805 cedit,
1519 2737 1684 2793 fortis
1699 2742 1808 2794 est.
1830 2739 1962 2793 For-

313 2827 424 2883 tior
445 2826 600 2883 enim
631 2831 740 2897 est,
756 2830 902 2882 teste
924 2826 1366 2899 Salomone,qui
1393 2827 1571 2882 vincit
1600 2827 1747 2883 iram
1781 2845 1959 2900 quam

312 2915 412 2988 qui
444 2915 621 2971 vincit
652 2915 967 2972 civitatem.
993 2917 1119 2988 Ipse
1151 2921 1346 2972 autem
1376 2916 1642 2972 Christus
1671 2917 1770 2988 qui
1805 2933 1960 2973 nunc

312 3005 462 3077 fugit
493 3008 549 3061 et
576 3004 768 3073 latuit,
793 3005 1026 3077 quando
1049 3005 1100 3061 ei
1137 3005 1357 3077 placuit
1397 3022 1459 3062 se
1497 3007 1958 3078 cruciﬁgendum

311 3095 781 3166 persecutoribus
803 3095 1043 3151 obtulit:
1061 3112 1165 3150 nec
1188 3095 1378 3150 solum
1399 3095 1624 3150 fortiter
1636 3111 1733 3151 eos
1747 3113 1958 3168 passus

312 3183 536 3253 est,sed
559 3184 737 3240 etiam
771 3201 873 3256 pro
899 3184 985 3240 eis
1007 3183 1460 3246 misericorditer
1480 3184 1825 3255 deprecatus
1847 3189 1953 3254 est,
1989 3172 2030 3239 C
2070 3185 2321 3256 portavit
2378 3185 2588 3241 aliena.
2649 3185 2810 3241 Unde
2869 3185 3071 3241 Petrus
3127 3202 3139 3240 :

312 3273 510 3329 dicens
545 3291 557 3328 :
595 3273 786 3341 Pater,
811 3273 1040 3329 dimitte
1070 3271 1208 3338 illis,
1234 3272 1372 3344 quia
1401 3273 1689 3338 nesciunt,
1711 3273 1850 3345 quid
1879 3274 1958 3329 fa-

310 3363 491 3418 ciunt.
517 3363 824 3418 Imitemur
856 3363 1051 3434 itaque
1073 3361 1370 3418 Christum
1394 3363 1820 3434 redemptorem
1855 3381 1959 3418 no-

311 3456 522 3519 strum,
547 3469 748 3525 pacem
775 3469 880 3524 pro
906 3451 1038 3506 odio
1089 3450 1344 3506 inimicis
1375 3451 1591 3508 nostris
1623 3451 1916 3507 offerendo
1941 3469 1954 3507 :

311 3543 532 3598 bonum
564 3558 667 3612 pro
704 3540 946 3608 malo,et
975 3540 1345 3595 benedictum
1370 3558 1472 3612 pro
1497 3540 1806 3596 maledicto
1838 3541 1960 3595 red-

312 3632 536 3686 dendo:
562 3629 796 3701 injuriis
819 3629 996 3684 etiam
1015 3628 1445 3684 imbecillorum
1467 3629 1755 3685 cedendo:
1779 3646 1960 3700 quan-

313 3721 384 3776 do
407 3735 556 3790 opus
579 3717 769 3772 fuerit.
794 3724 1041 3772 mortem
1065 3718 1287 3773 fortiter
1306 3718 1647 3773 sustinendo
1673 3734 1685 3771 :
1711 3735 1814 3790 pro
1837 3735 1960 3790 per-

313 3807 680 3865 secutoribus
706 3806 922 3863 nostris
949 3807 1449 3875 intercedendo,ut
1470 3807 1780 3879 participes
1804 3805 1961 3862 Chri-

314 3898 388 3953 sti
413 3895 851 3952 resurrectionis
873 3901 929 3952 et
943 3895 1138 3969 gloria
1163 3895 1284 3951 heri
1307 3913 1655 3966 mereamur,
1671 3897 1796 3968 ipso
1819 3914 1960 3970 pra:-

313 3985 631 4058 stante,qui
653 4001 788 4040 cum
808 3985 973 4041 Patre
994 3989 1050 4041 et
1064 3985 1280 4057 Spiritu
1307 3989 1506 4041 sancto
1523 3985 1660 4041 vivit
1681 3990 1737 4042 et
1759 3991 1962 4059 regnat

310 4076 483 4144 Deus,
508 4092 610 4149 per
638 4074 834 4131 omnia
863 4074 1075 4131 saecula
1108 4074 1474 4131 saeculorum.
1510 4076 1714 4131 Amen.

881 4183 1186 4239 HOMILIA
1229 4182 1389 4238 XLV.

649 4271 926 4310 DOMINICA
966 4273 1022 4310 ΙΝ
1063 4272 1240 4310 RAMIS
1282 4272 1619 4311 PALMARUM.

382 4345 491 4401 Hoc
517 4345 666 4400 enim
705 4346 896 4400 sentite
926 4345 986 4399 in
1013 4346 1163 4400 vobis
1207 4344 1346 4416 quod
1375 4353 1426 4400 et
1457 4347 1514 4399 in
1563 4346 1776 4402 Christo
1804 4349 1956 4413 Jesu,

312 4436 429 4506 qui,
451 4450 577 4489 cum
605 4437 663 4489 in
689 4437 868 4506 forma
913 4435 1020 4489 Dei
1047 4441 1200 4501 esset,
1223 4451 1333 4489 non
1381 4436 1637 4506 rapinam
1663 4436 1960 4490 arbitratus

311 4533 390 4580 est
417 4541 528 4580 esse
563 4541 618 4580 se
667 4525 939 4597 aequalem
981 4524 1084 4579 Deo
1117 4523 1345 4596 (Philip.
1374 4523 1452 4596 II),
1475 4528 1582 4579 etc.
1611 4523 1963 4612 Exhortatur
1993 4548 2038 4612 Ι)

313 4630 420 4669 nos
440 4612 755 4686 Apostolus
777 4613 836 4668 in
863 4613 971 4668 hac
993 4611 1259 4678 lectione,
1277 4612 1503 4679 fratres,
1532 4611 1881 4678 charissimi,
1899 4616 1964 4668 ut

313 4701 581 4759 semitam
613 4720 790 4776 quam
822 4706 1059 4758 secutus
1084 4705 1173 4756 est
1201 4700 1465 4757 Christus
1497 4706 1778 4772 sequatur
1799 4701 1961 4757 Chri-

313 4792 559 4848 stianus.
585 4791 850 4848 Christus
872 4793 1108 4847 secutus
1131 4794 1218 4846 est
1252 4789 1664 4858 humilitatem,
1689 4791 1960 4846 obedien-

313 4882 455 4937 tiam
476 4886 532 4938 et
557 4882 900 4954 patientiam
925 4902 936 4952 ς
963 4885 1020 4936 et
1051 4883 1289 4952 propter
1318 4879 1426 4934 hoc
1456 4879 1741 4935 exaltatus
1774 4884 1880 4949 est,
1907 4884 1964 4935 et

313 4971 514 5026 datum
548 4975 635 5026 est
665 4971 716 5026 ei
757 4988 969 5027 nomen
1010 4969 1164 5042 quod
1196 4972 1287 5024 est
1319 4985 1494 5041 super
1523 4986 1693 5025 omne
1725 4986 1958 5026 nomen.

313 5059 477 5114 Sicut
508 5058 732 5130 primu:
765 5059 939 5115 homo
970 5063 1206 5115 secutus
1247 5062 1335 5113 est
1376 5058 1732 5130 superbiam,
1756 5059 1961 5114 inobe-

313 5147 615 5215 dientiam,
640 5151 697 5204 et
741 5149 1188 5221 impatientiam,
1213 5150 1294 5204 ita
1323 5151 1560 5222 propter
1607 5149 1714 5205 hoc
1761 5149 1964 5221 princi-

312 5237 537 5310 pitatus
565 5241 673 5292 est.
699 5237 845 5303 Quia
874 5253 1008 5309 ergo
1057 5255 1160 5310 per
1187 5237 1309 5294 haec
1349 5237 1462 5293 tria
1507 5237 1667 5305 vitia,
1695 5238 1846 5294 facta
1877 5243 1966 5295 est

259 5393 268 5396 _
311 5324 485 5383 ruina
509 5325 753 5382 humani
787 5326 1038 5398 generis,
1065 5343 1299 5383 necesse
1328 5332 1450 5383 erat
1481 5331 1548 5384 ut
1579 5344 1681 5400 per
1711 5331 1830 5384 tres
1851 5327 1961 5384 vir-

311 5418 488 5483 tutes,
517 5415 807 5488 pre-edictis
847 5415 1004 5471 vitiis
1042 5415 1382 5483 contrarias,
1413 5423 1800 5489 repararetur.
1838 5417 1966 5473 Fuit

315 5510 510 5563 autem
543 5505 600 5559 in
632 5505 820 5576 primo
853 5505 1090 5560 homine
1118 5506 1395 5576 superbia
1425 5507 1784 5577 quadrifaria
1808 5524 1820 5564 :
1846 5507 1964 5562 Pri-

315 5609 432 5664 ma,
447 5593 547 5670 qui
573 5610 802 5673 aequare
833 5610 894 5654 se
924 5593 1108 5652 voluit
1134 5609 1242 5653 suo
1273 5593 1580 5669 superiori,
1599 5596 1832 5670 quando
1861 5613 1967 5674 per

2083 512 2314 584 proprie
2337 517 2424 566 est
2446 511 2796 583 arrogantia.
2819 511 3107 578 Secunda,
3125 511 3264 584 quia
3283 509 3465 566 voluit
3484 528 3546 566 sc
3567 509 3755 566 extol-

2085 597 2203 654 lere
2235 617 2412 672 super
2461 617 2634 655 suum
2686 598 3288 674 aaqualem,angelum
3331 599 3752 671 scilicet,quod

2083 689 2314 761 proprie
2345 693 2434 744 est
2465 689 2758 762 superbia.
2779 689 2992 756 Tertia,
3010 689 3168 761 quod
3199 689 3523 744 secundum
3556 688 3756 760 legem

2079 795 2394 845 suam,non
2427 778 2736 848 Dei,voluit
2766 778 2986 846 vivere;
3023 779 3178 850 quod
3213 778 3446 850 proprie
3477 783 3568 834 est
3601 795 3756 850 prte-

2084 867 2362 939 sumptio.
2387 870 2624 934 Quarta,
2651 868 2804 939 quod
2837 873 3140 939 peccatum
3173 884 3348 924 suum
3380 873 3632 922 conatus
3663 871 3755 923 est

2085 956 2416 1024 defendere,
2443 957 2600 1028 quod
2631 956 2862 1028 proprie
2889 961 2978 1012 est
3009 956 3398 1012 contumacia.
3420 957 3482 1012 In
3527 956 3754 1028 quibus

2085 1062 2191 1101 nos
2221 1061 2475 1118 quoque,
2507 1046 2716 1101 fratres
2747 1045 2882 1113 mei,
2911 1050 3167 1102 veterem
3195 1047 3382 1101 Adam
3417 1045 3750 1112 imitamur,

2084 1151 2218 1189 cum
2239 1135 2330 1190 vel
2359 1135 2764 1207 superioribus
2795 1134 3012 1190 nostris
3043 1153 3152 1192 nos
3183 1152 3412 1207 aequare
3441 1134 3748 1190 contendi-

2083 1223 2330 1290 mus,vel
2355 1241 2489 1279 cum
2521 1223 2844 1296 aequalibus
2868 1225 3090 1280 nostris
3113 1241 3221 1280 nos
3254 1241 3485 1296 semper
3516 1223 3746 1279 extolli-

2083 1329 2236 1381 mus,
2255 1312 2341 1368 vel
2366 1329 2499 1368 cum
2525 1330 2639 1368 non
2663 1313 2784 1380 Dei,
2807 1313 2907 1368 sed
2935 1317 3196 1368 nostram
3214 1313 3572 1369 voluntatem
3599 1313 3749 1368 face-

2083 1418 2144 1456 re
2171 1400 2572 1468 volumus,vel
2603 1418 2738 1456 cum
2771 1406 3007 1474 peccata
3038 1405 3238 1458 nostra
3259 1401 3637 1457 defendimus
3657 1400 3749 1457 vel

2082 1507 2454 1547 excusemus.
2480 1491 2654 1546 Porro
2678 1491 2749 1546 ad
2771 1491 2920 1545 hanc
2955 1491 3376 1562 quadrifariam
3398 1491 3750 1562 superbiam

2083 1579 2777 1645 delendam,descendens
2789 1579 3055 1636 Christus
3072 1580 3335 1636 exhibuit
3354 1580 3414 1635 in
3432 1597 3494 1636 se
3508 1579 3752 1652 quadri-

2085 1668 2290 1724 fariam
2315 1667 2742 1724 humilitatem:
2765 1669 3356 1740 primam,quoniam,
3377 1670 3532 1726 sicut
3550 1667 3613 1724 in
3639 1668 3752 1725 hac

2084 1757 2328 1814 lectione
2361 1759 2714 1824 ostenditur,
2741 1775 2854 1814 non
2888 1775 2990 1830 per
3020 1757 3285 1831 rapinam
3312 1758 3637 1814 arbitratus
3661 1762 3753 1814 est

2079 1865 2140 1903 se
2163 1864 2290 1904 esse
2303 1847 2589 1919 aequalem
2609 1847 2912 1914 Deo.Quod
2925 1848 3079 1903 enim
3100 1848 3307 1903 habuit
3324 1865 3427 1919 per
3443 1851 3747 1920 naturam,

2078 1953 2194 1991 non
2225 1937 2601 2008 praesumpsit
2632 1953 2732 2009 per
2759 1936 3046 2008 rapinam.
3078 1937 3430 2003 Secundam,
3456 1936 3746 2008 quoniam

2076 2025 2462 2097 semetipsum
2483 2025 2802 2081 exinanivit
2824 2026 3072 2081 formam
3107 2026 3256 2081 servi
3280 2026 3597 2097 accipiens,
3627 2043 3748 2082 non

2077 2113 2268 2170 solum
2287 2115 2411 2171 suis
2429 2114 2844 2187 comqualibus,
2861 2115 3025 2170 Patre
3047 2115 3269 2170 scilicet
3288 2119 3346 2170 et
3362 2115 3587 2187 Spiritu
3611 2133 3745 2172 san-

2075 2207 2186 2270 cto,
2223 2205 2324 2259 sed
2359 2204 2482 2260 suis
2512 2203 2908 2271 inferioribus,
2943 2204 3166 2277 angelis
3207 2204 3430 2260 scilicet
3479 2205 3741 2261 minora-

2075 2297 2169 2348 tus
2205 2293 2381 2364 (Hebr.
2411 2293 2467 2364 ι).
2491 2294 2666 2348 Juxta
2687 2294 2840 2365 quod
2864 2295 2934 2348 de
2955 2310 3021 2348 eo
3043 2310 3145 2364 per
3169 2293 3514 2365 Prophetam
3538 2296 3610 2349 ad
3641 2295 3741 2350 Pa-

2075 2386 2219 2436 trem
2245 2382 2459 2436 dicitur
2487 2400 2499 2436 :
2536 2383 2783 2438 Min-nisti
2827 2400 2950 2438 eum
2973 2383 3141 2454 paulo
3171 2385 3358 2436 minus
3405 2385 3473 2437 ab
3524 2385 3741 2453 angelis

2074 2472 2246 2539 (I’sal.
2267 2472 2408 2540 vm).
2429 2472 2708 2527 Subditus
2731 2473 2904 2526 etiam
2929 2473 3040 2526 fuit
3063 2471 3421 2539 hominibus,
3449 2481 3514 2526 ut
3541 2473 3739 2527 Mariae

2072 2565 2129 2614 et
2157 2561 2372 2632 Joseph
2405 2562 2555 2632 (Luc.
2589 2565 2672 2630 Il),
2710 2561 2960 2616 reddens
2988 2560 3164 2616 etiam
3199 2560 3488 2616 tributum
3521 2562 3738 2618 Caesari

2073 2649 2277 2720 (Matth.
2311 2651 2472 2722 xvu),
2521 2655 2579 2705 et
2637 2649 2838 2706 lavans
2897 2651 3072 2722 pedes
3125 2667 3428 2706 servorum
3491 2668 3740 2708 suorum

2071 2738 2243 2810 (Joan.
2270 2738 2421 2810 XIII).
2447 2739 3032 2811 Tertiam,'quoniam
3065 2739 3125 2794 in
3159 2739 3436 2796 omnibus
3466 2739 3740 2797 volunta«

2069 2831 2186 2884 tem
2247 2829 2436 2884 Patris
2496 2829 2763 2900 quaesivit
2821 2829 3032 2896 facere,
3093 2846 3208 2884 non
3265 2846 3458 2884 suam.
3506 2829 3732 2886 Unde:

2067 2917 2346 2983 Descendi,
2382 2917 2590 2990 inquit,
2621 2918 2685 2974 de
2713 2917 2870 2984 caelo,
2897 2933 3010 2973 non
3039 2926 3100 2973 ut
3143 2919 3350 2987 faciam
3395 2919 3736 2975 voluntatem

2065 3023 2260 3073 meam,
2292 3005 2386 3064 sed
2421 3007 2754 3063 voluntatem
2800 3008 2918 3079 ejus
2964 3009 3062 3078 qui
3105 3009 3258 3062 misit
3302 3024 3389 3063 me
3417 3008 3594 3078 (Joan.
3631 3010 3733 3080 γι).

2067 3098 2366 3162 Quartam,
2393 3097 2672 3168 quoniam
2703 3113 2837 3152 cum
2869 3113 2980 3152 sua
3025 3113 3142 3152 non
3193 3096 3435 3152 haberet
3464 3103 3729 3170 peccata,

3199 3191 3448 3252 Peccata,
3509 3187 3729 3258 inquit,

2065 3282 2250 3330 nostra
2294 3275 2409 3345 ipse
2457 3275 2689 3346 pertulit
2743 3291 2908 3346 super
2939 3274 3154 3344 lignum
3199 3273 3246 3345 (I
3273 3279 3422 3330 Petr.
3451 3279 3535 3342 II).
3565 3275 3732 3332 Unde

2069 3362 2224 3418 idem
2257 3363 2336 3418 ait
2370 3380 2382 3416 :
2416 3365 2576 3428 Deus,
2608 3364 2749 3418 Deus
2779 3379 2951 3429 meus,
2976 3371 3036 3418 ut
3063 3363 3196 3434 quid
3224 3363 3574 3436 dereliquisti
3599 3365 3733 3420 me?

2068 3452 2224 3523 longe
2243 3469 2276 3506 a
2295 3453 2470 3507 salute
2489 3469 2608 3508 mea
2627 3452 2790 3507 verba
2806 3452 3128 3507 delictorum
3146 3468 3392 3508 meorum
3408 3454 3584 3522 (Psal.
3601 3471 3730 3522 xm;

2067 3541 2228 3596 Mare.
2253 3541 2369 3612 xx),
2392 3545 2592 3596 nostra
2613 3540 2825 3596 delicta
2846 3541 3048 3596 dicens
3071 3557 3197 3596 sua.
3219 3541 3335 3597 Nos
3357 3558 3493 3615 ergo
3515 3543 3732 3599 fratres

2068 3629 2202 3698 mei,
2229 3647 2344 3685 non
2391 3635 2644 3685 veterem
2695 3631 2993 3686 hominem
3041 3631 3376 3696 Adam,sed
3425 3631 3732 3688 Christum

2069 3736 2282 3774 novum
2315 3719 2614 3775 hominem
2664 3719 2985 3776 imitemur.
3024 3718 3415 3775 Humilieer
3453 3738 3564 3777 nos
3611 3739 3732 3777 non

2069 3808 2261 3863 solum
2285 3809 2502 3864 nostris
2534 3809 2876 3879 majoribus,
2907 3809 3006 3865 sed
3040 3809 3214 3864 etiam
3247 3809 3651 3881 coasqualibus
3677 3816 3734 3867 et

2070 3897 2395 3953 minoribus
2421 3913 2434 3952 :
2459 3915 2574 3952 non
2599 3902 2884 3966 nostram,
2907 3897 3007 3953 sed
3031 3897 3133 3953 Dei
3154 3897 3516 3954 voluntatem
3540 3899 3732 3956 facere

2069 4003 2427 4058 quaeramus:
2446 4004 2562 4042 non
2585 3985 2777 4043 solum
2801 3991 3172 4060 peccatorum
3196 3991 3536 4044 nostrorum
3555 4005 3729 4057 onus,

2070 4076 2170 4130 sed
2204 4076 2379 4131 etiam
2411 4075 2735 4132 alienorum
2768 4093 2946 4132 onera
2973 4080 3204 4150 portare
3235 4076 3654 4133 satisfaciendo
3675 4084 3736 4133 et

2070 4165 2288 4220 orando
2318 4182 2612 4221 curemus.
2638 4166 2764 4221 Fuit
2792 4166 2968 4222 etiam
2998 4164 3059 4220 in
3087 4165 3274 4221 Adam
3305 4165 3730 4232 inobedientia,

2071 4254 2210 4327 quia
2238 4255 2495 4310 Creatori
2535 4273 2640 4312 suo
2681 4255 2871 4311 noluit
2899 4255 3134 4311 obedire
3165 4255 3225 4310 in
3257 4255 3479 4310 bonum
3511 4273 3729 4325 suum;

2070 4348 2127 4399 et
2155 4343 2384 4399 diabolo
2416 4344 2654 4401 inimico
2687 4362 2792 4401 suo
2837 4344 3090 4400 obedivit
3137 4344 3198 4399 in
3252 4344 3474 4400 malum
3525 4362 3730 4400 suum.

2071 4433 2407 4488 Econtrario
2429 4433 2720 4501 Christus,
2743 4437 2808 4489 ut
2846 4433 2940 4488 hic
2983 4434 3215 4501 dicitur,
3241 4433 3352 4488 fuit
3381 4434 3570 4490 factus
3591 4435 3732 4490 obe-

2071 4521 2236 4577 diens
2260 4522 2413 4576 Patri
2437 4539 2623 4594 usque
2653 4524 2723 4578 ad
2757 4527 3028 4587 mortem,
3053 4527 3109 4577 et
3139 4522 3246 4578 hoc
3275 4521 3333 4576 in
3369 4522 3732 4594 redemptio-

2071 4627 2204 4666 nem
2252 4611 2481 4684 generis
2535 4611 2941 4679 humani,non
2983 4628 3174 4679 suam,
3200 4615 3257 4666 et
3304 4628 3421 4666 non
3472 4611 3734 4667 obedivit

2071 4699 2299 4755 diabolo
2323 4700 2380 4756 in
2403 4700 2493 4756 sui
2519 4694 3055 4774 przeéipitationem.
3073 4701 3259 4755 Adam
3281 4699 3474 4756 noluit
3487 4700 3731 4758 obedire

2070 4789 2185 4844 Deo
2208 4789 2266 4844 in
2291 4789 2624 4859 levissimis,
2642 4795 2698 4847 et
2719 4790 2984 4847 Christus
3006 4789 3260 4846 obedivit
3279 4788 3438 4845 Patri
3459 4789 3518 4843 in
3542 4790 3734 4845 duris-

2071 4878 2258 4934 simis.
2285 4879 2469 4934 Adam
2502 4879 2690 4935 noluit
2719 4880 2953 4936 obedire
2983 4880 3098 4935 Deo
3127 4895 3232 4935 nec
3255 4877 3434 4934 minis
3455 4895 3560 4934 nec
3587 4896 3734 4950 pra:-

2072 4967 2226 5036 miis,
2253 4967 2520 5024 Christus
2569 4969 2823 5025 obedivit
2873 4969 3046 5036 Patri,
3073 4973 3398 5042 spontanea
3427 4967 3734 5024 voluntate

2073 5058 2302 5113 ductus.
2325 5058 2510 5113 Adam
2552 5057 2741 5114 noluit
2772 5058 3007 5115 obedire
3037 5059 3152 5114 Deo
3185 5062 3249 5114 ut
3277 5057 3492 5114 viveret
3540 5057 3734 5113 absti-

2072 5147 2263 5203 nendo
2295 5165 2329 5202 a
2349 5147 2527 5220 ligno,
2552 5147 2817 5204 Christus
2841 5147 3094 5204 obedivit
3115 5147 3291 5219 Patri,
3312 5150 3381 5202 ut
3403 5151 3738 5203 moreretur

2072 5253 2398 5308 suspensus
2443 5237 2502 5292 in
2560 5237 2738 5310 ligno.
2764 5238 2966 5306 Adam,
2993 5238 3133 5310 quia
3190 5236 3534 5293 inobediens
3593 5235 3730 5304 fuit,

2073 5326 2270 5382 amisit
2301 5325 2626 5382 dominium
2671 5327 2827 5400 quod
2883 5327 3136 5383 habebat
3185 5325 3246 5382 in
3294 5325 3454 5382 omni
3501 5325 3734 5381 munda

2074 5420 2368 5484 creatura;
2393 5416 2680 5483 Christus,
2705 5416 2843 5490 quia
2887 5417 3163 5474 obediens
3194 5415 3324 5481 fuit,
3351 5414 3490 5469 data
3535 5419 3630 5469 est
3675 5414 3731 5470 ei

2074 5505 2266 5562 omnis
2287 5509 2542 5576 potestas
2564 5505 2623 5560 in
2645 5505 2786 5562 cwlo
2807 5506 2945 5562 etin
2967 5510 3140 5564 terra.
3161 5503 3480 5580 Fugiamus
3500 5503 3726 5575 itaque,

2071 5595 2304 5668 fratres,
2329 5594 2785 5657 inobedientiam
2807 5595 3016 5657 veteris
3044 5593 3326 5673 hominis,
3348 5609 3422 5655 ne
3449 5591 3728 5658 excluda-
