3982 6082
229 315 386 377 1829

889 310 1246 377 HOMILI/E
1287 314 1365 376 IN
1409 314 1664 379 EPIST.
1708 318 1809 379 ET
1851 311 2141 382 EVANG.
2186 316 2541 378 DOMINIC.
2571 340 2650 361 ——
2681 316 2883 380 PARS
2929 316 2982 380 Ι.

3488 319 3512 377 1
3526 314 3648 375 830

229 466 367 506 mur
395 448 467 505 ab
497 447 833 504 haereditate
878 447 1079 521 patria:
1119 447 1390 517 caelestis,
1425 450 1526 505 sed
1575 449 1877 507 imitemur
1902 454 1954 521 Α
1986 450 2342 523 gniﬁcantur
2371 450 2734 519 innocentes,
2769 449 2869 523 qui
2901 447 3128 522 ﬂagella
3159 465 3274 505 non
3308 449 3518 504 merita
3551 467 3648 522 pa-

229 537 624 595 obedientiam
655 537 786 592 novi
821 534 1077 593 hominis
1108 536 1343 605 Christi,
1378 542 1444 593 ut
1473 555 1605 594 cum
1646 556 1712 596 eo
1757 556 1877 596 me-

230 644 466 684 reamur
481 625 815 700 gloriﬁcari.
829 625 984 681 Adeo
997 625 1152 682 enim
1167 629 1255 682 est
1269 627 1598 684 necessaria
1610 628 1880 684 obedien-

229 717 333 782 tia,
362 715 520 788 quod
553 713 782 771 nullum
807 715 1028 770 bonum
1051 713 1178 770 sine
1208 731 1276 770 ea
1299 721 1490 787 potest
1511 717 1806 788 prodesse,
1824 721 1882 773 et

229 805 461 862 nullum
494 803 717 861 malum
741 820 876 860 cum
908 803 1239 860 obedientia
1269 809 1460 876 potest
1487 806 1712 862 obesse.
1733 806 1879 862 Cum

230 895 387 952 enim
418 895 639 950 bonum
680 893 757 952 sit
786 895 1088 951 comedere
1119 909 1380 966 pomum,
1413 897 1610 950 tamen
1659 911 1762 968 per
1790 894 1879 949 in-

230 983 622 1042 obedientiam
654 983 876 1040 malum
910 983 1040 1039 fuit.
1084 983 1155 1038 Et
1185 985 1414 1038 tantum
1446 981 1688 1051 malum,
1724 983 1878 1055 quod

230 1091 347 1130 non
379 1071 571 1130 solum
605 1077 901 1129 auctorem
949 1072 1155 1142 Adam,
1188 1071 1290 1127 sed
1339 1070 1514 1127 etiam
1547 1071 1880 1128 universam

231 1163 360 1233 ejus
390 1159 814 1234 posteritatem,
848 1177 881 1216 a
911 1158 1182 1233 paradiso
1207 1159 1552 1232 proscripsit
1582 1161 1739 1233 (Gen.
1776 1157 1878 1230 ιιι.)

231 1251 376 1306 Cum
406 1251 628 1306 bonum
657 1265 889 1322 quoque
920 1249 997 1304 sit
1027 1248 1355 1305 sacriﬁcare
1385 1249 1522 1316 Deo,
1557 1253 1612 1304 et
1643 1266 1744 1322 per
1765 1249 1881 1323 pie-

225 1345 406 1398 tatem
429 1351 666 1414 parcere
683 1338 874 1408 victis,
896 1343 1094 1395 tamen
1111 1337 1250 1411 quia
1265 1343 1468 1395 contra
1487 1338 1879 1395 obedientiam

226 1430 337 1486 hoc
369 1428 512 1486 Saul
541 1429 696 1497 fecit,
726 1429 785 1484 in
815 1427 925 1484 hoc
955 1428 1208 1501 graviter
1235 1427 1511 1500 peccavit.
1546 1427 1709 1484 Unde
1738 1427 1789 1483 ei
1822 1431 1880 1484 et

230 1537 264 1574 a
285 1517 556 1575 Samuele
577 1517 800 1573 dictum
824 1521 913 1573 est
936 1534 949 1572 :
974 1516 1150 1588 Magis
1171 1518 1326 1572 valet
1347 1515 1683 1573 obedientia
1702 1534 1882 1590 quam

230 1608 479 1665 victima
503 1607 554 1680 (I
578 1611 714 1678 Reg.
748 1605 864 1676 xv.)
898 1604 1230 1662 Econtrario
1263 1621 1398 1662 cum
1428 1605 1649 1661 malum
1682 1607 1762 1663 sit
1790 1607 1880 1662 vi-

231 1697 498 1754 cinorum
547 1696 702 1752 bona
750 1695 931 1751 furari
979 1694 1064 1751 vel
1116 1711 1336 1768 rapere,
1370 1699 1566 1750 tamen
1609 1695 1878 1751 Israelita:

232 1785 554 1858 spoliantes
582 1784 906 1858 Egyptios,
937 1783 1075 1856 quia
1107 1800 1209 1856 per
1238 1783 1626 1840 obedientiam
1654 1784 1763 1840 hoc
1793 1785 1879 1841 fe-

232 1877 453 1944 cerunt,
509 1889 625 1930 non
677 1875 1084 1946 peccaverunt,
1137 1873 1236 1927 sed
1271 1871 1465 1945 potius
1515 1877 1873 1929 meruerunt.

232 1963 374 2020 Item
407 1978 544 2018 cum
574 1962 787 2018 ducere
819 1961 1212 2028 fornicariam,
1243 1965 1299 2016 et
1325 1961 1560 2034 gignere
1589 1960 1738 2016 ﬁlios
1761 1961 1876 2018 for-

231 2051 564 2124 nicationis,
609 2067 782 2125 grave
826 2049 1102 2106 delictum
1133 2048 1228 2117 sit,
1263 2053 1458 2106 tamen
1491 2051 1775 2122 prOpheta
1804 2051 1875 2106 ad

232 2142 578 2198 mandatum
601 2141 703 2196 Dei
726 2140 836 2196 hoc
861 2139 1096 2207 faciens,
1115 2156 1230 2195 non
1254 2139 1529 2212 peccavit,
1560 2141 1659 2195 sed
1684 2141 1877 2211 potius

230 2231 571 2306 promeruit.
624 2230 919 2294 Quantum
959 2228 1134 2285 etiam
1169 2229 1388 2284 bonum
1421 2228 1496 2284 sit
1526 2229 1875 2296 obedientia,

231 2321 544 2377 ostendunt
557 2317 744 2375 multa
755 2322 1090 2374 sanctorum
1107 2316 1877 2392 miracula.Maurusquippc

232 2409 304 2465 ad
335 2409 678 2465 mandatum
709 2407 892 2480 patris
914 2406 1209 2463 Benedicti
1235 2423 1497 2475 currens,
1531 2407 1603 2462 ad
1634 2408 1878 2479 eripien-

231 2498 371 2554 dum
395 2514 639 2571 puerum
659 2495 954 2570 placidum
980 2497 1050 2552 de
1073 2513 1244 2568 aqua,
1266 2513 1443 2569 super
1462 2513 1644 2568 aquas
1665 2496 1878 2569 legitur

233 2587 586 2644 ambulasse.
614 2586 774 2643 Alter
803 2602 1036 2658 quoque
1075 2586 1146 2640 ad
1180 2585 1524 2641 mandatum
1556 2586 1784 2642 abbatis
1814 2586 1875 2642 in

231 2677 527 2733 clibanum
549 2677 849 2732 ardentem
873 2672 1205 2748 prosiliens,
1232 2674 1639 2732 incombustus
1665 2674 1878 2750 legitur

230 2767 458 2823 exiisse.

300 2861 583 2912 Amemus
611 2855 810 2929 igitur,
845 2855 1074 2920 fratres,
1097 2851 1159 2908 in
1190 2853 1463 2910 omnibus
1485 2854 1874 2911 obedientiam

231 2943 431 3001 Deo‘in
450 2943 724 3001 omnibus
741 2943 1101 3011 obedientes,
1125 2943 1449 3014 majoribus
1467 2943 1683 2999 nostris
1699 2944 1874 2998 etiam

232 3034 290 3089 in
322 3034 618 3098 omnibus,
643 3049 770 3104 qua:
797 3037 1001 3088 contra
1023 3031 1208 3087 Deum
1234 3049 1350 3088 non
1373 3036 1531 3100 sunt,
1555 3032 1879 3105 obsequen-

229 3127 338 3191 tes,
367 3122 618 3179 scientes
645 3121 922 3194 quoniam
956 3121 1112 3194 quod
1140 3137 1244 3194 per
1265 3137 1327 3176 se
1347 3121 1578 3177 videtur
1599 3121 1804 3178 inutile
1820 3127 1878 3178 et

1988 540 2200 595 ticnter
2234 539 2842 613 sustinentes,gratias
2875 541 3135 610 agentes,
3169 543 3226 594 et
3257 554 3361 609 pro
3391 537 3646 594 inimicis

1989 629 2112 684 suis
2144 633 2400 696 orantes,
2436 628 2625 701 magis
2659 646 2724 684 ac
2757 628 2945 700 magis
2977 627 3326 682 clarescunt.
3360 627 3645 692 Quoniam

1988 733 2124 789 ergo
2155 717 2423 773 Christus
2457 717 2539 772 sic
2573 715 2683 772 fuit
2714 715 2979 782 humilis,
3014 715 3095 770 sic
3145 713 3441 781 obcdiens,
3475 720 3530 770 et
3561 715 3647 772 sic

1990 807 2238 878 patiens,
2273 806 2564 862 exaltatus
2592 811 2682 862 est
2711 806 2781 861 ad
2809 806 3101 860 dexteram
3125 803 3336 872 Patris,
3357 808 3414 860 et
3443 805 3645 860 datum

1989 900 2078 952 est
2106 895 2157 952 ei
2190 912 2423 962 nomen,
2459 896 2614 968 quod
2647 899 2735 951 est
2757 911 2933 967 super
2965 909 3136 949 omne
3169 910 3404 961 nomen,
3437 898 3500 949 ut
3532 892 3646 949 sci-

1988 983 2124 1040 licet
2154 985 2231 1040 sit
2263 1003 2414 1040 unus
2447 986 2600 1040 Deus
2633 1001 2766 1040 cum
2799 985 2965 1039 Patre
2986 987 3045 1038 et
3077 983 3298 1055 Spiritu
3323 987 3544 1038 sancto.
3578 983 3648 1039 Et

1990 1073 2098 1130 hoc
2130 1074 2180 1130 ei
2208 1073 2423 1130 idcirco
2455 1073 2671 1129 dicitur
2693 1074 2916 1141 datum,
2953 1072 3231 1145 quoniam
3263 1072 3419 1143 quod
3453 1075 3575 1128 erat
3595 1071 3645 1128 ei

1990 1165 2200 1219 natura
2229 1164 2550 1218 secundum
2585 1163 2741 1234 quod
2774 1167 2947 1232 Deus,
2990 1160 3040 1215 ei
3093 1162 3310 1216 factum
3344 1165 3433 1216 est
3460 1161 3649 1234 gratia

1990 1252 2314 1308 secundum
2375 1253 2528 1324 quod
2587 1252 2785 1308 homo.
2843 1257 2915 1310 Ut
2945 1253 3012 1307 in
3057 1251 3287 1306 nomine
3313 1255 3450 1308 Jesu
3481 1267 3648 1307 omne

1987 1357 2167 1413 genu,
2198 1341 2253 1396 id
2288 1346 2376 1396 cst
2404 1342 2596 1397 omnis
2627 1346 2885 1414 potestas
2918 1341 3206 1409 ﬂectatur,
3232 1339 3506 1407 caelestis,
3537 1343 3648 1396 ter-

1989 1445 2148 1496 rena,
2183 1434 2240 1485 et
2266 1429 2592 1486 infernalis.
2650 1435 2717 1487 Et
2745 1430 2934 1486 omnis
2970 1428 3200 1502 lingua,
3236 1427 3294 1484 id
3328 1433 3439 1496 est,
3473 1444 3646 1488 omne

1987 1534 2176 1591 genus
2207 1536 2566 1588 sermonum,
2602 1519 2981 1591 confiteatur,
3011 1520 3156 1591 quia
3178 1520 3463 1575 Dominus
3489 1521 3649 1576 Iesus

1990 1609 2249 1665 Christus
2267 1609 2326 1666 in
2347 1609 2546 1682 gloria
2563 1614 2646 1664 est
2670 1610 2776 1666 Dei
2790 1609 3009 1665 Patris.
3033 1608 3255 1680 Itaque,
3289 1609 3498 1664 fratres
3516 1607 3648 1665 cha-

1989 1698 2230 1765 rissimi,
2264 1697 2315 1754 si
2369 1699 2642 1771 cupimus
2675 1698 2975 1770 pervenire
3007 1697 3078 1752 ad
3112 1697 3212 1753 Dei
3244 1696 3517 1770 gloriam,
3549 1713 3646 1753 se-

1907 1821 1957 1890 B
1988 1804 2243 1858 quamur
2271 1788 2398 1859 ejus
2428 1787 2602 1842 viam.
2639 1786 3048 1854 Humiliemur,
3073 1786 3436 1856 obediamur,
3467 1787 3646 1860 patia-

1988 1893 2140 1931 mur.
2175 1875 2279 1940 Qui
2310 1875 2466 1931 enim
2501 1881 2589 1932 est
2619 1876 2932 1948 superbus,
2967 1873 3329 1941 inobediens,
3363 1879 3421 1930 et
3453 1875 3642 1948 impa-

1986 1965 2159 2030 tiens,
2205 1982 2319 2020 non
2366 1965 2582 2020 incedit
2608 1964 2762 2020 viam
2796 1963 3029 2028 Christi,
3065 1963 3166 2018 sed
3197 1963 3350 2018 viam
3403 1962 3644 2031 diaboli,

1986 2057 2043 2108 et
2073 2054 2199 2110 ideo
2231 2071 2365 2110 cum
2396 2071 2462 2110 eo
2487 2053 2946 2127 praecipitabitur
2975 2057 3034 2108 et
3065 2052 3458 2108 damnabitur.
3495 2054 3644 2120 Quo-

1987 2143 2214 2214 tiesque
2237 2143 2370 2215 plus
2391 2142 2711 2214 quaerimus
2733 2141 2969 2198 exaltari
3007 2141 3064 2196 in
3096 2141 3204 2197 hoc
3235 2141 3445 2197 sacculo
3469 2159 3645 2214 quam

1985 2231 2304 2300 humiliari,
2340 2232 2472 2304 plus
2504 2232 2814 2304 praecipere
2846 2248 3024 2302 quam
3058 2230 3314 2300 obedire,
3348 2229 3482 2302 plus
3513 2248 3644 2304 pro-

1986 2321 2206 2393 sperari
2227 2323 2282 2376 in
2305 2321 2623 2376 mundanis
2638 2319 3039 2392 voluptatibus
3061 2336 3238 2392 quam
3252 2319 3646 2392 correptiones

1987 2410 2127 2481 pati,
2162 2427 2276 2466 non
2323 2409 2587 2482 sapimus
2619 2425 2687 2465 ea
2717 2427 2844 2482 qua:
2878 2412 3018 2464 sunt
3053 2409 3176 2477 Doi,
3212 2409 3312 2464 sed
3345 2425 3472 2481 quae
3505 2414 3648 2466 sunt

1985 2499 2218 2555 diaboli.
2253 2499 2644 2564 Humiliemus
2666 2498 2848 2572 igitur
2878 2498 3419 2570 nosmetipsos,non
3453 2497 3646 2555 solum

1987 2588 2332 2659 majoribus,
2361 2588 2462 2643 sed
2485 2587 2663 2643 etiam
2695 2585 3023 2658 aequalibus
3046 2590 3103 2640 et
3127 2585 3474 2641 minoribus.
3499 2585 3646 2642 Obe-

1984 2677 2218 2732 diamus
2244 2677 2360 2733 Deo
2389 2679 2447 2732 et
2477 2674 2804 2747 majoribus
2845 2674 3083 2743 nostris,
3117 2691 3234 2730 non
3265 2674 3494 2743 timore,
3527 2691 3644 2732 non

1987 2766 2362 2834 mercenarie,
2398 2766 2498 2821 sed
2534 2781 2749 2820 amore.
2784 2763 3083 2820 Patiamur
3113 2762 3344 2836 ﬂagella
3373 2767 3430 2819 et
3457 2763 3643 2820 tribu-

1985 2854 2231 2911 lationes
2283 2873 2448 2927 aequo
2502 2854 2720 2922 animo,
2755 2859 2810 2908 et
2841 2852 2890 2910 si
2928 2870 3041 2909 non
3075 2851 3155 2908 ita
3185 2853 3544 2918 innocenter,
3578 2856 3645 2908 ut

1986 2944 2270 3011 Christus,
2291 2947 2487 2999 tamen
2517 2948 2581 2998 ut
2610 2943 2810 2998 dexter
2830 2941 2999 3009 latro,
3026 2958 3131 3014 pro
3153 2939 3404 3012 peccatis
3425 2941 3644 2998 nostris

1986 3032 2142 3088 mala
2171 3032 2340 3088 nobis
2372 3032 2571 3088 inferri
2603 3032 2890 3098 dicamus,
2926 3030 3146 3102 gratias
3177 3033 3437 3103 agentes,
3463 3034 3519 3084 et
3539 3045 3645 3100 pro

1989 3121 2460 3193 persecutoribus
2490 3124 2815 3186 exorantes,
2849 3124 3143 3192 quatenus
3175 3119 3313 3190 ipsae
3345 3119 3648 3191 passiones

230 3210 503 3278 otiosum,
538 3211 589 3266 si
617 3214 813 3266 tamen
846 3227 949 3282 per
979 3209 1369 3266 obedientiam
1401 3209 1521 3278 ﬁat,
1557 3210 1621 3266 ﬁt
1652 3210 1792 3265 utile
1821 3215 1879 3267 et
1908 3197 1951 3263 C
1989 3210 2108 3266 sint
2137 3210 2307 3266 nobis
2333 3210 2682 3283 purgatoria
2705 3214 2762 3265 et
2783 3208 2981 3276 utiles,
3004 3213 3068 3263 ut
3099 3224 3229 3263 cum
3265 3207 3391 3280 ipso
3425 3205 3648 3263 latrone

228 3299 614 3356 meritoriam.
672 3299 804 3356 Fuit
851 3315 1085 3372 quoque
1142 3299 1203 3354 in
1254 3299 1442 3354 Adam
1490 3297 1875 3371 impatientia,

228 3389 507 3462 quoniam
539 3388 922 3445 mitissimum
945 3389 1160 3461 jugum
1192 3388 1293 3443 Dei
1324 3387 1514 3443 noluit
1542 3388 1684 3461 pati,
1707 3392 1773 3444 ut
1799 3387 1879 3444 vi-

225 3495 366 3534 vens
398 3482 647 3534 mortem
696 3476 956 3533 evitaret.
1009 3477 1348 3533 Econtrario
1389 3475 1451 3532 in
1494 3475 1721 3532 Christo
1769 3476 1880 3533 fuit

228 3567 486 3623 maxima
496 3565 1090 3640 patientia,quoniam
1105 3565 1317 3621 durum
1334 3565 1517 3621 Patris
1531 3565 1875 3622 mandatum

226 3655 495 3728 portavit,
527 3659 592 3710 ut
621 3655 902 3721 moriens,
934 3658 1199 3710 mortuos
1230 3655 1301 3710 ad
1350 3653 1527 3710 vitam
1559 3659 1870 3712 revocaret.

224 3744 408 3800 Adam
427 3760 659 3816 quoque
679 3759 794 3799 non
809 3743 998 3815 potuit
1015 3743 1133 3815 pati
1154 3760 1256 3816 pro
1274 3759 1336 3799 se
1359 3743 1692 3813 mitissima,
1718 3743 1876 3800 Chri-

225 3837 354 3890 stus
384 3850 517 3889 vero
543 3849 752 3906 passus
785 3837 874 3888 est
895 3848 998 3904 pro
1029 3831 1160 3888 aliis
1191 3832 1528 3888 durissima.
1550 3833 1734 3888 Adam
1760 3851 1874 3890 non

224 3923 418 3996 potuit
447 3921 568 3996 pati
601 3925 666 3978 ut
690 3920 1008 3978 abstineret
1030 3937 1064 3976 a
1089 3919 1268 3994 ligno,
1301 3920 1566 3979 Christus
1593 3922 1877 3979 sustinuit

225 4016 290 4068 ut
319 4016 644 4068 moreretur
671 4010 732 4066 in
756 4010 935 4083 ligno.
970 4011 1106 4076 Quae
1141 4027 1302 4075 mors
1332 4015 1420 4066 est
1451 4011 1640 4084 magis
1671 4012 1873 4067 crude-

223 4101 472 4170 lissima,
506 4101 806 4173 probrosa,
840 4103 898 4155 et
925 4098 1122 4172 longa.
1158 4099 1321 4156 Unde
1350 4103 1406 4156 et
1435 4099 1716 4172 patientia
1745 4102 1874 4173 ejus

221 4191 332 4246 fuit
363 4191 572 4262 major,
624 4193 682 4245 et
728 4189 1010 4261 abjectior
1047 4192 1103 4245 et
1148 4188 1560 4262 longanimior.
1613 4188 1874 4246 Crudelis

220 4280 378 4336 enim
410 4295 570 4336 mors
599 4282 691 4335 est
717 4295 832 4334 non
865 4277 996 4347 cito,
1033 4278 1136 4335 sed
1170 4277 1323 4334 lente
1351 4267 1554 4334 occidi.
1588 4278 1876 4336 Probrosa

221 4385 382 4425 mors
415 4369 567 4424 inter
596 4367 830 4440 iniquos
861 4367 1138 4440 reputari.
1175 4367 1372 4441 Longa
1403 4384 1560 4424 mors
1603 4372 1691 4424 est
1738 4385 1872 4424 cum

219 4457 396 4531 longa
422 4457 726 4513 vexatione
757 4456 1018 4514 dissolvi.
1053 4457 1216 4513 Passi
1247 4462 1387 4514 sunt
1415 4460 1606 4513 autem
1641 4474 1774 4513 cum
1805 4474 1872 4514 eo

220 4546 428 4620 iniqui,
464 4546 565 4603 sed
599 4545 986 4602 dissimiliter.
1021 4545 1266 4603 Sinister
1293 4545 1448 4603 enim
1479 4545 1627 4602 latro
1654 4546 1874 4620 patitur
1901 4569 1950 4635 Ι)

220 4652 324 4709 pro
357 4638 593 4708 peccato
625 4651 752 4704 suo,
797 4651 901 4691 nec
933 4635 1262 4707 corrigitur,
1300 4635 1401 4692 sed
1435 4635 1622 4708 magis
1653 4635 1873 4707 impro-

220 4727 403 4796 perat,
436 4727 494 4779 et
537 4723 727 4796 magis
778 4723 1180 4780 deterioratur.
1224 4724 1432 4780 Dexter
1458 4741 1690 4798 quoque
1721 4723 1866 4780 latro

218 4812 442 4885 patitur
471 4829 574 4886 pro
607 4817 841 4886 peccato
874 4829 980 4869 suo
1005 4817 1062 4868 et
1087 4813 1414 4887 corrigitur,
1439 4830 1543 4886 pro
1574 4831 1637 4870 se
1667 4817 1792 4870 orat
1813 4817 1870 4870 et

218 4901 495 4957 salvatur.
553 4900 820 4959 Christus
875 4919 1010 4959 vero
1053 4903 1274 4975 patitur
1304 4920 1416 4959 non
1452 4920 1554 4975 pro
1587 4903 1734 4972 suis,
1767 4904 1868 4959 sed

218 4987 427 5045 alienis
458 4990 710 5062 peccatis
739 5007 753 5059 ;
800 4992 928 5046 orat
957 5007 1060 5063 pro
1111 4989 1388 5046 inimicis.
1422 4994 1479 5045 et
1523 4989 1710 5046 virtus
1741 4991 1869 5063 ejus

217 5078 410 5150 magis
442 5094 508 5134 ac
535 5078 723 5152 magis
740 5078 1117 5152 gloriﬁcatur.
1141 5079 1248 5135 Per
1271 5078 1380 5135 hos
1401 5083 1517 5135 tres
1541 5079 1872 5153 signiﬁcan-

214 5171 316 5224 tur
343 5167 456 5224 tria
484 5183 700 5241 genera
739 5167 1106 5242 patientium.
1161 5169 1268 5224 Per
1298 5168 1604 5224 sinistrum
1655 5169 1870 5242 quippe

215 5256 504 5313 latronem
539 5256 948 5330 signiﬁcantur
970 5257 1055 5314 illi
1082 5257 1182 5332 qui
1203 5275 1308 5330 pro
1339 5257 1591 5331 peccatis
1622 5257 1746 5314 suis
1772 5258 1871 5314 ﬂa-

213 5344 416 5419 gellati
449 5362 564 5402 non
610 5346 1018 5416 emendantur,
1053 5348 1155 5404 sed
1188 5349 1563 5402 murmurant
1591 5349 1648 5402 et
1679 5345 1868 5420 magis

215 5435 626 5508 reprobantur.
650 5436 757 5492 Per
782 5437 1050 5492 dextrum
1070 5453 1205 5492 vero
1235 5436 1519 5491 latronem
1542 5435 1870 5509 signiﬁcan-

215 5526 315 5579 tur
341 5522 427 5579 illi
459 5523 561 5598 qui
593 5540 697 5598 pro
727 5523 980 5597 peccatis
1001 5525 1126 5582 suis
1158 5523 1433 5599 ﬂagellati
1459 5525 1866 5595 emendantur,

213 5611 436 5688 gratias
465 5617 652 5690 agunt
679 5616 738 5674 et
763 5611 1086 5684 salvantur.
1121 5614 1228 5674 Per
1273 5611 1574 5675 Christum
1623 5630 1757 5676 vero

1987 3299 2326 3372 paradisum
2341 3299 2558 3354 intrare
2572 3296 3355 3354 mereamur.PerDominum
3375 3300 3643 3352 nostrum

1984 3389 2188 3446 Jesum
2221 3387 2540 3444 Christum.
2572 3389 2778 3443 Amen.

2544 3494 2848 3551 HOMILIA
2885 3493 3074 3549 XLVI.

2326 3584 2603 3624 DOMINICA
2641 3583 2699 3622 IN
2739 3583 2917 3621 RAMIS
2957 3581 3295 3621 PALMARUM.

2057 3657 2195 3714 Cum
2218 3659 2911 3730 appropinquassetlesus
2923 3655 3377 3727 Jerosolymis,et
3401 3653 3647 3710 venisset

1983 3747 2315 3818 Bethphage
2345 3748 2432 3803 ad
2460 3751 2710 3803 montem
2732 3745 2968 3813 Oliveti,
3001 3745 3158 3800 misit
3189 3744 3332 3799 duos
3357 3744 3428 3799 de
3455 3744 3642 3800 disci-

1979 3837 2138 3908 pulis
2165 3839 2305 3901 suis,
2335 3840 2442 3891 etc.
2470 3835 2703 3908 (Matth.
2734 3835 2873 3906 xxt.)
2895 3838 2961 3888 In
2983 3833 3091 3888 hac
3122 3833 3310 3889 sancti
3341 3830 3642 3905 Evangelii

1984 3924 2252 3993 lectione,
2286 3909 2491 3980 fratres
2545 3921 2898 3990 charissimi,
2948 3921 3136 3993 primo
3167 3938 3236 3976 ea
3281 3937 3406 3993 quae
3440 3921 3510 3974 ad
3546 3919 3644 3974 hi-

1984 4015 2250 4082 storiam,
2284 4014 2539 4070 secundo
2572 4030 2698 4085 qua:
2732 4012 2802 4066 ad
2837 4011 3151 4083 mysticum
3185 4026 3425 4065 sensum
3458 4007 3642 4080 perti-

1985 4109 2124 4160 nent
2141 4107 2278 4158 sunt
2295 4101 2738 4158 consideranda.
2763 4100 2912 4156 Sunt
2933 4103 3127 4155 autem
3147 4099 3318 4171 juxta
3333 4097 3641 4154 historiam

1983 4191 2246 4273 quinque
2278 4191 2649 4247 attendenda.

2053 4279 2270 4347 Primo,
2303 4295 2483 4351 quare
2515 4279 2822 4346 Dominus,
2855 4294 2990 4332 cum
3023 4280 3156 4332 ante
3200 4275 3494 4345 latuisset,
3529 4275 3640 4332 im-

1982 4369 2240 4426 minente
2271 4385 2379 4426 sua
2409 4368 2702 4440 passione,
2732 4366 2917 4423 voluit
2947 4369 3144 4439 aperte
3196 4365 3309 4437 ipsi
3345 4365 3488 4434 loco,
3524 4381 3640 4437 quo

1980 4476 2270 4531 passurus
2297 4462 2440 4526 erat,
2495 4456 2988 4530 appropinquare.
3021 4454 3182 4519 Quod
3225 4453 3354 4510 ideo
3390 4454 3542 4522 fecit,
3577 4458 3643 4510 ut

1981 4548 2413 4603 demonstraret
2429 4563 2489 4602 se
2507 4545 2741 4618 quando
2760 4543 3017 4616 oportuit
3037 4547 3420 4615 spontaneam
3445 4541 3642 4598 subire

1983 4635 2338 4708 passionem.
2372 4635 2613 4702 Quando
2644 4634 2826 4706 igitur
2867 4632 3059 4698 latuit,
3093 4631 3254 4686 dedit
3282 4630 3640 4703 imperfectis

1979 4723 2310 4797 exemplum
2361 4724 2602 4780 latendi.
2657 4721 2898 4790 Quando
2948 4720 3118 4776 morti
3153 4719 3426 4787 occurrit,
3482 4717 3642 4775 dedit

1978 4814 2249 4887 perfectis
2269 4813 2600 4885 exemplum
2616 4811 2788 4868 morti
2801 4808 3162 4868 occurrendi.
3187 4808 3428 4874 Quando
3444 4807 3634 4877 latuit,

1980 4902 2115 4957 fecit
2142 4902 2296 4974 quod
2329 4906 2454 4957 erat
2484 4900 2698 4957 carnis.
2733 4899 2974 4964 Quando
3005 4898 3179 4953 morti
3209 4897 3480 4965 occurrit,
3507 4896 3641 4952 fecit

1979 4991 2136 5062 quod
2167 4995 2291 5046 erat
2343 4990 2608 5062 spiritus.
2641 4990 2815 5045 Juxta
2859 4988 3016 5060 quod
3048 4987 3173 5060 ipse
3205 4986 3320 5043 ait:
3371 4987 3633 5060 Spiritus

1979 5081 2211 5154 quidem.
2260 5085 2567 5152 promptus
2594 5084 2700 5146 est,
2731 5095 2867 5135 caro
2899 5083 3096 5134 autem
3129 5078 3365 5148 inﬁrma
3398 5075 3628 5148 (Matth.

1977 5173 2156 5239 xxvr.)
2184 5167 2469 5224 Similiter
2498 5167 2731 5239 quando
2762 5166 2877 5223 ait:
2912 5166 3124 5224 Tristes
3152 5176 3234 5223 est
3263 5166 3469 5222 anima
3498 5181 3634 5223 mea

1975 5276 2151 5334 usque
2181 5259 2263 5315 ad
2291 5262 2542 5314 mortem
2588 5257 2808 5329 (ibid.),
2853 5255 2998 5312 dixit
3027 5257 3181 5328 quod
3212 5260 3334 5312 erat
3360 5255 3634 5312 humani-

1976 5348 2133 5405 tatis.
2159 5347 2399 5414 Quando
2420 5363 2555 5402 vero
2579 5343 2752 5402 dixit:
2773 5345 2945 5402 Nemo
2967 5343 3057 5400 tot
3065 5344 3135 5402 lit
3151 5347 3419 5402 animam
3439 5361 3636 5402 meam

1977 5457 2014 5496 (ι
2045 5453 2156 5503 me,
2191 5437 2296 5493 sed
2325 5452 2432 5509 ego
2460 5451 2608 5505 pono
2639 5451 2771 5492 eam
2813 5436 3001 5506 (Joan.
3028 5434 3108 5506 x,)
3144 5434 3292 5491 dixit
3321 5433 3477 5506 quod
3509 5437 3637 5491 erat

1977 5526 2315 5584 divinitatis.
2350 5525 2574 5596 Itaque,
2622 5524 2830 5580 fratres
2879 5523 3014 5590 mei,
3047 5523 3318 5580 Christus
3347 5522 3544 5578 carnis
3576 5527 3637 5580 et

1975 5618 2240 5694 spiritus,
2285 5613 2544 5676 hominis
2593 5616 2650 5674 et
2682 5613 2806 5688 Dei,
2837 5628 3037 5674 veram
3089 5612 3154 5672 in
3179 5629 3241 5673 se
3271 5609 3639 5696 exprimebat
