3982 6082
432 283 588 345 1831

1454 281 1856 349 ADDENDA.
1887 313 1969 329 —
2000 278 2398 359 ﬁtDULPHI
2442 278 2857 345 ARDENTIS.

3692 277 3853 357 4933

435 420 573 475 nalu
586 430 729 471 ram.
760 412 1177 471 Verumtamen
1207 412 1563 471 voluntatem
1611 411 1854 487 spiritus
1883 413 2088 471 volun~
2116 414 2173 482 Α
2200 412 2445 480 ruerint,
2473 410 2702 482 lapides
2727 409 3075 469 clamabunt
3106 414 3263 481 (Luc.
3295 412 3435 481 xxx).
3468 410 3607 479 Sed,
3642 410 3853 469 fratres

435 505 541 561 tati
598 503 815 572 carnis,
884 502 1245 560 voluntatem
1302 502 1560 559 divinam
1616 501 1887 559 humanaa
1946 520 2091 576 prae-

434 593 678 651 ferebat.
711 592 877 649 Unde
929 609 1065 649 cum
1097 591 1422 649 secundum
1453 591 1880 649 humanitatem
1912 591 2090 648 dixis-

432 687 561 743 set:
618 685 909 740 Transeat
938 698 979 738 a
1010 696 1101 737 me
1131 679 1296 737 calix
1328 682 1437 737 iste
1483 680 1720 748 (Matth.
1750 670 1924 749 in:va
1956 698 2092 737 mox

434 771 694 830 divinam
723 770 1083 828 voluntatem
1124 769 1177 827 ei
1208 771 1658 844 praaponendam
1690 787 1817 827 esse
1847 771 2089 827 demon—

434 864 604 928 strat,
638 877 774 917 cum
820 858 1057 916 subdit:
1092 863 1222 916 Non
1263 865 1458 916 tamen
1485 860 1643 934 quod
1668 876 1777 933 ego
1806 860 1957 930 volo,
1985 859 2090 915 sed

432 950 592 1025 quod
637 955 703 1007 tu
750 949 976 1018 (ibid,).
1011 948 1129 1006 Nos
1178 965 1432 1022 quoque,
1483 949 1711 1017 fratres,
1762 949 1990 1021 quoties
2019 964 2089 1004 ex

434 1038 778 1105 inﬁrmitate
823 1037 1018 1097 carnis
1073 1037 1299 1112 aliquid
1346 1038 1639 1106 volumus,
1688 1054 1822 1094 mox
1854 1055 1962 1095 nos
1990 1055 2085 1094 re-

433 1127 872 1204 prehendamus
919 1127 1183 1201 exemplo
1232 1126 1467 1192 Christi,
1520 1132 1781 1183 nostram
1819 1126 2084 1183 volunta-

433 1223 553 1276 tem
614 1216 819 1274 divina:
871 1215 1158 1272 voluntati
1218 1216 1565 1284 subdamus,
1625 1216 1920 1272 dicentes:
1974 1215 2086 1271 Ve-

432 1306 1087 1374 rumtamen_Domine,
1135 1323 1249 1362 non
1282 1311 1484 1362 nostra
1512 1305 1803 1371 voluntas.
1848 1307 1951 1362 sed
1984 1310 2085 1362 tua

434 1349 767 1365 ................
822 1349 1087 1374 ννωων,
1136 1349 1249 1362 ......
1284 1349 1484 1362 μνη...
1524 1349 1803 1371 ..,..........,
1848 1349 1951 1362 νυ...
1987 1349 2085 1362 ...υ

432 1398 555 1453 fiat.
589 1349 854 1453 Secundo
904 1395 1397 1452 considerandum
1448 1398 1556 1466 est,
1589 1412 1771 1468 quare
1799 1394 2085 1452 Dominus

431 1486 582 1542 duos
637 1483 958 1557 discipulos
1009 1483 1217 1540 solitus
1247 1487 1371 1541 erat
1399 1484 1628 1541 mittere
1659 1484 1731 1541 ad
1766 1484 2082 1558 praedican-

432 1574 598 1643 dum,
629 1572 716 1631 vel
750 1573 820 1629 ad
877 1573 1256 1645 quaerendum
1305 1572 1646 1647 hospitium,
1677 1573 1763 1629 vel
1794 1574 1866 1629 ad
1898 1574 2083 1630 addu-

432 1663 687 1720 cendum
717 1662 969 1731 asinam,
993 1660 1082 1718 vel
1112 1662 1185 1718 ad
1217 1660 1440 1735 aliquid
1470 1661 1629 1718 aliud
1653 1663 1966 1737 agendum.
1999 1662 2083 1718 Ob

428 1750 724 1825 duplicem
747 1767 985 1807 causam
1010 1750 1235 1823 utique,
1260 1751 1538 1823 quoniam
1559 1751 1619 1807 in
1641 1751 1872 1808 duobus
1895 1756 2084 1809 osten-

430 1841 591 1897 ditur
612 1840 878 1897 veritatis
899 1838 1302 1896 testimonium
1326 1844 1382 1896 et
1403 1840 1703 1897 charitatis
1725 1840 2077 1914 exemplum.

426 1929 706 1989 Veritatis
730 1929 1161 2002 testimonium,
1191 1929 1467 2001 quoniam
1498 1930 1557 1985 in
1590 1947 1687 1986 ore
1717 1931 1967 1987 duorum
1991 1928 2080 1986 vel

428 2018 607 2077 trium
660 2017 1067 2076 testimonium
1111 2021 1230 2074 stat
1261 2035 1432 2075 omne
1461 2018 1702 2075 verbum
1736 2023 1911 2087 (Deut
1942 2022 2081 2089 XIX.)

430 2106 739 2167 Charitatis
787 2106 1142 2181 exemplum,
1196 2107 1473 2180 quoniam
1516 2124 1630 2164 non
1665 2108 1862 2164 minus
1902 2125 2081 2181 quam

428 2197 581 2255 inter
599 2196 749 2254 duos
773 2214 939 2252 amor
954 2195 1260 2252 charitatis
1281 2196 1739 2253 demonstratur.
1764 2196 1927 2253 Unde
1948 2196 2079 2269 hoc,

430 2286 641 2359 inquit,
674 2287 890 2343 mando
920 2285 1086 2340 vobis
1111 2289 1177 2341 ut
1204 2284 1467 2359 diligatis
1496 2285 1762 2343 invicem.
1797 2286 1920 2344 Duo
1945 2304 2081 2361 ergo

428 2375 765 2443 mittuntur,
801 2378 866 2430 ut
894 2390 1151 2431 consono
1182 2373 1355 2431 verbo
1377 2378 1434 2429 et
1460 2373 1744 2448 exemplo,
1778 2375 2080 2431 veritatem

423 2463 740 2539 pradicant
765 2465 823 2518 et
848 2461 1214 2519 charitatem.
1245 2461 1363 2519 Nos
1386 2478 1547 2536 ergo,
1583 2462 1813 2532 fratres,
1847 2465 2081 2537 quando

422 2552 483 2611 in
512 2551 752 2610 veritate
778 2554 836 2607 et
859 2550 1141 2607 charitate
1161 2550 1235 2607 ad
1266 2550 1511 2608 invicem
1537 2569 1951 2623 eonsonamus,
1974 2571 2084 2610 nos

422 2657 552 2699 esse
572 2639 895 2715 discipulos
926 2639 1139 2697 Christi
1162 2641 1662 2698 demonstremus.
1686 2642 1928 2706 Quando
1948 2660 2082 2699 vero

422 2730 605 2805 (quod
654 2729 809 2789 absit
831 2729 870 2801 Ι)
903 2747 939 2785 a
964 2729 1207 2786 veritate
1237 2734 1295 2786 et
1324 2728 1606 2787 charitate
1651 2731 2080 2800 discordamus,

424 2836 541 2876 non
580 2817 818 2890 Christi,
852 2818 955 2875 sed
988 2817 1177 2892 magis
1219 2818 1437 2875 diaboli
1471 2837 1579 2877 nos
1603 2819 1926 2894 discipulos
1952 2838 2083 2877 esse

424 2909 922 2967 demonstremus.
951 2906 1146 2967 Tertio
1167 2925 1298 2964 vero
1320 2908 1811 2966 considerandum
1828 2914 1916 2966 est
1936 2927 2080 2983 quo-

423 2998 596 3055 modo
626 2997 781 3055 Deus
808 2996 1067 3054 ostendit
1086 3013 1147 3054 se
1167 3014 1363 3054 veram
1386 2997 1601 3055 habere
1633 2997 1997 3055 divinitatem
2019 3000 2080 3056 in

423 3103 490 3144 eo
519 3087 674 3160 quod
708 3088 908 3143 futura
928 3091 1211 3160 tanquam
1239 3087 1553 3160 praesentia
1580 3092 1801 3155 narrat,
1828 3091 1886 3144 et
1923 3089 2076 3161 quod

2200 502 2337 571 mei,
2381 499 2655 558 exultatio
2706 499 2920 557 Christi
2968 500 3249 574 quoniam
3297 499 3698 559 humilitatem
3746 499 3853 557 ha-

2198 590 2806 659 buit,fundamentum
2820 588 3068 646 stabitin
3084 594 3388 646 aeternum.
3402 588 3681 670 Quaesivit
3691 588 3851 647 enim

2197 679 2445 754 gloriam
2476 695 2590 735 non
2624 694 2817 747 suam,
2840 679 2943 735 sed
2974 677 3186 737 Patris.
3213 678 3493 735 Ascendit
3519 694 3642 734 non
3674 694 3855 752 super

2197 786 2415 843 equum
2459 766 2767 841 superbiae,
2818 768 2923 825 sed
2972 784 3151 841 super
3196 766 3426 825 asinam
3472 766 3849 824 humilitatis.

2197 859 2518 931 Susceptus
2548 857 2659 913 fuit
2686 873 2819 913 cum
2852 856 3149 927 laudibus,
3181 873 3297 913 non
3322 857 3394 914 ab
3417 855 3848 927 adulatoribus,

2195 948 2296 1003 sed
2324 964 2359 1003 a
2387 945 2753 1020 simplicibus
2781 945 2883 1019 qui
2911 945 3183 1002 nesciunt
3213 944 3460 1003 adulari.
3483 945 3549 1002 In
3579 962 3700 1019 quo
3723 962 3851 1003 con-

2194 1037 2527 1093 funduntur
2556 1034 2641 1091 illi
2664 1035 2764 1108 qui
2794 1039 3109 1108 antequam
3132 1033 3321 1092 sciant
3346 1033 3677 1101 humiliari,
3704 1034 3851 1091 exal-

2194 1126 2304 1182 tari
2334 1125 2557 1194 volunt,
2588 1141 2725 1181 cum
2772 1123 3059 1198 scriptum
3090 1123 3202 1181 sit:
3249 1124 3517 1181 Gloriam
3560 1124 3848 1198 precedit

2194 1213 2508 1272 humilitas
2536 1219 2730 1284 (Prov.
2762 1216 2885 1283 xx.)
2914 1212 3364 1271 Confunduntur
3393 1217 3451 1270 et
3481 1211 3569 1269 illi
3596 1213 3707 1286 qui
3735 1212 3849 1288 glo-

2193 1303 2344 1361 riam
2386 1321 2577 1374 suam,
2628 1321 2745 1361 non
2791 1302 2894 1360 Dei
2943 1306 3233 1376 quaerunt,
3289 1300 3391 1376 qui
3441 1318 3629 1376 super
3667 1319 3846 1375 equos

2192 1392 2526 1467 phaleratos
2554 1396 2789 1451 ventose
2813 1391 3115 1459 incedunt,
3147 1389 3249 1465 qui
3276 1389 3513 1453 laudem
3545 1391 3625 1451 ab
3653 1391 3845 1449 adula-

2189 1483 2418 1540 toribus
2462 1481 2685 1539 volunt.
2738 1481 2949 1546 Quinto
2998 1480 3425 1538 consideranda
3474 1486 3585 1551 est,
3638 1481 3845 1539 fratres

2191 1573 2328 1640 mei,
2358 1571 2569 1628 veteris
2598 1574 2655 1627 et
2692 1587 2850 1627 novae
2893 1569 3041 1645 legis
3090 1568 3494 1636 consonantia,
3541 1569 3771 1643 pariter
3795 1575 3844 1626 et

2191 1660 2549 1735 adimpletio.
2560 1659 2901 1734 Assumptio
2913 1658 3069 1717 enim
3082 1658 3217 1733 agni
3236 1657 3533 1732 paschalis
3544 1656 3605 1714 in
3619 1658 3845 1717 decima

2190 1750 2350 1821 luna,
2370 1755 2426 1807 et
2441 1749 2766 1807 immolatio
2784 1750 2843 1805 in
2862 1752 3073 1823 quarta
3086 1748 3332 1817 decima,
3343 1748 3516 1820 juxta
3529 1748 3697 1821 quod
3714 1748 3845 1805 scri-

2188 1843 2353 1912 ptum
2376 1843 2493 1895 est:
2526 1840 2759 1896 Decima
2776 1840 2874 1895 die
2901 1839 3109 1896 memis
3136 1837 3311 1912 hujus
3331 1836 3513 1895 tollat
3541 1838 3843 1912 unusquis-

2187 1946 2292 2003 que
2308 1945 2553 2003 agnum,
2565 1938 2621 1986 et
2629 1945 2795 1985 serva
2805 1929 2966 1985 bitur
2983 1927 3251 2001 usquead
3262 1933 3535 2001 quartam
3551 1927 3843 1985 decimam

2188 2018 2367 2091 diem,
2388 2025 2445 2075 et
2458 2025 2597 2075 tunc
2610 2019 3016 2075 immolabitur
3026 2018 3113 2075 ad
3124 2033 3415 2090 vesperum
3431 2016 3650 2086 (Exod.
3675 2020 3779 2087 v11)
3790 2016 3842 2072 in

2188 2107 2318 2181 ipso
2349 2107 2667 2181 adimpleta
2688 2112 2798 2166 est.
2823 2106 3091 2164 Christus
3111 2106 3270 2164 enim
3292 2105 3384 2163 die
3403 2106 3661 2176 decima,
3686 2107 3745 2163 id
3765 2110 3845 2164 est

2189 2195 2362 2253 hodie
2412 2197 2571 2253 venit
2597 2195 2947 2263 Jerusalem,
2999 2203 3058 2253 et
3105 2199 3317 2269 quarta
3344 2195 3577 2252 decima
3628 2194 3749 2263 die,
3778 2195 3843 2251 ad

2189 2303 2497 2359 vesperum
2520 2291 2747 2361 captus,
2772 2286 2845 2355 ad
2860 2285 3157 2343 victimam
3176 2286 3389 2343 ductus
3405 2288 3514 2342 est.
3541 2283 3848 2359 Prophetia

2190 2374 2503 2445 Zachariae,
2520 2375 2643 2433 haec
2660 2374 2885 2433 scilicet
2899 2391 2911 2430 :
2927 2373 3404 2448 Nolilimereﬁlia
3416 2375 3578 2443 Sion,
3590 2376 3740 2449 quia
3753 2390 3850 2430 re:

2189 2470 2326 2521 tuus
2347 2466 2499 2522 venit
2520 2471 2860 2522 mansuetus
2874 2465 2983 2521 tibi
2989 2486 3004 2532 ί
3023 2465 3229 2522 sedens
3245 2465 3655 2538 superpullum
3679 2465 3848 2521 asine

2191 2554 2397 2627 (Zach.
2424 2553 2524 2629 1x,)
2547 2554 2606 2610 in
2635 2553 2763 2627 ipso
2786 2553 3107 2626 adimpleta
3127 2558 3235 2610 est.
3267 2554 3422 2609 Laus
3442 2552 3625 2609 etiam
3647 2568 3847 2627 puero-

2190 2660 2344 2717 rum,
2369 2645 2540 2715 juxta
2567 2643 2724 2717 quod
2755 2641 3039 2717 scriptum
3059 2648 3176 2700 est:
3213 2646 3299 2700 En
3317 2659 3421 2711 ore
3439 2643 3773 2720 infanliunc
3793 2651 3844 2698 et

2194 2732 2533 2790 lactentinm
2567 2733 2864 2804 perfecisti
2886 2733 3123 2789 laudem
3143 2730 3324 2805 (Psal.
3355 2736 3505 2801 vm,)
3526 2731 3589 2787 in
3616 2731 3844 2787 Christo

2189 2821 2509 2895 adimpleta
2535 2825 2644 2879 est.
2676 2821 2810 2895 Ipsa
2852 2821 3030 2878 etiam
3076 2821 3207 2879 laus
3234 2822 3307 2878 de
3344 2819 3575 2894 psalmo
3606 2826 3846 2895 sumpta

2188 2916 2295 2968 est.
2316 2911 2423 2967 Ubi
2444 2911 2601 2968 enim
2623 2927 2730 2968 nos
2751 2908 3028 2978 dicimus,
3051 2915 3103 2969 0
3120 2912 3371 2982 Domine,
3393 2912 3590 2967 salum
3612 2928 3711 2966 me
3724 2912 3842 2983 Iac,

2189 3000 2480 3057 Haebraaus
2510 2999 2706 3068 habet,
2750 3004 3057 3068 Hosanna,
3107 3001 3246 3057 bene
3269 3016 3651 3074 prosperare,
3684 3003 3843 3057 bene-

2186 3090 2306 3147 dict
2314 3090 2485 3163 usqui
2495 3095 2770 3146 venturus
2782 3091 2946 3147 estin
2959 3091 3191 3146 nomine
3202 3090 3432 3147 Domini
3442 3090 3629 3162 (Psal.
3650 3093 3845 3159 (τινα.)

418 3176 600 3233 corda
628 3174 934 3233 hominum
955 3192 1018 3232 se
1038 3175 1305 3248 praescire
1325 3175 1713 3233 demonstrat.
1738 3176 1898 3233 Scire
1919 3176 2077 3233 enim
2106 3166 2150 3234 C
2188 3179 2630 3235 Condensitates
2662 3177 2995 3259 palmarum
3015 3181 3074 3234 et
3102 3194 3427 3245 ramorum,
3450 3178 3523 3234 de
3544 3178 3772 3251 quibus
3790 3179 3845 3233 in

424 3266 623 3323 futura
673 3270 958 3339 tanquam
1001 3264 1336 3337 praesentia,
1372 3268 1430 3321 et
1466 3264 1736 3338 praescire
1767 3265 2077 3322 hominum

424 3355 600 3410 corda
630 3353 814 3411 solius
844 3352 1169 3411 divinitatis
1217 3356 1325 3409 est.
1357 3353 1534 3410 Porro
1565 3354 1763 3411 futura
1791 3358 2076 3428 tanquam

423 3443 733 3517 praesentia
760 3459 823 3500 se
853 3442 1002 3499 scire
1033 3441 1418 3512 demonstrat,
1449 3459 1586 3499 cum
1619 3442 1734 3499 ait:
1769 3444 2080 3502 Invenietis

423 3534 651 3589 asinam
664 3531 999 3606 alligatam
1014 3537 1069 3588 et
1076 3548 1155 3604 pu
1166 3529 1190 3586 Ι
1195 3530 1313 3587 lum
1327 3550 1457 3588 cum
1471 3531 2074 3589 ea.Cordahominum

423 3637 487 3678 se
515 3619 784 3693 praescire
814 3620 1199 3688 demonstrat,
1228 3637 1363 3677 cum
1387 3620 1618 3678 subdit:
1642 3625 1717 3677 Et
1747 3622 1799 3676 si
1818 3622 1945 3696 quis
1963 3621 2080 3678 ali-

420 3710 571 3784 quid
580 3709 738 3765 vobis
748 3710 1000 3778 dixerit,
1013 3711 1193 3766 dicite
1204 3711 1628 3784 quiaDominus
1644 3710 1740 3768 his
1751 3728 1889 3785 Opus
1902 3711 2078 3769 habet

416 3804 480 3856 et
508 3797 815 3874 confestim
861 3800 1121 3856 dimittet
1148 3816 1264 3857 eos.
1296 3800 1412 3855 Nec
1443 3798 1635 3857 solum
1667 3800 1884 3874 quippe
1916 3802 2078 3858 novit

421 3888 600 3944 corda
648 3886 980 3960 hominum,
1030 3889 1132 3946 sed
1182 3888 1359 3945 etiam
1391 3905 1460 3944 ea
1499 3905 1615 3961 quo
1658 3888 1785 3945 vult
1812 3888 2075 3949 inclinat.

420 3977 567 4034 Nam
598 3977 671 4033 de
700 3994 767 4034 eo
800 3975 1084 4051 scriptum
1117 3981 1243 4034 est:
1282 3979 1405 4051 Qui
1432 3983 1627 4034 mutat
1656 3979 1843 4036 corda
1874 3996 2078 4051 regum

420 4067 613 4141 (Prov.
653 4070 790 4136 xxx).
849 4065 1096 4124 Oremus
1151 4083 1287 4141 ergo
1341 4083 1500 4134 eum,
1558 4067 1788 4137 fratres,
1843 4072 1908 4124 ut
1950 4068 2077 4141 ipse

421 4156 599 4212 corda
627 4159 828 4212 nostra
849 4154 908 4210 in
935 4154 1145 4212 melius
1166 4159 1509 4225 commutet,
1536 4160 1595 4213 et
1618 4156 1689 4212 ad
1714 4157 2075 4230 sequendam

421 4261 594 4302 suam
620 4242 978 4301 voluntatem
1008 4243 1268 4301 inclinet.
1320 4245 1537 4310 Quarto
1581 4244 2074 4303 considerandum

420 4336 532 4401 est,
564 4349 699 4389 cum
729 4333 1016 4391 Dominus
1036 4350 1272 4407 semper
1302 4334 1385 4392 ire
1406 4335 1583 4408 pedes
1621 4333 1852 4405 soleret,
1894 4353 2075 4409 quare

416 4422 530 4480 hae
558 4421 682 4479 vice
713 4420 1047 4479 vehiculum
1077 4421 1362 4496 quaesivit.
1404 4425 1567 4489 Quod
1589 4424 1718 4481 ideo
1748 4424 1901 4494 fecit,
1935 4425 2076 4498 quia

2185 3267 2413 3341 psalmo
2437 3267 2690 3324 dicitur:
2724 3268 3073 3326 Constituite
3101 3266 3253 3323 diem
3280 3265 3602 3323 solemnem
3638 3269 3705 3325 in
3726 3284 3847 3325 σοι-

2185 3358 2383 3414 densis
2410 3358 2626 3427 (ibid),
2657 3356 2830 3413 hodie
2859 3355 2919 3411 in
2950 3355 3179 3412 Christo
3210 3354 3545 3431 adimpletae
3574 3361 3743 3413 sunt.

2258 3445 2501 3520 Mystice
2547 3462 2706 3513 vero,
2737 3446 2949 3503 fratres
2980 3445 3117 3515 inci,
3158 3444 3445 3502 Dominus
3471 3446 3545 3503 ad
3579 3450 3841 3503 montem

2186 3533 2410 3604 Oliveti,
2443 3535 2503 3591 id
2535 3539 2626 3591 est
2656 3535 2729 3592 ad
2777 3534 3155 3592 altitudinem
3204 3534 3622 3591 misericordia
3669 3534 3839 3602 venit,

2185 3625 2421 3698 quando
2447 3642 2552 3698 per
2575 3641 2811 3681 carnem
2843 3624 2914 3681 ad
2946 3623 3356 3681 redimendum
3385 3623 3726 3682 Jerusalem
3756 3641 3841 3698 ap-

2184 3713 2621 3788 propinquavit.
2672 3714 2813 3771 Inde
2862 3712 3024 3769 misit
3065 3712 3359 3786 duplicem
3388 3713 3837 3786 praedicatorum

2185 3802 2663 3872 ordinem,unum
2676 3802 2747 3860 ad
2762 3802 3173 3859 adducendum
3189 3819 3294 3875 per
3304 3801 3477 3858 fidem
3492 3801 3731 3875 plebem
3740 3803 3773 3859 J
3778 3821 3836 3858 ης

2185 3891 2463 3958 deorum,
2479 3890 2729 3947 alterum
2743 3891 2815 3947 ad
2828 3889 3536 3964 adducendumpopulum
3548 3892 3835 3965 gentium.

2181 3981 2402 4037 Asinus
2412 3984 2503 4037 est
2517 3978 2735 4036 animal
2752 3984 3154 4048 mansuetum,
3172 3980 3434 4049 brutum,
3452 3979 3835 4051 laboriosum,

2184 4075 2242 4126 et
2269 4069 2507 4126 utilitati
2539 4069 2825 4127 deditum.
2857 4070 2926 4125 Et
2946 4069 3102 4127 Deus
3122 4068 3335 4143 quaerit
3354 4075 3726 4145 mansuetos,
3748 4088 3843 4128 sie-

2184 4158 2315 4216 culo
2347 4158 2583 4227 stultos,
2618 4158 2960 4220 laboriosos.
2987 4163 3045 4216 et
3066 4158 3303 4215 utilitati
3324 4158 3734 4232 proximorum
3756 4160 3845 4216 de-

2185 4249 2363 4305 ditos.
2395 4252 2506 4304 Per
2533 4247 2761 4304 asinam
2794 4247 2994 4321 igitur,
3028 4265 3154 4321 quae
3207 4246 3541 4323 eubjugalis
3570 4251 3631 4307 et
3660 4254 3846 4306 mater

2181 4342 2328 4407 erat,
2343 4336 3256 4411 signiﬁcaturplebsJudmorum,
3276 4353 3404 4410 qua:
3420 4337 3691 4412 subjugo
3702 4339 3844 4415 legis

2182 4430 2327 4491 erat,
2364 4430 2422 4482 et
2463 4424 2665 4499 populi
2700 4425 2967 4499 gentium
3005 4442 3109 4499 per
3137 4426 3316 4483 fidem
3346 4430 3539 4483 mater
3559 4433 3712 4485 erat.
3746 4428 3845 4485 Per

419 4511 992 4605 appropinquaverat
1011 4516 1245 4585 tempus
1275 4529 1390 4605 quo
1413 4511 1546 4605 ipse
1560 4517 1685 4569 erat
1703 4512 2070 4605 exaltandus.
2102 4539 2150 4605 Β
2184 4514 2415 4605 pullum
2463 4531 2597 4605 vero
2643 4515 2895 4605 liberum
2925 4514 3312 4605 etlascivum,
3358 4514 3721 4589 exprimitur
3744 4534 3841 4592 po~

421 4601 585 4658 Unde
615 4601 761 4674 ipse,
793 4599 1140 4658 imminente
1172 4601 1462 4674 passione,
1496 4601 1578 4658 ait
1610 4618 1623 4658 :
1655 4607 1852 4672 Pater,
1894 4603 2075 4661 clari-

416 4688 539 4763 ﬁca
564 4706 773 4747 nomen
799 4695 989 4749 luam.
1020 4692 1195 4747 Venit
1213 4689 1365 4747 hora
1391 4696 1457 4745 ut
1476 4689 1856 4765 clariﬁcetur
1874 4694 2076 4751 Filius

418 4785 556 4837 tuus
583 4780 771 4854 (Joan.
805 4780 970 4853 xvii.)
1002 4780 1073 4836 Et
1110 4779 1317 4836 Pater:
1369 4779 1731 4855 Clariﬁcavi,
1775 4783 1985 4857 inquit,
2014 4792 2074 4841 et

419 4869 631 4927 iterum
660 4867 1016 4942 clariﬁcabo
1054 4868 1270 4942 (ibid.).
1304 4869 1825 4944 Appropinquante
1854 4873 2073 4947 quippe

418 4957 713 5031 passione,
746 4960 972 5032 majora
994 4958 1168 5031 ccepit
1190 4975 1380 5032 agere,
1409 4962 1467 5015 et
1488 4960 1747 5032 apertius
1775 4960 2073 5035 altiusque

416 5045 754 5120 praedicare,
796 5047 991 5105 acrius
1018 5048 1253 5106 Judaeos
1282 5047 1729 5121 reprehendere,
1758 5050 1957 5123 plures
1981 5068 2073 5109 se-

417 5150 553 5193 cum
585 5135 818 5193 ducere.
867 5136 1215 5195 Imminente
1259 5136 1478 5212 quippe
1516 5138 1808 5211 passione,
1842 5141 2071 5214 quatri-

404 5223 681 5283 'duanum
713 5225 1083 5283 resuscitavit
1130 5228 1313 5297 (Joan.
1347 5227 1473 5300 xu),
1504 5227 1867 5287 divinitatem
1898 5247 2069 5288 suam

418 5315 618 5385 aperte
646 5311 999 5387 praedicavit.
1018 5331 1196 5389 super
1215 5315 1443 5373 asinam
1467 5317 1678 5375 sedens
1704 5317 2071 5377 Hierusalem

416 5400 594 5470 venit,
626 5407 684 5459 et
703 5420 739 5458 a
758 5401 973 5476 populo
994 5419 1129 5460 cum
1148 5403 1369 5463 honore
1392 5410 1705 5480 susceptus
1729 5411 1820 5465 est
1837 5408 2068 5479 (Matth.

418 5488 559 5561 xxx).
592 5491 656 5548 El
687 5491 892 5549 laudes
920 5491 1141 5565 populi,
1175 5510 1350 5568 quem
1380 5498 1517 5551 ante
1548 5499 1737 5553 tacere
1772 5492 2069 5573 precipie-

406 5575 541 5652 .bat,
574 5582 748 5645 modo
776 5582 1210 5655 nonrefutavit,
1240 5582 1345 5643 sed
1375 5583 1571 5661 potius
1600 5584 1777 5645 dixit:
1808 5589 1873 5647 Si
1900 5589 1966 5649 hi
1982 5594 2076 5655 ta-

2182 4603 2361 4678 pulus
2388 4603 2677 4678 gentium,
2703 4604 2803 4676 qui
2833 4604 2960 4661 sine
2980 4603 3105 4678 lege
3125 4609 3269 4674 erat,
3300 4608 3359 4661 et
3376 4605 3451 4661 ad
3472 4608 3840 4679 peccandum

2182 4692 2508 4750 dissolutus
2538 4696 2682 4749 erat.
2706 4693 2894 4765 Super
2912 4693 3119 4751 ambos
3138 4696 3368 4767 ponunt
3394 4692 3656 4767 apostoli
3677 4694 3844 4753 vesti.

2180 4788 2382 4840 menta
2403 4799 2531 4851 sua,
2561 4782 2796 4856 quando
2812 4799 2913 4839 eos
2927 4782 3211 4839 doctrinis
3224 4781 3580 4858 evangelieis
3595 4788 3840 4841 onerant

2181 4877 2239 4931 et
2261 4872 2573 4939 honorant,
2597 4870 2734 4929 utin
2755 4871 2839 4929 eis
2851 4872 3137 4931 Dominus
3153 4872 3372 4941 sedeat,
3393 4874 3838 4948 eteosregendo

2181 4963 2244 5021 in
2275 4961 2568 5019 ccelestem
2597 4960 2923 5018 Jerusalem
2954 4963 3148 5021 ducat.
3178 4960 3547 5019 Vestimenta
3566 4979 3685 5019 sua
3704 4970 3837 5023 ster-

2182 5055 2332 5108 nunt
2378 5050 2436 5107 in
2469 5050 2564 5106 via
2611 5049 2802 5119 activi,
2835 5048 2937 5123 qui
2975 5050 3048 5107 de
3086 5051 3259 5107 rebus
3302 5049 3739 5125 temporalibus
3778 5069 3836 5109 se

2178 5144 2475 5211 exuentes,
2494 5156 2592 5196 eas
2606 5138 2665 5193 in
2678 5139 3028 5212 obsequium
3045 5137 3259 5197 Christi
3274 5155 3645 5213 suorumque
3659 5158 3838 5201 mem-

2180 5231 2421 5288 brorum
2451 5228 2805 5303 expendunt.
2837 5228 3053 5287 Ramos
3082 5229 3155 5285 de
3175 5226 3485 5287 arboribus
3504 5229 3771 5301 cedunt,
3787 5234 3838 5287 et

2176 5319 2241 5376 in
2269 5319 2365 5375 via
2391 5320 2664 5375 sternunt
2692 5316 3118 5391 praedicatores,
3152 5317 3256 5391 qui
3301 5317 3373 5374 de
3398 5315 3570 5375 libris
3598 5324 3838 5378 senten-

2180 5408 2397 5467 tiarum
2428 5405 2741 5465 moralium
2781 5406 3056 5465 ﬂosculos
3082 5410 3418 5481 excerpunt,
3449 5410 3636 5465 eteoe
3666 5408 3731 5466 in
3753 5408 3840 5467 vis

2181 5495 2582 5554 membrorum
2596 5493 2811 5551 Christi
2823 5494 3213 5569 pretendunt.
3229 5494 3839 5556 Hosannainexeelais

2181 5586 2440 5651 clamant
2462 5581 2919 5661 contemplativi,
2936 5583 3053 5662 .qui
3083 5582 3299 5647 divinis
3312 5583 3599 5657 laudibus
3628 5590 3697 5649 at
3714 5604 3836 5661 ομ-
