3982 6082
373 269 531 332 1843

1373 269 1766 332 ADDENDA.
1799 303 1877 313 --
1924 267 2319 330 RADULPHI
2362 266 2774 330 ARDENTIS.

3625 271 3798 331 1844

369 406 600 470 ventur,
622 405 681 459 et
709 419 899 476 agnus
927 400 1153 476 legalis,
1186 406 1244 458 et
1287 419 1458 458 verus
1496 405 1697 476 Agnus
1729 401 2013 470 Christus,
2045 400 2100 468 Α
2127 403 2245 459 Non
2277 403 2596 471 remanebit,
2630 402 2844 476 inquit,
2875 418 2945 458 ex
2971 418 3032 460 eo
3062 401 3359 476 quidquam
3385 419 3557 477 usque
3595 420 3798 474 mane,

373 492 716 554 immolatus
736 492 1131 565 est,quoniam
1149 509 1252 565 per
1263 493 1597 565 passionem
1623 491 1836 547 Christi
1856 509 2023 547 mun-

2131 490 2189 547 id
2220 496 2308 548 est
2334 492 2621 564 quidquid
2643 497 2731 548 est
2761 491 3352 556 necessarium,vobis
3377 494 3449 550 de
3465 493 3704 550 Christo
3731 495 3796 550 in

376 584 488 640 dus
518 600 552 638 a
578 585 867 638 vetustate
898 583 1151 651 exuitur,
1185 585 1242 638 et
1272 583 1331 636 in
1363 581 1674 637 virtutibus
1703 581 1939 637 virescit
1967 585 2025 636 et
2129 581 2222 636 via
2252 581 2503 648 credere,
2538 581 2805 637 credetis.
2840 583 2955 638 Nec
2987 581 3312 638 remanebit
3348 581 3575 654 aliquid
3625 585 3798 655 quod

379 675 707 730 renovatur.
741 671 857 728 Nos
888 671 1375 742 quoque,fratres,
1404 671 1462 726 in
1492 670 1710 727 vernali
1742 675 2022 742 tempore,

381 766 440 820 et
465 763 526 818 in
548 765 760 834 qnarta
780 759 1163 816 decimaluna
1180 760 1692 816 Paschadebemus
1713 760 2022 828 celebrare,

380 852 660 926 quoniam
689 848 804 906 nisi
833 849 1097 921 deposita
1121 853 1428 915 vetustate,
1461 850 1720 906 innovari
1770 854 1827 905 et
1844 850 2024 905 virtu-

379 942 538 999 tibus
565 939 754 996 vivere
783 937 1150 1010 cmperimus,
1181 942 1236 994 et
1257 937 1369 995 nisi
1401 939 1726 995 doctrinam
1757 938 2026 1012 Decalogi

381 1035 439 1088 et
495 1033 749 1102 quatuor
784 1025 1231 1099 Evangeliorum
1289 1028 1672 1098 tenuerimus,
1725 1027 2027 1100 spirituale

379 1118 604 1178 Pascha
633 1117 922 1174 celebrare
953 1133 1069 1172 non
1098 1116 1382 1174 valemus.
1417 1117 1614 1184 Qualis
1647 1117 1852 1173 debeat
1901 1135 2028 1174 esse

379 1225 568 1282 agnus
590 1204 925 1280 paschalis?
959 1205 1084 1261 sine
1106 1205 2026 1275 macula,masculus,anniculus,

377 1297 438 1355 id
467 1300 558 1354 est
586 1295 878 1369 perfectus
909 1293 970 1349 in
1003 1293 1312 1362 munditia,
1347 1297 1403 1349 et
1450 1294 1511 1348 in
1557 1294 1772 1350 virtute
1802 1299 1859 1350 et
1888 1299 2031 1352 tem-

379 1403 538 1462 pore.
572 1383 712 1452 Quis
742 1388 832 1440 est
860 1383 954 1439 hic
985 1383 1314 1456 agnus,nisi
1342 1385 1543 1456 Agnus
1573 1383 1802 1456 Dei,qui
1835 1385 2032 1440 abstu-

381 1477 451 1534 lit
479 1478 716 1548 peccata
746 1473 991 1528 mundi?
1018 1477 1202 1544 (Joan.
1236 1476 1298 1541 1).
1333 1472 1440 1536 Qui
1470 1472 1582 1528 fuit
1609 1472 1735 1529 sine
1774 1473 2026 1541 macula,

382 1566 522 1640 quia
546 1571 828 1638 peccatum
853 1579 965 1619 non
991 1565 1139 1635 fecit,
1162 1579 1262 1618 nec
1285 1564 1533 1618 inventus
1561 1570 1638 1618 est
1664 1562 1820 1620 dolus
1849 1566 1907 1619 in
1939 1581 2031 1621 ore

379 1655 500 1728 ejus
533 1654 580 1727 (Ι
603 1655 750 1708 Petr.
783 1651 844 1724 ιι)
879 1668 891 1708 :
926 1651 1034 1720 Qui
1065 1651 1174 1706 fuit
1200 1655 1257 1707 et
1285 1651 1606 1719 masculus,
1639 1651 1698 1706 id
1730 1657 1818 1708 est
1846 1653 2031 1710 virilis

2132 670 2488 726 credendum
2519 671 2787 742 est,quod
2819 671 3028 727 dicatis
3057 688 3160 727 vos
3185 687 3302 726 non
3334 673 3800 745 credere,usque

2133 776 2326 831 mane,
2360 760 2417 814 id
2466 764 2554 816 est
2606 777 2793 832 usque
2839 761 2899 815 in
2948 761 3458 828 resurrectionem,
3505 761 3798 833 quoniam

2133 853 2273 905 tunc
2304 865 2420 905 non
2449 849 2558 904 erit
2585 853 2819 922 tempus
2849 849 3144 918 credendi,
3169 850 3270 905 sed
3300 850 3628 908 videndi.Si
3656 853 3800 923 quid

2131 939 2412 994 residuum
2440 941 2630 1010 fuerit,
2663 939 2722 994 id
2753 944 2842 996 est
2868 938 2918 995 si
2946 939 3084 1012 quid
3116 943 3204 996 est
3235 939 3305 994 de
3341 939 3594 1008 Christo,
3629 941 3798 1013 quod

2135 1029 2428 1100 quomodo
2457 1024 2787 1096 verum‘sit,
2820 1046 2937 1084 non
2968 1028 3409 1101 iutelligis,igne
3435 1031 3798 1095 comburens,

2136 1117 2193 1173 id
2225 1121 2314 1173 est
2345 1116 2549 1172 divinae
2590 1116 2857 1190 potentiae
2886 1117 3211 1173 ascribetis.
3248 1116 3316 1172 0s
3360 1118 3477 1188 ejus
3518 1135 3634 1175 non
3656 1135 3797 1174 con-

2133 1206 2409 1280 fr'ingetis,
2444 1207 2504 1261 id
2552 1210 2641 1261 est
2687 1206 2961 1262 virtutem
2993 1205 3318 1262 divinitatis
3365 1208 3494 1279 ejus
3547 1212 3800 1280 propter

2135 1295 2470 1369 passionem
2500 1295 2695 1351 carnis
2726 1297 2970 1352 fractam
2999 1294 3088 1352 vel
3121 1295 3470 1352 minoratam
3510 1312 3644 1354 esse
3677 1313 3798 1353 non

2137 1386 2403 1442 credetis.
2435 1385 2727 1442 Comedetzs
2755 1387 2922 1442 etiam
2967 1403 3172 1458 agnum
3215 1402 3341 1440 cum
3385 1388 3600 1458 azymis
3626 1390 3800 1458 pani-

2140 1478 2236 1532 bus
2281 1484 2333 1532 et
2377 1477 2602 1531 lactucis
2649 1477 2972 1545 agrestibus.
3024 1475 3274 1548 Azymus
3305 1474 3474 1547 panis
3508 1475 3802 1533 fermento

2138 1569 2314 1631 caret,
2344 1565 2582 1620 lactucae
2616 1567 2874 1638 agrestes
2905 1563 3124 1620 habent
3173 1562 3655 1621 amaritudinem.
3689 1566 3802 1622 Co-

2139 1653 2385 1710 medetis
2415 1653 2598 1726 igitur
2627 1669 2843 1726 agnum
2879 1669 3013 1709 cum
3045 1653 3265 1726 azymis
3295 1654 3570 1726 panibus,
3607 1654 3670 1710 id
3707 1660 3802 1712 est

382 1748 444 1802 et
468 1743 794 1844 virtuo‘s‘us,
814 1741 1028 1797 virtute
1058 1745 1116 1797 et
1154 1740 1444 1814 sapientia
1488 1742 1798 1844 perfectus,
1833 1748 2031 1817 utpote
2064 1778 2110 1844 B
2141 1760 2274 1800 cum
2331 1743 2667 1800 sinceritate
2725 1741 3068 1799 innocentiae
3127 1746 3185 1798 et
3240 1741 3524 1809 veritatis,
3551 1746 3612 1800 et
3660 1761 3800 1800 cum

384 1832 487 1907 qui
517 1829 826 1888 debellavit
855 1845 1055 1886 aereas
1086 1833 1424 1902 potestates,
1450 1834 1507 1887 et
1535 1830 1796 1904 alligavit
1825 1833 2031 1889 fortem
2064 1829 2110 1844 ⁵’
2142 1832 2386 1890 lactucis
2415 1833 2833 1906 agrestibus,id
2865 1835 2954 1888 est
2984 1849 3118 1888 cum
3151 1831 3544 1888 amaritudine
3562 1837 3623 1888 et
3643 1850 3804 1889 com-

384 1925 700 1988 armatum,
735 1924 792 1976 et
821 1917 1121 1976 distribuit
1167 1918 1356 1991 spolia
1401 1921 1530 1991 ejus
1561 1922 1710 1990 (Luc.
1743 1923 1866 1990 xu).
1902 1922 2036 1978 Fuit

383 2013 561 2070 etiam
583 2027 771 2085 agnus
801 2008 1134 2076 anniculus,
1156 2007 1216 2063 id
1247 2013 1336 2064 est
1365 2009 1658 2082 perfectus
1688 2013 1948 2084 tempore
1979 2016 2036 2068 et

385 2117 646 2175 corpore,
680 2098 959 2174 quoniam
990 2096 1050 2153 in
1081 2097 1337 2170 perfecta
1365 2101 1530 2154 aetate
1561 2116 1773 2171 passus
1825 2105 1933 2169 est,
1974 2101 2034 2156 in

387 2209 506 2266 qua
533 2189 710 2248 etiam
755 2205 882 2257 nos,
911 2190 1060 2244 teste
1076 2186 1375 2259 Apostolo,
1419 2204 1815 2261 resurgemus,
1847 2189 2034 2258 donec,

385 2278 952 2353 inquit,occurramus
981 2278 1034 2332 ei
1067 2278 1125 2332 in
1152 2278 1335 2332 virum
1359 2279 1676 2349 perfectum,
1712 2281 1769 2334 in
1816 2296 2036 2336 mensu-

389 2386 512 2426 ram
537 2367 716 2426 wtatis
742 2365 1109 2438 plenitudinis
1139 2365 1342 2421 Christi
1372 2366 1690 2439 (Ephes.1v).
1725 2368 1873 2434 Quid
1899 2386 2036 2425 con-

389 2457 612 2517 terebat
632 2454 768 2529 agni
788 2454 1082 2527 paschalis
1102 2454 1468 2512 immolatio?
1499 2456 1570 2511 ab
1603 2456 1810 2530 angelo
1839 2475 2040 2530 percu-

392 2547 572 2606 tiente
590 2544 1018 2616 liberationem,
1041 2544 1300 2600 hostium
1331 2545 1655 2602 carnalium
1688 2548 2040 2604 submersio—

395 2653 551 2705 nem,
598 2635 659 2690 in
705 2634 799 2691 via
841 2633 1344 2690 confortationem.
1398 2634 1491 2691 Sic
1540 2652 1791 2709 quoque,
1833 2639 2039 2696 fratres

391 2723 750 2791 mei,Christi
781 2722 1106 2780 immolatio
1135 2722 1344 2780 liberat
1374 2742 1480 2780 nos
1511 2742 1544 2781 a
1574 2726 2042 2796 diabolo,exstin-

391 2814 522 2890 guit
549 2813 610 2869 in
642 2813 814 2870 nobis
859 2812 1000 2869 vitia
1040 2813 1317 2884 carnalia,
1343 2817 1433 2870 est
1460 2815 1628 2871 nobis
1674 2816 1951 2873 viaticum
1985 2822 2042 2874 et

392 2902 759 2972 confortatio,
792 2902 973 2974 hujus
1019 2901 1208 2959 exsilii
1255 2901 1366 2958 via.
1401 2903 1564 2959 Sicut
1609 2905 1765 2961 enim
1813 2907 2038 2963 Hebraei

392 3011 496 3068 per
511 2991 860 3066 sanguinem
873 2990 1268 3064 agni,1initum
1283 3009 1459 3064 super
1479 2996 1794 3066 utrumque
1809 3000 2039 3067 postem

391 3087 449 3141 et
464 3083 706 3155 insuper
720 3080 1328 3150 liminari,liberantur
1341 3082 1412 3137 ab
1435 3083 1638 3156 angelo
1655 3085 2035 3156 percutiente,

391 3171 475 3228 ita
521 3152 732 3228 fratres
777 3170 914 3241 mei,
947 3187 1051 3242 per
1091 3169 1305 3226 Christi
1356 3152 1608 3241 cruce—m,
1643 3152 1856 3230 Christi
1900 3152 2040 3230 san;-
2069 3152 2111 3219 (ἶ

389 3260 568 3335 guine
597 3260 848 3326 linitam,
880 3258 1092 3314 muniti
1123 3276 1156 3314 a
1185 3259 1403 3316 dextris
1433 3265 1490 3316 et
1519 3279 1553 3316 a
1582 3261 1838 3318 sinistris
1879 3269 1935 3320 et
1981 3265 2041 3320 in

389 3350 599 3419 fronte,
632 3349 954 3406 liberamur
999 3364 1034 3403 a
1079 3347 1308 3404 diabolo
1347 3349 1682 3407 insidiante.
1717 3352 1880 3409 Sicut
1909 3371 2041 3410 vero

391 3437 614 3498 Hebraei
662 3441 796 3511 post
821 3435 1282 3493 immolationem
1331 3443 1388 3494 et
1433 3457 1537 3511 per
1578 3439 2040 3500 immolationem

391 3527 550 3602 agni,
582 3525 907 3584 submersis
936 3525 1205 3582 hostibus
1236 3528 1593 3596 carnalibus,
1625 3536 1766 3586 sunt
1810 3532 2036 3589 salvati.

390 3615 475 3674 ita
503 3619 563 3673 et
592 3632 698 3671 nos
728 3631 831 3688 per
860 3613 1192 3687 passionem
1223 3620 1280 3672 et
1317 3617 1732 3676 comestionem
1785 3623 2040 3694 corporis

391 3703 626 3773 Christi,
660 3703 964 3761 exstinctis
995 3703 1055 3760 in
1089 3705 1258 3762 nobis
1295 3705 1474 3777 vitiis,
1525 3707 1840 3768 salvamur.
1876 3711 2042 3770 Sient

393 3794 550 3853 enim
598 3792 845 3863 Hebraei,
876 3794 1153 3851 carnibus
1203 3795 1338 3868 agni
1387 3797 1585 3852 refecti
1618 3801 1675 3853 et
1705 3801 2035 3872 confortati,

390 3883 656 3942 exierunt
705 3883 947 3956 Egypto
994 3887 1054 3940 et
1098 3883 1473 3957 arripuerunt
1521 3886 1672 3942 viam
1719 3889 1792 3944 ad
1823 3894 2038 3948 terram

392 3970 821 4047 promissionis.
854 3971 938 4028 ita
984 3977 1043 4028 et
1089 3989 1216 4040 nos,
1275 3973 1534 4046 corporis
1577 3975 1789 4034 Christi
1831 3981 2039 4038 viatieo

391 4061 592 4119 refecti
619 4065 676 4117 et
705 4059 1034 4130 confortati,
1068 4066 1263 4118 mente
1286 4063 1505 4118 mundo
1535 4064 1782 4135 eximus,
1802 4071 1858 4124 et
1885 4070 2039 4128 viam

390 4151 676 4208 virtutum
707 4149 1024 4222 arripimus
1053 4151 1126 4206 ad
1156 4155 1369 4208 terram
1403 4157 1628 4209 aeternae
1659 4155 2037 4218 haereditatis.

393 4238 694 4308 Quomodo
740 4243 865 4296 erat
909 4239 1302 4296 comedendus
1333 4256 1520 4314 agnus
1551 4244 1886 4316 paschalis?
1913 4250 2038 4306 Non

393 4328 632 4396 crudus,
666 4343 781 4384 non
813 4332 1010 4384 coctus
1041 4345 1214 4400 aqua,
1237 4330 1338 4385 sed
1359 4333 1588 4387 tantum
1619 4339 1852 4393 assatus
1882 4338 2038 4410 igni:

393 4419 536 4474 Caro
566 4415 767 4486 cruda,
782 4417 1024 4472 cadaver
1057 4417 1246 4473 solum
1278 4417 1404 4474 sine
1434 4419 1625 4476 calore
1655 4427 1762 4490 est,
1797 4431 1959 4482 cocta
1980 4428 2038 4484 in

2143 1922 2458 1996 punctione
2489 1922 2776 1990 cordis,ut
2801 1920 3071 1978 videlicet
3099 1938 3216 1978 non
3266 1921 3380 1977 nisi
3426 1938 3562 1978 cum
3610 1923 3805 1995 paeni-

2143 2012 2324 2068 tentia
2352 2016 2410 2068 et
2439 2012 2826 2085 lacrymarum
2850 2009 3395 2083 compunctione,ad
3416 2010 3565 2083 Agni
3588 2027 3803 2066 carnes

2141 2118 2571 2174 praesumamus
2595 2102 2885 2157 accedere.
2921 2100 3014 2156 Sic
3065 2108 3248 2156 autem
3290 2100 3575 2156 comedetis
3611 2102 3801 2156 illum.

2143 2195 2311 2249 Renes
2344 2199 2538 2247 vestros
2567 2191 2884 2260 aceingetis,
2915 2189 2971 2245 id
3019 2193 3110 2245 est
3145 2189 3439 2245 luxuriam
3470 2189 3802 2246 rcfrenabi-

2145 2283 2362 2350 tis,non
2393 2280 2586 2338 solum
2617 2279 3008 2348 illicitum,sed
3033 2279 3212 2335 etiam
3233 2277 3802 2345 licitam.Quoniam,

2145 2373 2352 2428 fratres
2383 2369 2738 2434 charissimi,
2782 2385 2916 2425 cum
2965 2372 3128 2424 tanta
3173 2366 3424 2440 puritate
3473 2367 3550 2423 ad
3594 2384 3805 2424 carnes

2143 2461 2293 2534 Agni
2324 2459 2596 2516 accedere
2625 2459 3000 2524 debemus,ut
3022 2475 3137 2514 non
3169 2457 3360 2514 solum
3401 2457 3472 2513 ab
3523 2457 3806 2514 omnibus

2147 2549 2388 2618 illicitis,
2424 2550 2525 2605 sed
2571 2549 2746 2604 etiam
2799 2565 2833 2602 a
2881 2546 3236 2620 quibusdam
3283 2545 3460 2602 licitis
3509 2547 3806 2604 abstinere

2147 2640 2448 2696 debemus.
2501 2639 2877 2695 Calceamenta
2930 2639 2990 2692 in
3031 2636 3263 2709 pedibus
3315 2637 3543 2704 habetis,
3596 2635 3661 2691 id
3721 2640 3810 2692 est

2148 2746 2264 2786 non
2283 2729 2661 2785 adherebunt
2679 2727 2920 2784 affectus
2948 2725 3125 2783 vestri
3145 2725 3522 2792 terrenis,sed
3545 2725 3812 2782 caelestia

2148 2819 2584 2875 desiderabunt.
2619 2816 2728 2884 Qui
2766 2817 2944 2885 enim,
2978 2817 3206 2883 fratres,
3239 2831 3342 2887 per
3390 2814 3711 2871 avaritiam
3755 2819 3812 2871 et

2147 2907 2524 2980 cupiditatem
2556 2905 2813 2962 adhaeret
2839 2904 3107 2972 terrenis,
3137 2921 3252 2960 non
3285 2908 3374 2960 est
3403 2904 3626 2977 dignus
3650 2921 3810 2960 acce-

2148 2998 2284 3054 dere
2313 2998 2385 3054 ad
2417 3012 2622 3053 carnes
2649 2995 2818 3068 Agni.
2851 2996 3082 3051 Baculos
3121 3001 3358 3051 tenentes
3406 2995 3468 3049 in
3516 2996 3806 3061 manibus,

2148 3087 2208 3144 id
2239 3092 2348 3156 est,
2367 3084 2851 3142 rectitudinemin
2869 3084 3145 3157 cperibus
3180 3100 3193 3138 :
3231 3088 3296 3139 u-t
3325 3081 3549 3139 scilicet
3564 3100 3809 3139 omnem

2149 3175 2329 3232 vitam
2361 3180 2418 3231 et
2447 3174 2645 3231 omnia
2674 3191 2849 3246 opera
2872 3177 3064 3229 vestra
3093 3173 3165 3228 ad
3197 3177 3420 3228 rectum
3443 3173 3626 3226 ﬁnem
3660 3172 3814 3227 diri-

2151 3265 2321 3340 gatis.
2354 3267 2419 3321 Et
2449 3266 2663 3321 cometis
2707 3265 3055 3336 festinanter,
3088 3263 3158 3317 de
3205 3261 3362 3318 vitiis
3410 3261 3484 3316 ad
3533 3261 3809 3330 virtutes,

2151 3357 2222 3412 de
2254 3355 2474 3410 mundo
2506 3354 2577 3410 ad
2610 3357 2884 3409 aeternam
2916 3351 3169 3424 patriam
3199 3355 3603 3424 properantes,
3623 3351 3700 3406 ad
3735 3349 3810 3406 si-

2151 3444 2545 3500 militudinem
2606 3441 3028 3509 Israelitarum,
3081 3440 3182 3512 qui
3237 3457 3372 3496 cum
3425 3439 3810 3496 festinatione

2149 3534 2395 3590 exeundi
2429 3534 2499 3589 ab
2529 3535 2854 3605 Egypto,et
2872 3529 3051 3587 eundi
3069 3530 3130 3585 in
3153 3534 3367 3585 terram
3389 3529 3808 3601 promissionis

2149 3640 2367 3698 agnum
2398 3621 2796 3678 comederunt.
2830 3621 2947 3676 Nos
2996 3619 3214 3692 itaque,
3246 3619 3452 3673 fratres
3502 3618 3646 3685 mei,
3693 3635 3804 3674 non

2149 3713 2454 3786 pigre,non
2486 3710 2836 3784 negligente,
2869 3725 2985 3765 non
3017 3708 3231 3780 tepide,
3265 3706 3366 3763 sed
3411 3722 3548 3762 cum
3591 3707 3804 3762 timore

2148 3806 2205 3858 et
2234 3801 2534 3858 devotione
2565 3799 2638 3855 ad
2668 3801 2897 3854 tantum
2929 3797 3276 3854 accedamus
3304 3799 3748 3851 sacramentum
3786 3813 3800 3851 :

2149 3891 2435 3960 Quoniam
2467 3890 2566 3962 qui
2597 3887 2837 3960 indigne
2867 3883 3365 3958 sumit,judicium
3397 3883 3512 3940 sibi
3543 3885 3801 3940 mandu-

2150 3985 2240 4036 cat
2268 3984 2325 4037 et
2351 3978 2499 4034 bibit
2530 3979 2576 4050 (ι
2601 3977 2722 4034 Cor.
2749 3979 2849 4044 XI).
2879 3975 3239 4031 Accedamus
3269 3972 3450 4046 igitur
3477 3973 3553 4028 ad
3593 3988 3802 4030 carnes

2146 4069 2294 4144 Agni
2336 4085 2469 4124 cum
2523 4068 2692 4122 firma
2741 4066 2874 4131 ﬁde,
2907 4065 3210 4120 credentes
3241 4079 3378 4118 eum
3438 4062 3497 4116 in
3550 4077 3804 4134 persona

2149 4162 2333 4217 Deum
2364 4174 2590 4222 verum,
2613 4160 2669 4212 et
2697 4172 2899 4211 verum
2931 4153 3252 4219 hominem,
3285 4151 3592 4208 credentes
3621 4152 3800 4207 etiam

2148 4247 2469 4322 quemlibet
2499 4263 2612 4302 non
2643 4243 3088 4318 particulariter,
3115 4242 3216 4299 sed
3237 4240 3538 4298 Christum
3567 4257 3804 4298 sumere

2149 4340 2444 4411 integrum
2473 4338 2531 4391 et
2561 4339 2771 4390 totum.
2802 4338 2867 4388 In
2907 4349 3023 4404 quo
3055 4331 3105 4387 si
3135 4329 3276 4404 quid
3306 4328 3635 4402 intelligere
3685 4347 3800 4386 non

2145 4426 2541 4492 valemus,nec
2571 4421 3002 4490 discutere,Deo
3033 4435 3414 4475 reservemus.
3435 4417 3801 4474 Accedamus

393 4523 548 4580 aqua
575 4505 934 4574 dissolvitur,
970 4511 1166 4562 assata
1193 4525 1326 4563 vero
1356 4509 1796 4583 constringitur,
1814 4518 1877 4569 ut
1907 4533 2043 4574 ossa
2071 4529 2115 4594 ι)
2147 4517 2324 4574 etiam
2357 4514 2427 4570 ad
2460 4529 2664 4568 carnes
2711 4509 2861 4584 Agni
2905 4509 3030 4566 sine
3077 4509 3363 4564 fermento
3394 4505 3511 4562 odii
3545 4511 3602 4560 et
3631 4506 3798 4562 male

391 4595 576 4664 carni,
607 4599 664 4652 et
690 4613 822 4651 caro
852 4594 1085 4652 ossibus
1115 4595 1608 4652 herratﬁrudum
1639 4615 1775 4673 ergo
1803 4603 2034 4676 Agnnm
2144 4601 2842 4662 voluntatis.Accedamus
2872 4616 3007 4655 cum
3037 4597 3289 4670 puritate
3315 4594 3535 4651 mentis
3554 4598 3614 4650 et
3635 4595 3800 4650 devo-

390 4684 647 4743 comcdit
697 4684 798 4756 qui
851 4685 1147 4742 Christum
1214 4703 1429 4759 purum
1481 4686 1778 4745 hominem
1837 4695 2038 4752 credit.

390 4775 632 4832 Coctum
662 4778 721 4830 et
749 4773 1102 4831 dissolutum
1153 4793 1306 4848 aqua
1352 4777 1626 4844 comedit,
1661 4779 1761 4850 qui
1813 4798 1948 4839 eum
1979 4785 2037 4842 in

391 4865 539 4921 duas
554 4880 834 4936 personas
864 4863 1400 4921 dissolvit.Tostum
1417 4881 1550 4922 vero
1567 4871 1624 4923 et
1655 4869 2038 4930 cohaerentem

389 4953 644 5010 comedit
673 4953 773 5026 qui
803 4953 864 5009 in
896 4972 1014 5010 una
1042 4953 1256 5010 Christi
1288 4971 1538 5026 persona
1567 4956 1930 5016 divinitatem
1981 4969 2040 5020 et

389 5039 819 5098 humanitatem
867 5042 1220 5100 cohaerentes
1269 5044 1470 5099 credit.
1505 5044 1909 5106 Comedendus
1949 5057 2038 5108 est

389 5128 573 5202 igitur
598 5131 775 5187 etiam
805 5135 982 5201 totus,
1017 5133 1075 5188 id
1105 5137 1195 5190 est
1225 5137 1398 5206 caput
1417 5151 1550 5189 cum
1583 5135 1830 5207 pedibus
1861 5145 1918 5196 et
1945 5141 2034 5198 in-

386 5217 642 5289 testinis,
675 5218 814 5290 quia
866 5221 966 5292 qui
1013 5240 1225 5296 corpus
1256 5223 1470 5280 Christi
1500 5225 1760 5298 suscepit
1801 5232 2036 5288 credere

392 5304 636 5362 debetse
647 5323 760 5362 non
782 5307 971 5366 solum
1002 5310 1429 5378 hominem,sed
1452 5313 1629 5368 etiam
1654 5315 1836 5371 Deum
1857 5321 2036 5376 susci-

389 5409 548 5468 pere.
573 5395 852 5454 Intestina
883 5399 1145 5468 etiam,id
1175 5405 1266 5456 est
1295 5403 1561 5473 quaedam
1595 5405 1822 5462 occulta
1844 5409 2032 5479 nobis,

389 5496 520 5553 que
550 5482 621 5538 de
651 5483 880 5544 Christo
927 5492 985 5544 et
1032 5487 1271 5544 homine
1320 5489 1728 5560 praedicantur,
1761 5497 1868 5552 etsi
1918 5516 2032 5557 non

388 5567 1082 5646 intelligimus,debemus
1102 5579 1297 5634 tamen
1321 5592 1387 5632 ea
1402 5579 1690 5636 credendo
1713 5587 2030 5661 suscipere.

2149 4695 2306 4750 tione
2355 4688 2840 4764 compunctionis,
2875 4705 3010 4743 cum
3057 4686 3271 4742 virtute
3319 4683 3628 4750 castitatis,
3663 4700 3796 4739 cum

2149 4785 2485 4853 contemptu
2539 4777 2758 4846 saeculi,
2815 4793 2950 4833 cum
3000 4773 3348 4832 rectitudine
3393 4770 3608 4845 operis,
3662 4789 3797 4828 cum

2146 4869 2520 4928 festinatione
2571 4869 2641 4924 ad
2691 4872 2906 4923 terram
2938 4863 3346 4940 promissionis
3377 4862 3628 4918 scientes
3658 4861 3799 4933 quia

2145 4960 2347 5017 incolae
2377 4959 2471 5014 hic
2503 4973 2711 5014 sumus
2741 4961 2800 5012 et
2828 4954 3119 5030 peregrini
3166 4953 3318 5010 sicut
3363 4967 3569 5007 omnes
3601 4954 3798 5021 patres

2146 5050 2350 5117 nostri,
2385 5053 2440 5104 et
2471 5047 2611 5120 quia
2638 5063 2756 5120 non,
2784 5046 3070 5102 habemus
3099 5044 3194 5100 hic
3225 5045 3560 5099 manentem
3591 5039 3798 5095 civita-

2143 5145 2262 5196 tem
2294 5137 2396 5194 sed
2425 5137 2686 5192 futuram
2717 5133 3194 5208 inquirimus.Ad
3223 5147 3401 5204 quam
3431 5127 3705 5185 Christus
3725 5128 3800 5185 sit

2144 5228 2314 5285 nobis
2343 5227 2567 5293 ductor,
2598 5223 2897 5293 viaticum,
2931 5229 2989 5280 et
3028 5223 3140 5295 via,
3191 5220 3294 5295 qui
3340 5235 3476 5276 cum
3519 5217 3692 5274 Patre
3740 5222 3796 5274 et

2144 5317 2365 5391 Spiritu
2395 5319 2597 5372 sancto
2627 5314 2766 5370 vivit
2795 5317 2854 5369 et
2879 5317 3082 5387 regnat
3111 5313 3170 5368 in
3201 5316 3505 5368 aeternum.
3537 5310 3751 5362 Amen.

2763 5403 3071 5460 HOMILIA
3111 5403 3175 5457 L.

2669 5510 2728 5549 IN
2767 5509 2979 5550 VIGILIA
3014 5508 3268 5550 PASCHE.

2211 5590 2274 5644 5i
2299 5585 2724 5643 consurrexistis
2768 5599 2895 5638 cum
2944 5582 3180 5654 Christo,
3227 5593 3352 5653 quae
3394 5592 3619 5632 sursum
3666 5583 3792 5633 sunt
