3982 6082
207 277 360 342 1845

875 283 1228 347 HOMILUE
1268 286 1348 346 IN
1379 284 1628 346 EPIST.
1673 284 1776 345 ET
1817 281 2106 346 EVANG.
2151 285 2502 349 DOMINIC.
2531 321 2611 333 —
2639 289 2841 352 PARS
2885 291 2932 352 Ι.

3449 298 3474 360 1
3488 298 3604 362 846

207 416 378 488 sapite
409 415 629 489 (Coloss.
657 415 762 489 ιιι),
791 420 900 474 etc.
959 418 1272 491 Tripertita
1327 423 1415 475 cst
1471 419 1589 474 hzec
1650 417 1844 486 lectio,
1873 416 1931 484 Α
1959 432 2196 488 corpore
2252 418 2463 475 faceret
2523 439 2842 497 resurgere.
2874 427 3155 485 Ascendit
3184 428 3242 487 in
3275 433 3510 504 coelum,
3542 440 3607 494 ut

208 506 417 563 fratres
450 507 583 563 mei.
617 507 810 564 Primo
861 507 1015 562 enim
1066 508 1322 566 ostendit
1366 507 1678 580 Apostolus
1722 523 1850 580 quae

206 613 408 669 sapere
448 601 505 652 et
544 613 670 670 quae
717 614 832 653 non
891 613 1093 671 sapere
1152 599 1487 654 debeamus.
1525 598 1850 654 Ostendens

204 684 382 759 igitur
402 685 592 758 primo
614 704 740 758 qnae
771 704 974 760 sapere
1002 686 1089 742 vel
1112 705 1239 760 qua:
1263 705 1378 743 non
1411 704 1613 760 sapere
1641 688 1850 744 debea-

202 791 356 843 mus,
381 775 501 831 ait:
526 775 589 831 Si
606 778 1028 832 consurrexistis
1056 794 1182 832 cum
1208 779 1444 840 Christo.
1475 793 1601 849 quae
1636 794 1851 833 sursum

199 872 326 920 sunt
355 865 544 936 sapite.
570 865 695 920 Non
726 869 835 933 est,
867 865 1075 922 fratres
1107 865 1240 934 mei,
1277 865 1431 921 idem
1462 882 1664 938 sapere
1693 865 1851 937 quod

202 954 369 1010 scire.
404 953 563 1010 Scire
591 954 806 1010 etenim
837 959 928 1010 est
973 954 1270 1010 intellectu
1320 972 1442 1010 rem
1488 972 1712 1028 capere.
1745 956 1847 1010 Sa-

202 1059 337 1115 pere
367 1060 500 1099 vero
521 1047 747 1100 estnon
771 1042 962 1100 solum
994 1043 1311 1112 intellectu,
1328 1045 1429 1100 sed
1451 1045 1628 1100 etiam
1646 1061 1851 1117 sapore

204 1136 262 1188 et
289 1133 645 1206 experientia
673 1151 794 1188 rem
829 1151 1193 1206 cognoscere.
1219 1135 1377 1190 Scire
1409 1134 1645 1206 quidem
1678 1135 1848 1190 debe-

205 1239 340 1280 mus
370 1228 491 1280 tam
518 1223 674 1280 mala
703 1240 880 1296 quam
912 1224 1278 1280 bona.A1iter
1301 1224 1457 1280 enim
1489 1225 1849 1282 nesciremus

205 1313 358 1369 inter
407 1312 508 1369 illa
549 1313 896 1370 discernere.
934 1318 1144 1387 Sapere
1196 1332 1328 1371 vero
1387 1315 1669 1371 debemus
1727 1315 1851 1371 sola

205 1403 376 1460 bona.
403 1403 669 1476 Prmeipit
700 1403 879 1476 igitur
910 1404 1078 1460 nobis
1106 1404 1520 1477 Apostolus,ut
1551 1405 1849 1476 sapiamus

205 1493 330 1550 sola
349 1493 524 1560 bona,
547 1510 662 1548 non
685 1492 859 1560 mala,
883 1492 1140 1549 coelestia
1171 1511 1284 1549 non
1313 1498 1562 1550 terrena.
1587 1494 1852 1551 leestia

207 1583 380 1656 sapit,
414 1581 512 1655 qui
545 1587 776 1638 terrena
805 1585 1185 1638 contemnens
1214 1583 1338 1640 sola
1363 1583 1621 1640 coelestia
1650 1585 1853 1640 odorat

205 1677 263 1729 et
293 1672 673 1744 concupiscit.
708 1673 962 1728 Terrena
1015 1689 1148 1728 vero
1197 1671 1353 1744 sapit
1408 1674 1508 1744 qui
1559 1673 1849 1730 cmlestem

206 1763 481 1837 ignorans
509 1760 908 1860 dulcedinem,
919 1760 1043 1860 sola
1067 1765 1302 1860 terrena
1331 1761 1525 1860 diligit
1545 1769 1601 1818 et
1622 1763 1847 1835 quaerit.
1883 1795 1930 1860 Β

205 1857 404 1919 Porro,
436 1852 645 1908 fratres
676 1850 814 1920 mei,
833 1850 966 1907 talis
1002 1849 1110 1906 fuit
1136 1855 1366 1908 creatus
1396 1851 1592 1917 homo,
1618 1857 1684 1908 ut
1705 1852 1852 1908 desi-

203 1943 434 1998 deraret
454 1945 511 1998 et
529 1945 812 2014 quaereret
841 1941 1184 1997 naturaliter
1214 1941 1492 1998 coelestia.
1509 1942 1676 1997 Dedit
1695 1943 1853 1998 enim

204 2032 358 2088 Deus
406 2029 631 2086 homini
678 2028 986 2096 rationem,
1029 2046 1157 2101 quae
1207 2028 1553 2086 naturaliter
1603 2029 1856 2086 coelestia

203 2119 515 2177 desiderat.
551 2117 838 2183 Quoniam
870 2134 1124 2190 namque
1155 2117 1353 2173 anima
1384 2123 1584 2175 nostra
1613 2121 1686 2176 ad
1708 2118 1852 2174 ima-

202 2210 400 2284 ginem
431 2212 487 2264 et
517 2206 969 2265 similitudinem
1002 2205 1102 2263 Dei
1135 2207 1383 2263 formata
1411 2213 1518 2277 est,
1554 2209 1742 2265 tendit
1761 2226 1864 2269 na-

208 2299 479 2356 turaliter
510 2298 581 2354 ad
611 2296 930 2369 imaginem
968 2297 1040 2353 ad
1088 2314 1266 2370 quam
1311 2302 1507 2355 creata
1555 2303 1660 2355 est.
1695 2300 1856 2357 Unde

203 2387 490 2462 prepheta
523 2403 537 2442 :
575 2388 694 2443 Tibi
741 2385 887 2442 dixit
934 2403 1026 2442 cor
1053 2403 1254 2453 meum,
1285 2389 1583 2459 exquisivit
1615 2397 1662 2445 te
1689 2393 1857 2462 facies

202 2494 364 2544 mea;
397 2478 600 2549 faciem
646 2485 817 2543 tuam,
868 2477 1120 2542 Domine,
1170 2478 1447 2548 requiram
1478 2479 1649 2548 (Psal.
1681 2483 1853 2549 xxvn).

202 2568 268 2625 In
299 2583 542 2638 corpore
573 2581 807 2639 quoque
837 2563 1013 2621 talem
1044 2565 1259 2620 creavit
1279 2566 1433 2622 Dcus
1455 2567 1856 2635 hominem,ut

203 2658 331 2730 ipso
366 2656 483 2714 situ
515 2656 774 2728 corporis
805 2654 858 2712 ei
889 2655 1318 2711 demonstraret
1345 2673 1460 2728 quo
1490 2659 1726 2714 tendere
1755 2659 1854 2716 de-

215 2748 395 2804 beret.
429 2745 655 2802 Creavit
691 2745 907 2818 quippe
939 2761 1073 2801 eum
1104 2749 1362 2800 erectum
1395 2745 1464 2801 ad
1499 2746 1731 2815 cmlum,
1765 2766 1852 2806 se-

200 2837 460 2894 cundum
491 2833 638 2891 illud
673 2851 686 2890 :

260 2953 530 3017 Pronaque
555 2965 669 3000 cum
699 2951 928 3013 spectant
957 2948 1208 2999 animalia
1229 2953 1413 2999 caetera
1443 2952 1654 3011 terram,

261 3036 326 3085 0s
354 3032 550 3083 homini
575 3030 791 3080 sublime
821 3029 966 3080 dedit
993 3029 1272 3095 cazlumque
1301 3029 1472 3080 videre
1501 3031 1678 3095 [tueri]

257 3113 436 3164 Jussit.

1088 3173 1250 3236 (Ovm.
1281 3173 1400 3223 Met.
1432 3173 1464 3222 1-
1493 3188 1626 3224 verS-
1660 3175 1841 3239 8486-)
1875 3169 1916 3236 C
1954 3204 2068 3242 non
2119 3169 2424 3262 voluptas:
2440 3210 2554 3250 non
2604 3169 3143 3270 desideria-idaltid;

271 3284 573 3349 Caeterum,
604 3297 740 3336 cum
771 3278 905 3336 talis
955 3283 1184 3337 creatus
1225 3285 1382 3338 esset
1411 3281 1606 3350 homo,
1635 3285 1843 3340 merito

201 3369 694 3448 praevaricationis
715 3387 834 3426 suae
860 3373 1178 3426 excaecatus
1199 3375 1255 3426 et
1284 3372 1493 3428 brutus
1525 3372 1712 3428 factus
1733 3377 1842 3441 est,

198 3467 264 3520 ut
294 3477 455 3518 more
484 3458 718 3516 bestiali
748 3457 1065 3516 inclinatus
1095 3458 1278 3515 solam
1310 3464 1525 3517 terram
1569 3461 1758 3534 sapiat
1787 3467 1845 3520 et

188 3556 432 3626 quaerat,
455 3554 513 3606 et
533 3550 594 3606 in
614 3565 745 3606 eam
769 3547 1071 3604 moriendo
1093 3549 1470 3618 dissolvatur,
1476 3552 1646 3622 juxta
1665 3553 1810 3610 illud
1830 3565 1841 3604 :

183 3643 379 3710 Homo,
409 3657 534 3696 cum
566 3641 627 3696 in
654 3639 858 3695 honore
883 3645 1020 3694 esset
1046 3655 1156 3695 non
1189 3640 1483 3709 intellexit,
1498 3651 1843 3714 comparatus

184 3739 267 3788 est
283 3731 550 3804 jumentis
580 3727 989 3800 insipientibus,
1020 3735 1072 3783 et
1115 3728 1322 3783 similis
1378 3730 1554 3800 factus
1607 3739 1682 3786 est
1729 3733 1843 3788 illis

187 3818 594 3894 (Psal.xt.vm),
627 3816 780 3873 sicut
807 3816 984 3888 vitiis,
1014 3815 1096 3871 ita
1121 3821 1322 3873 morte.
1361 3817 1507 3873 Hinc
1549 3822 1638 3874 est
1685 3821 1840 3892 quod

184 3912 366 3982 poetae
388 3905 729 3963 describunt
751 3904 1018 3961 homines
1044 3904 1260 3960 mutari
1285 3904 1342 3959 in
1362 3905 1632 3976 pecudes.
1663 3907 1841 3962 llomo

184 3996 344 4054 enim
375 3994 477 4067 qui
508 3993 716 4049 divina:
749 3992 995 4066 originis
1027 3993 1265 4061 oblitus,
1291 3993 1400 4048 soli
1431 3993 1579 4066 gulae
1612 3994 1842 4050 deditus

187 4088 318 4152 est;
351 4083 493 4156 quid
524 4081 683 4138 aliud
715 4097 893 4154 quam
925 4082 986 4136 in
1019 4097 1262 4154 porcum
1295 4084 1559 4138 mutatus
1589 4083 1714 4138 est?
1733 4083 1840 4149 Qui

186 4189 322 4230 vero
344 4175 499 4228 totus
521 4169 816 4242 explendae
839 4169 1069 4225 libidini
1102 4170 1338 4226 deditus
1367 4175 1474 4239 est,
1508 4170 1649 4242 quid
1680 4171 1838 4228 aliud

190 4266 281 4320 est
300 4277 480 4334 quam
503 4259 562 4315 in
585 4259 829 4316 fetidum
851 4258 1081 4315 hircum
1112 4263 1375 4315 mutatus
1405 4260 1539 4315 est?
1561 4259 1842 4317 Similiter

190 4355 249 4408 et
269 4350 328 4406 in
351 4354 587 4407 caeteras
610 4349 864 4422 pecudes
897 4349 1222 4405 secundum
1254 4347 1698 4405 similitudinem
1722 4367 1841 4406 mo-

190 4457 325 4496 rum
351 4437 619 4495 homines
651 4438 939 4493 demutari
969 4437 1388 4502 dicuntur.Qui
1421 4442 1616 4493 autem
1641 4440 1841 4494 crude-

1961 523 2068 562 nos
2101 523 2331 579 quoque
2362 506 2422 562 in
2472 509 2678 567 coelum
2739 515 2953 571 faceret
3013 521 3344 578 ascendere.
3382 523 3602 598 Itaque,

1959 595 2166 652 fratres
2198 597 2334 664 mei,
2356 598 2410 652 si
2430 603 2877 660 consurrexistis
2906 606 2965 660 in
2998 607 3194 664 anima
3223 615 3329 668 eta
3349 595 3604 685 peccatis

1957 699 2088 741 cum
2121 685 2378 754 Christo,
2412 687 2469 742 id
2502 692 2608 756 est,
2641 708 2744 762 per
2771 693 3064 752 Christum
3108 707 3508 774 resurgentem
3541 705 3600 762 in

1960 790 2207 866 corpore
2230 793 2263 831 a
2285 778 2685 845 mortuis,non
2718 782 2967 840 redeatis
2991 803 3225 844 rursum
3248 792 3319 846 ad
3342 799 3598 866 peccata,

1959 879 2063 918 nec
2086 864 2328 936 sapiatis
2351 866 2604 939 amplius
2628 873 2876 937 terrena,
2891 874 2989 929 sed
3015 877 3208 947 potius
3227 897 3350 953 qum
3367 864 3602 942 sursum

1955 961 2086 1008 sunt
2107 955 2291 1023 sapite
2314 957 2410 1011 ubi
2431 958 2690 1014 Christus
2713 971 2814 1029 est,
2831 962 2889 1017 in
2911 964 3154 1022 dextera
3176 972 3281 1025 Dei
3297 975 3602 1035 πάρηςΑο

1957 1041 2009 1098 si
2031 1042 2246 1098 diceret
2269 1061 2281 1098 :
2306 1043 2440 1113 Vos,
2467 1047 2566 1116 qui
2593 1047 2806 1104 Christi
2825 1054 3090 1110 membra
3105 1058 3498 1127 estis,tendite
3511 1068 3603 1124 de-

1959 1130 2172 1186 siderio
2204 1149 2442 1188 sursum
2477 1135 2576 1190 ubi
2607 1141 2904 1208 praecessit
2935 1149 3113 1215 caput
3142 1153 3508 1209 vestrum.Et
3535 1173 3603 1212 ex

1958 1219 2066 1276 hoc
2100 1221 2254 1316 quod
2287 1221 2344 1276 in
2379 1230 2540 1295 parte
2563 1225 2690 1296 jam
2717 1233 3138 1306 resurrexistis,
3175 1240 3446 1298 confidite
3469 1247 3605 1316 quia

1959 1313 2091 1381 post
2121 1309 2414 1367 Christum
2449 1316 2795 1372 ascendetis.

2031 1399 2308 1471 Sequitur
2356 1419 2491 1474 pars
2540 1406 2816 1478 secunda,
2850 1409 2909 1464 in
2966 1429 3084 1484 qua
3142 1420 3468 1478 ostenditur
3511 1426 3604 1481 cui

1960 1488 2110 1543 mori
2134 1494 2190 1544 et
2212 1490 2304 1545 cui
2327 1491 2513 1548 vivere
2544 1494 2881 1567 debeamus,
2906 1518 3038 1558 cum
3071 1508 3370 1568 subditur:
3390 1518 3610 1573 Mortui

1959 1577 2112 1632 enim
2143 1579 2298 1648 estis,
2317 1589 2374 1636 et
2389 1582 2505 1637 vita
2528 1594 2718 1641 vestra
2747 1590 3080 1651 abscondita
3109 1607 3194 1654 est
3220 1617 3349 1658 cum
3381 1607 3608 1664 Christo

1959 1667 2018 1721 in
2050 1672 2182 1723 Deo.
2217 1671 2296 1724 Ac
2329 1670 2377 1724 si
2409 1672 2626 1728 diceret
2659 1693 2671 1728 :
2707 1677 2829 1732 Non
2876 1681 3100 1740 debetis
3142 1689 3210 1744 de
3243 1697 3445 1748 caetero
3478 1713 3604 1767 quae

1961 1773 2140 1857 super
2167 1762 2382 1814 terram
2418 1766 2578 1833 sunt,
2613 1766 2714 1820 sed
2746 1784 2871 1839 quae
2923 1789 3160 1832 sursum
3205 1785 3344 1836 sunt
3382 1762 3603 1856 sapere,

1963 1851 2242 1917 quoniam
2298 1851 2513 1906 mortui
2573 1854 2714 1911 estis
2774 1861 3014 1932 mundo,
3046 1871 3102 1922 et
3129 1868 3241 1924 vivi
3274 1872 3411 1928 Deo.
3447 1851 3609 1930 Unde

1961 1934 2087 2036 ipse
2117 1935 2254 2036 alibi
2288 1939 2472 2036 dicit:_
2490 1943 2554 1997 Si
2580 1949 2798 2003 mortui
2823 1967 3021 2009 sumus
3043 1970 3295 2031 peccato,
3328 1969 3609 2036 quomodo

1962 2025 2148 2126 adhuc
2176 2027 2388 2126 iterum
2419 2032 2666 2126 vivemus
2694 2037 2753 2126 in
2786 2040 2884 2096 illo
2916 2043 3095 2114 (Rom.
3131 2051 3205 2121 vr)
3248 2025 3399 2126 (to)?
3427 2025 3606 2114 Debe-

1965 2116 2330 2216 musigitur,
2354 2120 2562 2216 fratres
2593 2125 2870 2194 mei,esse
2892 2135 3108 2190 mortui
3137 2116 3608 2211 mundo,mortui

1965 2207 2555 2308 carni,mortuietiam
2573 2217 2818 2288 propria:
2831 2207 3607 2308 voluntati.Mortuimundo,

1967 2298 2034 2395 ut
2059 2312 2174 2395 non
2214 2297 2465 2364 divitias,
2501 2319 2615 2357 non
2664 2304 2932 2378 honores,
2982 2332 3095 2371 non
3149 2324 3458 2395 potentias,
3494 2297 3610 2384 non

1965 2383 2202 2483 glorias,
2237 2403 2348 2441 non
2382 2388 2672 2448 desideria
2701 2399 2928 2468 mundi,
2965 2405 3064 2459 sed
3099 2383 3222 2463 cmli
3255 2383 3607 2483 quaeramus.

1966 2473 2185 2570 Ita-unde
2217 2492 2288 2570 se
2311 2483 2610 2570 mortuum
2657 2500 2784 2539 esse
2837 2493 3092 2550 ostendit
3131 2473 3445 2570 Apostolus
3475 2473 3609 2564 cum

1965 2561 2131 2617 dicit:
2150 2565 2288 2620 Mihi
2305 2566 2498 2621 autem
2519 2571 2667 2626 absit
2686 2575 2938 2642 gloriari
2965 2584 3078 2638 nisi
3097 2586 3154 2641 in
3179 2561 3354 2647 cruce

1963 2653 2150 2708 nostri
2165 2654 2297 2709 Jesu
2314 2657 2544 2726 Christi,
2563 2675 2669 2728 per
2688 2680 2854 2734 quem
2877 2670 3020 2727 mihi
3038 2679 3285 2736 mundus
3299 2685 3612 2756 cruciﬁxus

1962 2750 2071 2847 “ff
2093 2751 2156 2841 ,ετ
2187 2760 2293 2842 ego,
2307 2747 2530 2847 ζητίηάθ
2557 2751 2702 2847 (θαίο
2736 2755 2833 2827 "llo
2869 2758 3144 2833 Mundus,
3208 2769 3414 2830 fratres
3459 2747 3610 2847 'mei,

1963 2829 2113 2924 mihi
2131 2833 2451 2924 crueiﬁxus
2485 2842 2595 2906 est,
2628 2838 2676 2895 si
2710 2858 2802 2900 me
2833 2863 2948 2903 non
2984 2829 3166 2912 trahit
3209 2859 3334 2918 suis

1964 2919 2199 2976 mentis.
2234 2921 2348 3019 ligo
2377 2939 2512 2980 vero
2545 2931 2765 2988 mundo
2819 2939 3132 3000 crucifixus
3169 2963 3325 3019 sum,

1963 3024 2077 3063 non
2109 3009 2429 3082 amplector
2458 3015 2784 3077 desideriis.
2821 3025 3032 3096 Mqrtui
3081 3037 3241 3092 carni
3285 3009 3607 3106 esse

1964 3115 2119 3166 mus,
2152 3103 2216 3207 ut
2248 3117 2361 3207 non
2393 3104 2696 3176 gulositas,
2726 3129 2837 3168 non
2882 3117 3152 3191 ebrietas,
3188 3144 3304 3185 non
3354 3103 3604 3207 luxuria,

2074 3276 2084 3286 .
2128 3228 2554 3293 munimentis”
2604 3228 2894 3260 uesiueria
2950 3228 3143 3270 carnis
3197 3228 3595 3290 quaerantura

2201 3279 2300 3333 sed
2350 3281 2614 3385 spiritus.
2651 3288 2812 3346 Unde
2859 3296 3174 3368 Apostolus
3251 3276 3594 3385 Montilieate

1949 3368 2235 3478 niemhra'
2246 3380 2437 3475 vestra
2464 3391 2588 3446 quav
2602 3389 2734 3435 sunt
2748 3397 2926 3456 super
2940 3396 3181 3460 terram,
3201 3414 3325 3470 quae

1950 3457 2184 3556 nicatio,
2217 3459 2474 3531 luxuria,
2505 3469 2778 3536 avaritia,
2811 3457 3265 3554 comessationes,
3289 3457 3596 3556 ebrietates
3661 3467 3666 3472 δ

1951 3547 2183 3652 (Coloss.
2215 3551 2318 3619 ιιι),
2351 3554 2458 3606 etc.
2494 3554 2562 3608 Et
2587 3555 2725 3652 alibi
2741 3576 2757 3652 :7
2787 3565 2900 3632 Qui
2920 3547 3600 3652 autem,inq'uit,

1949 3645 2102 3733 διξηι,
2122 3653 2356 3733 Carnem
2375 3656 2540 3733 suam
2563 3649 2978 3719 cruciﬁxerunt
2994 3674 3127 3717 cum
3149 3645 3304 3724 vitiis
3323 3645 3378 3726 et
3398 3689 3600 3733 concu-

1950 3726 2241 3824 piscentiis
2273 3729 2415 3799 (Gal.
2449 3731 2522 3801 v).
2560 3733 2771 3793 Mortui
2801 3743 2976 3801 etiam
3008 3754 3254 3824 propriae
3313 3726 3597 3824 voluntati

1951 3831 2080 3913 esse
2111 3816 2414 3886 debemus,
2436 3826 2500 3875 ut
2531 3840 2643 3878 non
2677 3816 3073 3900 nostram,sed
3106 3816 3208 3899 Dei
3237 3816 3597 3913 vallium-ta;

1951 3903 2139 4003 facere
2163 3913 2615 4003 quzeramusAd
2649 3919 2803 3986 quod
2832 3927 3094 3998 exemplo
3127 3933 3218 3987 sui
3253 3903 3598 4001 nos—invitat

1951 3991 2236 4049 Dominus
2269 3996 2496 4054 dicens:
2521 4007 2642 4058 Non
2672 4008 2823 4064 enim
2850 4015 2976 4069 veni
3003 4027 3065 4072 ut
3091 4022 3309 4090 faciant
3339 3991 3599 4089 volunt;

1951 4090 2066 4185 tem
2097 4099 2315 4185 meam,
2337 4089 2438 4185 sed
2465 4093 2812 4152 voluntatem
2843 4105 3037 4160 Patris
3069 4089 3187 4166 mei
3211 4117 3310 4185 qui
3337 4120 3491 4176 misit
3507 4140 3597 4180 me

1949 4173 2139 4268 (Joan.
2163 4173 2417 4243 v1).Quis
2449 4179 2604 4236 enim
2638 4185 2847 4245 melius
2868 4191 3071 4250 debuit
3113 4173 3299 4260 facere
3330 4173 3594 4268 volante:

1950 4264 2068 4368 tem
2100 4278 2290 4368 suam,
2311 4280 2487 4368 quam
2523 4269 2700 4329 Filius
2731 4276 2970 4352 Dei,qui
3005 4303 3180 4346 unam
3212 4264 3593 4368 sempercum

1949 4350 2116 4456 Eatre
2147 4351 2332 4456 habet
2365 4355 2722 4418 voluntatem
2743 4366 2770 4420 ‘?
2798 4350 3056 4430 attamen
3105 4396 3220 4436 non
3268 4350 3593 4456 8υὲιῶξεῖξᾶ

1948 4439 2047 4495 Dei
2075 4440 2434 4538 voluntatem
2468 4464 2530 4503 se
2553 4467 2807 4522 quaerere
2835 4459 2997 4532 dicit,
3033 4470 3096 4521 ut
3125 4485 3231 4526 nos
3281 4439 3597 4538 instrueret

189 4527 341 4627 litati
371 4533 428 4585 et
459 4525 730 4627 sanguini
763 4527 995 4627 deditus
1027 4532 1136 4594 est,
1169 4526 1312 4627 quid
1362 4525 1531 4626 aliud.
1571 4527 1841 4627 quamAin
1870 4546 1918 4611 D
1950 4546 2066 4627 non
2100 4535 2390 4627 nostram,
2417 4538 2518 4592 sed
2549 4539 2648 4597 Dei
2693 4561 2925 4620 semper
2954 4525 3009 4608 et
3041 4525 3598 4627 quarereve'tvtggé;

187 4617 398 4690 lupum
429 4619 694 4672 mutatus
721 4619 810 4672 est
830 4615 858 4670 ?
887 4619 1112 4688 Itaque,
1165 4617 1371 4671 fratres
1421 4615 1556 4684 mei,
1609 4621 1845 4688 propter

191 4704 443 4779 primam
473 4703 1031 4777 praevaricationem,
1057 4704 1348 4776 duplicem
1383 4709 1630 4760 mortem
1655 4706 1846 4762 incur-

193 4794 402 4861 rimus,
433 4793 676 4850 alteram
707 4793 917 4849 animze
963 4794 1213 4866 peccatis
1253 4798 1565 4861 excaicatai,
1599 4794 1843 4852 alteram

192 4889 454 4956 corporis
476 4882 532 4937 in
559 4887 774 4939 terram
798 4900 967 4938 suam
998 4883 1359 4939 revertentis.
1385 4888 1458 4939 At
1483 4901 1594 4939 non
1629 4885 1844 4941 oblitus

195 4970 461 5029 misereri
495 4976 667 5039 Deus,
691 4990 794 5046 pro
827 4972 996 5029 nobis
1027 4976 1114 5027 est
1142 4973 1317 5028 homo
1349 4973 1556 5040 factus,
1578 4978 1844 5030 mortuus

192 5066 286 5120 est
315 5066 371 5119 et
401 5063 736 5132 resurrexit,
771 5068 829 5120 et
859 5063 1180 5119 ascendens
1213 5061 1272 5116 in
1317 5063 1528 5118 cmlum
1579 5065 1742 5119 sedet
1772 5065 1844 5120 ad

193 5153 494 5210 dexteram
526 5152 735 5208 Patris.
769 5152 1036 5207 Mortuus
1086 5151 1304 5224 quippe
1353 5156 1441 5207 est
1492 5151 1618 5208 sola
1661 5157 1846 5209 morte

193 5241 478 5315 corporis,
525 5244 591 5297 ut
648 5245 958 5314 utramque
1015 5245 1261 5298 mortem
1322 5245 1604 5308 nostram,
1639 5243 1846 5298 anima:

195 5331 423 5388 scilicet
452 5335 510 5388 et
539 5331 818 5403 corporis,
854 5331 913 5386 in
947 5331 1116 5388 nobis
1148 5332 1488 5387 destrueret.
1517 5332 1850 5388 Resurrexit

196 5419 325 5478 sola
375 5419 636 5493 corporis
679 5421 1120 5492 resurrectione,
1150 5426 1216 5478 ut
1257 5439 1363 5477 nos
1393 5424 1451 5476 et
1481 5421 1538 5475 in
1570 5420 1766 5476 anima
1793 5427 1850 5479 et

271 5598 386 5669 (40)
409 5597 584 5672 Vulg.
618 5616 733 5657 non
764 5599 846 5657 sic
876 5617 1116 5674 prorsus
1147 5602 1410 5675 loquitur
1437 5600 1546 5657 loc.
1579 5598 1677 5655 cit.

1951 4617 2342 4726 voluntatem.-
2371 4625 2592 4698 Itaque,
2625 4632 2833 4692 fratres
2865 4641 2997 4709 mei,
3033 4617 3148 4701 non
3180 4655 3463 4726 nostram,
3494 4617 3597 4714 sed

1952 4707 2055 4763 Dei
2084 4707 2444 4813 voluntatem
2495 4734 2727 4794 semper
2773 4743 3128 4802 quaaramus,
3161 4742 3218 4794 et
3246 4707 3597 4813 inquaritum

1953 4814 2291 4903 possumus,
2323 4802 2629 4878 faciamus,
2655 4817 2712 4868 et
2742 4815 2792 4870 ei
2825 4818 3092 4880 dicamus
3125 4842 3136 4880 :
3172 4827 3296 4884 Non
3326 4802 3601 4903 ἦλθε,Βο-

1954 4888 2131 4988 mine,
2157 4888 2453 4988 .vonluntas,
2475 4899 2572 4952 sed
2608 4905 2709 4958 tua
2740 4905 2935 4963 ﬁat.Si
2968 4927 3104 4985 ergo
3135 4919 3406 4988 praedicto
3428 4888 3600 4982 modo

1955 4978 2524 5071 mortuifuerimus,
2571 4991 2680 5046 erit
2734 4999 2934 5065 procul
2993 4978 3169 5061 dubio
3230 5008 3346 5065 vita
3403 5019 3604 5071 nostra

1955 5067 2490 5174 Ebsconditancum
2549 5079 2778 5174 Christo
2810 5086 2867 5142 in
2900 5089 3036 5160 Deo,
3068 5099 3132 5150 ut
3161 5113 3295 5154 cum
3326 5067 3602 5174 Apostolo

1955 5156 2223 5251 dicamus
2256 5177 2268 5251 ς
2309 5164 2444 5218 Vivo
2471 5185 2575 5238 ego
2592 5171 2724 5241 jam
2755 5190 2865 5231 non
2888 5195 3013 5250 ego,
3047 5184 3178 5242 vivit
3202 5156 3396 5245 auten;
3424 5193 3484 5248 in
3511 5211 3605 5251 me

1955 5246 2393 5353 crariszusvgcal.‘
2427 5255 2506 5324 ιι),
2535 5258 2650 5353 vita
2682 5262 2882 5335 utique
2920 5246 3045 5326 tam
3103 5255 3392 5348 spirituali
3426 5246 3607 5353 qua

1960 5338 2191 5433 aeterna.
2222 5339 2292 5394 Et
2321 5341 2439 5396 vita
2468 5347 2727 5417 quidem,
2762 5353 2970 5414 fratres
3021 5338 3157 5430 mei:
3201 5338 3492 5441 spirituali

1957 5432 2414 5500 vimus,quando
2438 5443 2624 5494 morte
2648 5449 3020 5510 peccatorum
3045 5432 3264 5513 anobis
3285 5457 3608 5530 eliminata,
