  <div class='ocr_page' id='page_1' title='image "/cluster/home/n/w/nwhite01/storage/ocr_20150623/155/hvd.32044054760137/927.png"; bbox 0 0 3982 6082; ppageno 0'>
   <div class='ocr_carea' id='block_1_1' title="bbox 406 310 602 393">
    <p class='ocr_par' dir='ltr' id='par_1_1' title="bbox 406 310 602 393">
     <span class='ocr_line' id='line_1_1' title="bbox 406 310 602 393; baseline -0.015 0"><span class='ocrx_word' id='word_1_1' title='bbox 406 310 602 393; x_wconf 73' lang='lat' dir='ltr'>&#39;isi7</span> 
     </span>
    </p>
   </div>
   <div class='ocr_carea' id='block_1_2' title="bbox 1428 325 2869 392">
    <p class='ocr_par' dir='ltr' id='par_1_2' title="bbox 1428 325 2869 392">
     <span class='ocr_line' id='line_1_2' title="bbox 1428 325 2869 392; baseline 0.001 -1"><span class='ocrx_word' id='word_1_2' title='bbox 1428 328 1826 392; x_wconf 80' lang='lat' dir='ltr'>ADDENDA.</span> <span class='ocrx_word' id='word_1_3' title='bbox 1862 360 1938 371; x_wconf 91' lang='grc'><strong>--</strong></span> <span class='ocrx_word' id='word_1_4' title='bbox 1966 325 2411 391; x_wconf 78' lang='lat' dir='ltr'>RADULPHIS</span> <span class='ocrx_word' id='word_1_5' title='bbox 2454 326 2869 392; x_wconf 71' lang='lat' dir='ltr'>ARDENTIS.</span> 
     </span>
    </p>
   </div>
   <div class='ocr_carea' id='block_1_3' title="bbox 3702 328 3863 392">
    <p class='ocr_par' dir='ltr' id='par_1_3' title="bbox 3702 328 3863 392">
     <span class='ocr_line' id='line_1_3' title="bbox 3702 328 3863 392; baseline -0.006 0"><span class='ocrx_word' id='word_1_6' title='bbox 3702 328 3863 392; x_wconf 60' lang='grc'><strong>1848</strong></span> 
     </span>
    </p>
   </div>
   <div class='ocr_carea' id='block_1_4' title="bbox 446 459 3859 538">
    <p class='ocr_par' dir='ltr' id='par_1_4' title="bbox 446 459 3859 538">
     <span class='ocr_line' id='line_1_4' title="bbox 446 459 3859 538; baseline -0.001 -15"><span class='ocrx_word' id='word_1_7' title='bbox 446 466 507 523; x_wconf 87' lang='lat' dir='ltr'>in</span> <span class='ocrx_word' id='word_1_8' title='bbox 538 465 672 534; x_wconf 83' lang='lat' dir='ltr'>ﬁde,</span> <span class='ocrx_word' id='word_1_9' title='bbox 707 466 764 521; x_wconf 90' lang='lat' dir='ltr'>et</span> <span class='ocrx_word' id='word_1_10' title='bbox 804 478 926 538; x_wconf 91' lang='lat' dir='ltr'>spe,</span> <span class='ocrx_word' id='word_1_11' title='bbox 961 465 1018 519; x_wconf 91' lang='lat' dir='ltr'>et</span> <span class='ocrx_word' id='word_1_12' title='bbox 1066 459 1349 519; x_wconf 88' lang='lat' dir='ltr'>charitate</span> <span class='ocrx_word' id='word_1_13' title='bbox 1402 461 1677 532; x_wconf 85' lang='lat' dir='ltr'>vivimus,</span> <span class='ocrx_word' id='word_1_14' title='bbox 1730 460 1791 516; x_wconf 89' lang='lat' dir='ltr'>in</span> <span class='ocrx_word' id='word_1_15' title='bbox 1831 459 2087 534; x_wconf 88' lang='lat' dir='ltr'>justitia,</span> <span class='ocrx_word' id='word_1_16' title='bbox 2116 461 2170 528; x_wconf 77' lang='grc' dir='ltr'><strong>Α</strong></span> <span class='ocrx_word' id='word_1_17' title='bbox 2200 476 2334 516; x_wconf 91' lang='lat' dir='ltr'>mus</span> <span class='ocrx_word' id='word_1_18' title='bbox 2372 464 2431 518; x_wconf 90' lang='lat' dir='ltr'>et</span> <span class='ocrx_word' id='word_1_19' title='bbox 2477 477 2810 535; x_wconf 72' lang='lat' dir='ltr'>qummmus</span> <span class='ocrx_word' id='word_1_20' title='bbox 2855 460 3135 532; x_wconf 66' lang='lat' dir='ltr'>caelestia,</span> <span class='ocrx_word' id='word_1_21' title='bbox 3182 460 3399 521; x_wconf 76' lang='lat' dir='ltr'>mortui</span> <span class='ocrx_word' id='word_1_22' title='bbox 3455 461 3714 530; x_wconf 89' lang='lat' dir='ltr'>mundo,</span> <span class='ocrx_word' id='word_1_23' title='bbox 3746 463 3859 520; x_wconf 84' lang='lat' dir='ltr'>vivi</span> 
     </span>
    </p>
   </div>
   <div class='ocr_carea' id='block_1_5' title="bbox 447 550 2092 624">
    <p class='ocr_par' dir='ltr' id='par_1_5' title="bbox 447 550 2092 624">
     <span class='ocr_line' id='line_1_5' title="bbox 447 550 2092 624; baseline -0.004 -11"><span class='ocrx_word' id='word_1_24' title='bbox 447 553 851 623; x_wconf 80' lang='lat' dir='ltr'>misericordia</span> <span class='ocrx_word' id='word_1_25' title='bbox 880 558 936 609; x_wconf 89' lang='lat' dir='ltr'>et</span> <span class='ocrx_word' id='word_1_26' title='bbox 966 552 1229 609; x_wconf 79' lang='lat' dir='ltr'>castitate</span> <span class='ocrx_word' id='word_1_27' title='bbox 1268 551 1610 624; x_wconf 60' lang='lat' dir='ltr'>ceterisque</span> <span class='ocrx_word' id='word_1_28' title='bbox 1642 550 1958 607; x_wconf 81' lang='lat' dir='ltr'>virtutibus</span> <span class='ocrx_word' id='word_1_29' title='bbox 1988 550 2092 606; x_wconf 81' lang='lat' dir='ltr'>ilo-</span> 
     </span>
    </p>
   </div>
   <div class='ocr_carea' id='block_1_6' title="bbox 402 640 2095 708">
    <p class='ocr_par' dir='ltr' id='par_1_6' title="bbox 402 640 2095 708">
     <span class='ocr_line' id='line_1_6' title="bbox 402 640 2095 708; baseline -0.006 -4"><span class='ocrx_word' id='word_1_30' title='bbox 402 662 407 671; x_wconf 66' lang='lat'><em>*</em></span> <span class='ocrx_word' id='word_1_31' title='bbox 446 663 649 703; x_wconf 90' lang='lat' dir='ltr'>remus</span> <span class='ocrx_word' id='word_1_32' title='bbox 676 648 733 700; x_wconf 89' lang='lat' dir='ltr'>et</span> <span class='ocrx_word' id='word_1_33' title='bbox 760 643 1205 698; x_wconf 80' lang='lat' dir='ltr'>fructiﬁcamus.</span> <span class='ocrx_word' id='word_1_34' title='bbox 1239 643 1373 708; x_wconf 81' lang='lat' dir='ltr'>Quae</span> <span class='ocrx_word' id='word_1_35' title='bbox 1402 641 1520 697; x_wconf 88' lang='lat' dir='ltr'>vita</span> <span class='ocrx_word' id='word_1_36' title='bbox 1548 657 1706 697; x_wconf 90' lang='lat' dir='ltr'>nunc</span> <span class='ocrx_word' id='word_1_37' title='bbox 1735 644 1825 697; x_wconf 90' lang='lat' dir='ltr'>est</span> <span class='ocrx_word' id='word_1_38' title='bbox 1855 640 2095 696; x_wconf 87' lang='lat' dir='ltr'>abscon-</span> 
     </span>
    </p>
   </div>
   <div class='ocr_carea' id='block_1_7' title="bbox 448 729 2096 803">
    <p class='ocr_par' dir='ltr' id='par_1_7' title="bbox 448 729 2096 803">
     <span class='ocr_line' id='line_1_7' title="bbox 448 729 2096 803; baseline -0.004 -11"><span class='ocrx_word' id='word_1_39' title='bbox 448 736 571 792; x_wconf 86' lang='lat' dir='ltr'>dita</span> <span class='ocrx_word' id='word_1_40' title='bbox 592 750 724 791; x_wconf 88' lang='lat' dir='ltr'>cum</span> <span class='ocrx_word' id='word_1_41' title='bbox 739 732 968 788; x_wconf 80' lang='lat' dir='ltr'>Christo</span> <span class='ocrx_word' id='word_1_42' title='bbox 990 731 1047 786; x_wconf 93' lang='lat' dir='ltr'>in</span> <span class='ocrx_word' id='word_1_43' title='bbox 1073 729 1495 803; x_wconf 89' lang='lat' dir='ltr'>Deo,quoniam</span> <span class='ocrx_word' id='word_1_44' title='bbox 1519 730 1631 787; x_wconf 84' lang='lat' dir='ltr'>etsi</span> <span class='ocrx_word' id='word_1_45' title='bbox 1653 747 1808 786; x_wconf 90' lang='lat' dir='ltr'>nunc</span> <span class='ocrx_word' id='word_1_46' title='bbox 1828 729 2096 785; x_wconf 83' lang='lat' dir='ltr'>videmur</span> 
     </span>
    </p>
   </div>
   <div class='ocr_carea' id='block_1_8' title="bbox 449 819 2092 893">
    <p class='ocr_par' dir='ltr' id='par_1_8' title="bbox 449 819 2092 893">
     <span class='ocr_line' id='line_1_8' title="bbox 449 819 2092 893; baseline -0.004 -13"><span class='ocrx_word' id='word_1_47' title='bbox 449 823 768 880; x_wconf 84' lang='lat' dir='ltr'>mundanis</span> <span class='ocrx_word' id='word_1_48' title='bbox 816 820 1156 877; x_wconf 88' lang='lat' dir='ltr'>hominibus</span> <span class='ocrx_word' id='word_1_49' title='bbox 1195 820 1403 892; x_wconf 89' lang='lat' dir='ltr'>abjecti</span> <span class='ocrx_word' id='word_1_50' title='bbox 1432 824 1488 875; x_wconf 91' lang='lat' dir='ltr'>et</span> <span class='ocrx_word' id='word_1_51' title='bbox 1516 819 1681 887; x_wconf 91' lang='lat' dir='ltr'>viles,</span> <span class='ocrx_word' id='word_1_52' title='bbox 1713 819 2092 893; x_wconf 85' lang='lat' dir='ltr'>opprobrium</span> 
     </span>
    </p>
   </div>
   <div class='ocr_carea' id='block_1_9' title="bbox 447 907 2095 982">
    <p class='ocr_par' dir='ltr' id='par_1_9' title="bbox 447 907 2095 982">
     <span class='ocr_line' id='line_1_9' title="bbox 447 907 2095 982; baseline -0.004 -12"><span class='ocrx_word' id='word_1_53' title='bbox 447 912 759 970; x_wconf 89' lang='lat' dir='ltr'>hominum</span> <span class='ocrx_word' id='word_1_54' title='bbox 781 916 838 966; x_wconf 91' lang='lat' dir='ltr'>et</span> <span class='ocrx_word' id='word_1_55' title='bbox 862 910 1112 982; x_wconf 88' lang='lat' dir='ltr'>abjeetio</span> <span class='ocrx_word' id='word_1_56' title='bbox 1144 908 1477 981; x_wconf 91' lang='lat' dir='ltr'>plebis,etsi</span> <span class='ocrx_word' id='word_1_57' title='bbox 1504 908 1808 964; x_wconf 83' lang='lat' dir='ltr'>videamur</span> <span class='ocrx_word' id='word_1_58' title='bbox 1833 907 2095 981; x_wconf 85' lang='lat' dir='ltr'>quotidie</span> 
     </span>
    </p>
   </div>
   <div class='ocr_carea' id='block_1_10' title="bbox 449 996 2094 1073">
    <p class='ocr_par' dir='ltr' id='par_1_10' title="bbox 449 996 2094 1073">
     <span class='ocr_line' id='line_1_10' title="bbox 449 996 2094 1073; baseline -0.004 -14"><span class='ocrx_word' id='word_1_59' title='bbox 449 1002 689 1069; x_wconf 78' lang='lat' dir='ltr'>esurire,</span> <span class='ocrx_word' id='word_1_60' title='bbox 749 1016 936 1073; x_wconf 76' lang='lat' dir='ltr'>egere,</span> <span class='ocrx_word' id='word_1_61' title='bbox 999 1002 1055 1053; x_wconf 87' lang='lat' dir='ltr'>et</span> <span class='ocrx_word' id='word_1_62' title='bbox 1108 998 1247 1071; x_wconf 88' lang='lat' dir='ltr'>pati,</span> <span class='ocrx_word' id='word_1_63' title='bbox 1292 996 1566 1053; x_wconf 60' lang='lat' dir='ltr'>mstimati</span> <span class='ocrx_word' id='word_1_64' title='bbox 1621 1002 1902 1069; x_wconf 86' lang='lat' dir='ltr'>tanquam</span> <span class='ocrx_word' id='word_1_65' title='bbox 1961 1012 2094 1053; x_wconf 92' lang='lat' dir='ltr'>oves</span> 
     </span>
    </p>
   </div>
   <div class='ocr_carea' id='block_1_11' title="bbox 449 1085 2094 1159">
    <p class='ocr_par' dir='ltr' id='par_1_11' title="bbox 449 1085 2094 1159">
     <span class='ocr_line' id='line_1_11' title="bbox 449 1085 2094 1159; baseline -0.004 -10"><span class='ocrx_word' id='word_1_66' title='bbox 449 1090 780 1157; x_wconf 87' lang='lat' dir='ltr'>occisionis,</span> <span class='ocrx_word' id='word_1_67' title='bbox 800 1094 997 1145; x_wconf 89' lang='lat' dir='ltr'>tamen</span> <span class='ocrx_word' id='word_1_68' title='bbox 1022 1088 1157 1155; x_wconf 81' lang='lat' dir='ltr'>fide,</span> <span class='ocrx_word' id='word_1_69' title='bbox 1183 1104 1306 1159; x_wconf 89' lang='lat' dir='ltr'>spe,</span> <span class='ocrx_word' id='word_1_70' title='bbox 1333 1091 1389 1142; x_wconf 90' lang='lat' dir='ltr'>et</span> <span class='ocrx_word' id='word_1_71' title='bbox 1409 1085 1467 1141; x_wconf 90' lang='lat' dir='ltr'>in</span> <span class='ocrx_word' id='word_1_72' title='bbox 1488 1085 1712 1143; x_wconf 89' lang='lat' dir='ltr'>occulto</span> <span class='ocrx_word' id='word_1_73' title='bbox 1733 1087 1887 1159; x_wconf 88' lang='lat' dir='ltr'>apud</span> <span class='ocrx_word' id='word_1_74' title='bbox 1915 1091 2094 1143; x_wconf 89' lang='lat' dir='ltr'>Deum</span> 
     </span>
    </p>
   </div>
   <div class='ocr_carea' id='block_1_12' title="bbox 447 1174 2093 1252">
    <p class='ocr_par' dir='ltr' id='par_1_12' title="bbox 447 1174 2093 1252">
     <span class='ocr_line' id='line_1_12' title="bbox 447 1174 2093 1252; baseline -0.004 -14"><span class='ocrx_word' id='word_1_75' title='bbox 447 1181 716 1249; x_wconf 87' lang='lat' dir='ltr'>vivimus,</span> <span class='ocrx_word' id='word_1_76' title='bbox 750 1182 816 1234; x_wconf 90' lang='lat' dir='ltr'>ut</span> <span class='ocrx_word' id='word_1_77' title='bbox 846 1177 1141 1252; x_wconf 88' lang='lat' dir='ltr'>possimus</span> <span class='ocrx_word' id='word_1_78' title='bbox 1173 1176 1364 1232; x_wconf 85' lang='lat' dir='ltr'>dicere</span> <span class='ocrx_word' id='word_1_79' title='bbox 1389 1193 1525 1231; x_wconf 91' lang='lat' dir='ltr'>cum</span> <span class='ocrx_word' id='word_1_80' title='bbox 1553 1174 1828 1248; x_wconf 87' lang='lat' dir='ltr'>Apostolo</span> <span class='ocrx_word' id='word_1_81' title='bbox 1853 1194 1867 1232; x_wconf 87' lang='lat'>:</span> <span class='ocrx_word' id='word_1_82' title='bbox 1904 1180 1974 1235; x_wconf 89' lang='lat' dir='ltr'>Ut</span> <span class='ocrx_word' id='word_1_83' title='bbox 1997 1191 2093 1233; x_wconf 82' lang='lat' dir='ltr'>ca-</span> 
     </span>
    </p>
   </div>
   <div class='ocr_carea' id='block_1_13' title="bbox 448 1267 2096 1344">
    <p class='ocr_par' dir='ltr' id='par_1_13' title="bbox 448 1267 2096 1344">
     <span class='ocr_line' id='line_1_13' title="bbox 448 1267 2096 1344; baseline -0.005 -15"><span class='ocrx_word' id='word_1_84' title='bbox 448 1272 648 1344; x_wconf 74' lang='lat' dir='ltr'>stigati</span> <span class='ocrx_word' id='word_1_85' title='bbox 666 1279 721 1326; x_wconf 87' lang='lat' dir='ltr'>et</span> <span class='ocrx_word' id='word_1_86' title='bbox 736 1285 847 1324; x_wconf 90' lang='lat' dir='ltr'>non</span> <span class='ocrx_word' id='word_1_87' title='bbox 874 1267 1226 1338; x_wconf 70' lang='lat' dir='ltr'>morti/irati,</span> <span class='ocrx_word' id='word_1_88' title='bbox 1245 1275 1517 1338; x_wconf 83' lang='lat' dir='ltr'>tauquam</span> <span class='ocrx_word' id='word_1_89' title='bbox 1545 1268 1948 1334; x_wconf 85' lang='lat' dir='ltr'>morientes,et</span> <span class='ocrx_word' id='word_1_90' title='bbox 1969 1280 2096 1322; x_wconf 84' lang='lat' dir='ltr'>ecce</span> 
     </span>
    </p>
   </div>
   <div class='ocr_carea' id='block_1_14' title="bbox 448 1353 2092 1431">
    <p class='ocr_par' dir='ltr' id='par_1_14' title="bbox 448 1353 2092 1431">
     <span class='ocr_line' id='line_1_14' title="bbox 448 1353 2092 1431; baseline -0.006 -11"><span class='ocrx_word' id='word_1_91' title='bbox 448 1363 689 1421; x_wconf 81' lang='lat' dir='ltr'>vivimus</span> <span class='ocrx_word' id='word_1_92' title='bbox 715 1362 801 1431; x_wconf 84' lang='lat' dir='ltr'>(II</span> <span class='ocrx_word' id='word_1_93' title='bbox 831 1361 962 1415; x_wconf 87' lang='lat' dir='ltr'>Cor.</span> <span class='ocrx_word' id='word_1_94' title='bbox 990 1362 1087 1421; x_wconf 83' lang='lat' dir='ltr'>v1).</span> <span class='ocrx_word' id='word_1_95' title='bbox 1121 1354 1252 1410; x_wconf 87' lang='lat' dir='ltr'>Vita</span> <span class='ocrx_word' id='word_1_96' title='bbox 1301 1371 1434 1411; x_wconf 90' lang='lat' dir='ltr'>vero</span> <span class='ocrx_word' id='word_1_97' title='bbox 1485 1353 1774 1427; x_wconf 78' lang='lat' dir='ltr'>spirituali</span> <span class='ocrx_word' id='word_1_98' title='bbox 1809 1353 2092 1423; x_wconf 87' lang='lat' dir='ltr'>vivemus,</span> 
     </span>
    </p>
   </div>
   <div class='ocr_carea' id='block_1_15' title="bbox 450 1441 2096 1527">
    <p class='ocr_par' dir='ltr' id='par_1_15' title="bbox 450 1441 2096 1527">
     <span class='ocr_line' id='line_1_15' title="bbox 450 1441 2096 1527; baseline -0.005 -19"><span class='ocrx_word' id='word_1_99' title='bbox 450 1451 684 1527; x_wconf 87' lang='lat' dir='ltr'>quando</span> <span class='ocrx_word' id='word_1_100' title='bbox 705 1449 815 1504; x_wconf 89' lang='lat' dir='ltr'>hoc</span> <span class='ocrx_word' id='word_1_101' title='bbox 847 1445 1092 1502; x_wconf 84' lang='lat' dir='ltr'>mortale</span> <span class='ocrx_word' id='word_1_102' title='bbox 1120 1460 1332 1517; x_wconf 90' lang='lat' dir='ltr'>corpus</span> <span class='ocrx_word' id='word_1_103' title='bbox 1362 1444 1566 1499; x_wconf 84' lang='lat' dir='ltr'>induet</span> <span class='ocrx_word' id='word_1_104' title='bbox 1596 1441 2096 1499; x_wconf 86' lang='lat' dir='ltr'>immortalitatem</span> 
     </span>
    </p>
   </div>
   <div class='ocr_carea' id='block_1_16' title="bbox 451 1532 2095 1599">
    <p class='ocr_par' dir='ltr' id='par_1_16' title="bbox 451 1532 2095 1599">
     <span class='ocr_line' id='line_1_16' title="bbox 451 1532 2095 1599; baseline -0.006 0"><span class='ocrx_word' id='word_1_105' title='bbox 451 1546 510 1599; x_wconf 91' lang='lat' dir='ltr'>et</span> <span class='ocrx_word' id='word_1_106' title='bbox 529 1537 974 1597; x_wconf 84' lang='lat' dir='ltr'>beatitudinem.</span> <span class='ocrx_word' id='word_1_107' title='bbox 997 1535 1131 1599; x_wconf 80' lang='lat' dir='ltr'>Quae</span> <span class='ocrx_word' id='word_1_108' title='bbox 1153 1532 1270 1588; x_wconf 89' lang='lat' dir='ltr'>vita</span> <span class='ocrx_word' id='word_1_109' title='bbox 1290 1549 1447 1589; x_wconf 90' lang='lat' dir='ltr'>nunc</span> <span class='ocrx_word' id='word_1_110' title='bbox 1478 1537 1566 1589; x_wconf 91' lang='lat' dir='ltr'>est</span> <span class='ocrx_word' id='word_1_111' title='bbox 1595 1532 1938 1589; x_wconf 89' lang='lat' dir='ltr'>abscondita</span> <span class='ocrx_word' id='word_1_112' title='bbox 1959 1549 2095 1589; x_wconf 91' lang='lat' dir='ltr'>cum</span> 
     </span>
    </p>
   </div>
   <div class='ocr_carea' id='block_1_17' title="bbox 450 1621 2093 1695">
    <p class='ocr_par' dir='ltr' id='par_1_17' title="bbox 450 1621 2093 1695">
     <span class='ocr_line' id='line_1_17' title="bbox 450 1621 2093 1695; baseline -0.006 -8"><span class='ocrx_word' id='word_1_113' title='bbox 450 1630 679 1687; x_wconf 87' lang='lat' dir='ltr'>Christo</span> <span class='ocrx_word' id='word_1_114' title='bbox 702 1628 763 1683; x_wconf 91' lang='lat' dir='ltr'>in</span> <span class='ocrx_word' id='word_1_115' title='bbox 787 1627 924 1684; x_wconf 92' lang='lat' dir='ltr'>Deo.</span> <span class='ocrx_word' id='word_1_116' title='bbox 950 1622 1235 1691; x_wconf 87' lang='lat' dir='ltr'>Quoniam</span> <span class='ocrx_word' id='word_1_117' title='bbox 1261 1621 1370 1678; x_wconf 88' lang='lat' dir='ltr'>etsi</span> <span class='ocrx_word' id='word_1_118' title='bbox 1395 1639 1607 1695; x_wconf 90' lang='lat' dir='ltr'>corpus</span> <span class='ocrx_word' id='word_1_119' title='bbox 1628 1622 2093 1691; x_wconf 89' lang='lat' dir='ltr'>nostrum,mori,</span> 
     </span>
    </p>
   </div>
   <div class='ocr_carea' id='block_1_18' title="bbox 450 1710 2095 1794">
    <p class='ocr_par' dir='ltr' id='par_1_18' title="bbox 450 1710 2095 1794">
     <span class='ocr_line' id='line_1_18' title="bbox 450 1710 2095 1794; baseline -0.005 -18"><span class='ocrx_word' id='word_1_120' title='bbox 450 1725 805 1794; x_wconf 86' lang='lat' dir='ltr'>putrescere,</span> <span class='ocrx_word' id='word_1_121' title='bbox 837 1714 1158 1770; x_wconf 90' lang='lat' dir='ltr'>incinerare</span> <span class='ocrx_word' id='word_1_122' title='bbox 1191 1727 1348 1767; x_wconf 91' lang='lat' dir='ltr'>nunc</span> <span class='ocrx_word' id='word_1_123' title='bbox 1377 1710 1660 1780; x_wconf 89' lang='lat' dir='ltr'>videatur,</span> <span class='ocrx_word' id='word_1_124' title='bbox 1691 1715 1748 1767; x_wconf 92' lang='lat' dir='ltr'>et</span> <span class='ocrx_word' id='word_1_125' title='bbox 1778 1711 2095 1768; x_wconf 87' lang='lat' dir='ltr'>mundanis</span> 
     </span>
    </p>
   </div>
   <div class='ocr_carea' id='block_1_19' title="bbox 2201 548 3860 627">
    <p class='ocr_par' dir='ltr' id='par_1_19' title="bbox 2201 548 3860 627">
     <span class='ocr_line' id='line_1_19' title="bbox 2201 548 3860 627; baseline 0.004 -22"><span class='ocrx_word' id='word_1_126' title='bbox 2201 548 2339 615; x_wconf 91' lang='lat' dir='ltr'>Deo,</span> <span class='ocrx_word' id='word_1_127' title='bbox 2381 554 2675 623; x_wconf 87' lang='lat' dir='ltr'>quatenus</span> <span class='ocrx_word' id='word_1_128' title='bbox 2717 568 2841 608; x_wconf 85' lang='lat' dir='ltr'>eum</span> <span class='ocrx_word' id='word_1_129' title='bbox 2872 554 3116 610; x_wconf 80' lang='lat' dir='ltr'>Christus</span> <span class='ocrx_word' id='word_1_130' title='bbox 3143 555 3464 627; x_wconf 72' lang='lat' dir='ltr'>apparuerit</span> <span class='ocrx_word' id='word_1_131' title='bbox 3491 556 3611 610; x_wconf 83' lang='lat' dir='ltr'>vita</span> <span class='ocrx_word' id='word_1_132' title='bbox 3639 564 3860 619; x_wconf 80' lang='lat' dir='ltr'>nostra,</span> 
     </span>
    </p>
   </div>
   <div class='ocr_carea' id='block_1_20' title="bbox 2200 643 3945 717">
    <p class='ocr_par' dir='ltr' id='par_1_20' title="bbox 2200 643 3945 717">
     <span class='ocr_line' id='line_1_20' title="bbox 2200 643 3945 717; baseline 0.004 -23"><span class='ocrx_word' id='word_1_133' title='bbox 2200 646 2330 694; x_wconf 85' lang='lat' dir='ltr'>tunc</span> <span class='ocrx_word' id='word_1_134' title='bbox 2365 646 2417 696; x_wconf 84' lang='lat' dir='ltr'>et</span> <span class='ocrx_word' id='word_1_135' title='bbox 2460 656 2560 696; x_wconf 84' lang='lat' dir='ltr'>nos</span> <span class='ocrx_word' id='word_1_136' title='bbox 2606 643 2992 713; x_wconf 82' lang='lat' dir='ltr'>apparebimus</span> <span class='ocrx_word' id='word_1_137' title='bbox 3045 659 3171 699; x_wconf 88' lang='lat' dir='ltr'>cum</span> <span class='ocrx_word' id='word_1_138' title='bbox 3218 645 3330 717; x_wconf 85' lang='lat' dir='ltr'>ipso</span> <span class='ocrx_word' id='word_1_139' title='bbox 3378 645 3437 700; x_wconf 87' lang='lat' dir='ltr'>in</span> <span class='ocrx_word' id='word_1_140' title='bbox 3484 645 3690 716; x_wconf 81' lang='lat' dir='ltr'>gloria.</span> <span class='ocrx_word' id='word_1_141' title='bbox 3727 648 3861 717; x_wconf 88' lang='lat' dir='ltr'>Ipso</span> <span class='ocrx_word' id='word_1_142' title='bbox 3944 696 3945 701; x_wconf 46' lang='grc' dir='ltr'><strong>η</strong></span> 
     </span>
    </p>
   </div>
   <div class='ocr_carea' id='block_1_21' title="bbox 2202 728 3860 806">
    <p class='ocr_par' dir='ltr' id='par_1_21' title="bbox 2202 728 3860 806">
     <span class='ocr_line' id='line_1_21' title="bbox 2202 728 3860 806; baseline 0.004 -25"><span class='ocrx_word' id='word_1_143' title='bbox 2202 731 2514 799; x_wconf 74' lang='lat' dir='ltr'>praestante</span> <span class='ocrx_word' id='word_1_144' title='bbox 2545 728 2641 801; x_wconf 91' lang='lat' dir='ltr'>qui</span> <span class='ocrx_word' id='word_1_145' title='bbox 2673 729 2813 784; x_wconf 84' lang='lat' dir='ltr'>vivit</span> <span class='ocrx_word' id='word_1_146' title='bbox 2839 735 2895 785; x_wconf 90' lang='lat' dir='ltr'>et</span> <span class='ocrx_word' id='word_1_147' title='bbox 2920 735 3123 803; x_wconf 86' lang='lat' dir='ltr'>regnat</span> <span class='ocrx_word' id='word_1_148' title='bbox 3170 748 3305 787; x_wconf 90' lang='lat' dir='ltr'>cum</span> <span class='ocrx_word' id='word_1_149' title='bbox 3347 736 3515 789; x_wconf 85' lang='lat' dir='ltr'>Patre</span> <span class='ocrx_word' id='word_1_150' title='bbox 3540 736 3603 788; x_wconf 89' lang='lat' dir='ltr'>et</span> <span class='ocrx_word' id='word_1_151' title='bbox 3630 732 3860 806; x_wconf 88' lang='lat' dir='ltr'>Spiritu</span> 
     </span>
    </p>
   </div>
   <div class='ocr_carea' id='block_1_22' title="bbox 2202 817 3638 889">
    <p class='ocr_par' dir='ltr' id='par_1_22' title="bbox 2202 817 3638 889">
     <span class='ocr_line' id='line_1_22' title="bbox 2202 817 3638 889; baseline 0.004 -17"><span class='ocrx_word' id='word_1_152' title='bbox 2202 822 2402 872; x_wconf 91' lang='lat' dir='ltr'>sancto</span> <span class='ocrx_word' id='word_1_153' title='bbox 2422 833 2525 889; x_wconf 89' lang='lat' dir='ltr'>per</span> <span class='ocrx_word' id='word_1_154' title='bbox 2553 817 2752 874; x_wconf 88' lang='lat' dir='ltr'>omnia</span> <span class='ocrx_word' id='word_1_155' title='bbox 2780 818 2995 875; x_wconf 64' lang='lat' dir='ltr'>saecula</span> <span class='ocrx_word' id='word_1_156' title='bbox 3024 819 3393 877; x_wconf 64' lang='lat' dir='ltr'>seculorum.</span> <span class='ocrx_word' id='word_1_157' title='bbox 3426 822 3638 878; x_wconf 83' lang='lat' dir='ltr'>Amen.</span> 
     </span>
    </p>
   </div>
   <div class='ocr_carea' id='block_1_23' title="bbox 2803 907 3242 966">
    <p class='ocr_par' dir='ltr' id='par_1_23' title="bbox 2803 907 3242 966">
     <span class='ocr_line' id='line_1_23' title="bbox 2803 907 3242 966; baseline 0.002 -3"><span class='ocrx_word' id='word_1_158' title='bbox 2803 907 3113 964; x_wconf 81' lang='lat' dir='ltr'><strong>HOMILIA</strong></span> <span class='ocrx_word' id='word_1_159' title='bbox 3153 909 3242 966; x_wconf 88' lang='lat' dir='ltr'>LI.</span> 
     </span>
    </p>
   </div>
   <div class='ocr_carea' id='block_1_24' title="bbox 2664 1012 3385 1055">
    <p class='ocr_par' dir='ltr' id='par_1_24' title="bbox 2664 1012 3385 1055">
     <span class='ocr_line' id='line_1_24' title="bbox 2664 1012 3385 1055; baseline 0.004 -4"><span class='ocrx_word' id='word_1_160' title='bbox 2664 1012 2721 1051; x_wconf 76' lang='grc' dir='ltr'>ΙΝ</span> <span class='ocrx_word' id='word_1_161' title='bbox 2762 1012 2855 1052; x_wconf 83' lang='lat' dir='ltr'>DIE</span> <span class='ocrx_word' id='word_1_162' title='bbox 2890 1013 3097 1054; x_wconf 76' lang='grc' dir='ltr'>ΒΔΝσῙὉ</span> <span class='ocrx_word' id='word_1_163' title='bbox 3137 1015 3385 1055; x_wconf 74' lang='grc' dir='ltr'>ΡΑεοΗιε.</span> 
     </span>
    </p>
   </div>
   <div class='ocr_carea' id='block_1_25' title="bbox 2272 1085 3853 1159">
    <p class='ocr_par' dir='ltr' id='par_1_25' title="bbox 2272 1085 3853 1159">
     <span class='ocr_line' id='line_1_25' title="bbox 2272 1085 3853 1159; baseline 0.004 -20"><span class='ocrx_word' id='word_1_164' title='bbox 2272 1086 2609 1156; x_wconf 66' lang='grc' dir='ltr'>Εεριινθαιθ</span> <span class='ocrx_word' id='word_1_165' title='bbox 2626 1092 2786 1140; x_wconf 84' lang='lat' dir='ltr'>vetus</span> <span class='ocrx_word' id='word_1_166' title='bbox 2810 1085 3187 1158; x_wconf 82' lang='lat' dir='ltr'>fermentum,</span> <span class='ocrx_word' id='word_1_167' title='bbox 3200 1097 3262 1143; x_wconf 90' lang='lat' dir='ltr'>ut</span> <span class='ocrx_word' id='word_1_168' title='bbox 3279 1088 3411 1144; x_wconf 88' lang='lat' dir='ltr'>sitis</span> <span class='ocrx_word' id='word_1_169' title='bbox 3424 1105 3570 1145; x_wconf 83' lang='lat' dir='ltr'>nova</span> <span class='ocrx_word' id='word_1_170' title='bbox 3588 1105 3853 1159; x_wconf 77' lang='lat' dir='ltr'>consper-</span> 
     </span>
    </p>
   </div>
   <div class='ocr_carea' id='block_1_26' title="bbox 2200 1171 3851 1247">
    <p class='ocr_par' dir='ltr' id='par_1_26' title="bbox 2200 1171 3851 1247">
     <span class='ocr_line' id='line_1_26' title="bbox 2200 1171 3851 1247; baseline 0.004 -20"><span class='ocrx_word' id='word_1_171' title='bbox 2200 1171 2286 1228; x_wconf 90' lang='lat' dir='ltr'>sio</span> <span class='ocrx_word' id='word_1_172' title='bbox 2311 1173 2459 1229; x_wconf 89' lang='lat' dir='ltr'>sicut</span> <span class='ocrx_word' id='word_1_173' title='bbox 2487 1174 2623 1229; x_wconf 80' lang='lat' dir='ltr'>estis</span> <span class='ocrx_word' id='word_1_174' title='bbox 2649 1174 2849 1244; x_wconf 77' lang='lat' dir='ltr'>azymi</span> <span class='ocrx_word' id='word_1_175' title='bbox 2879 1174 2925 1245; x_wconf 91' lang='lat' dir='ltr'>(I</span> <span class='ocrx_word' id='word_1_176' title='bbox 2955 1176 3084 1231; x_wconf 81' lang='lat' dir='ltr'>Cor.</span> <span class='ocrx_word' id='word_1_177' title='bbox 3116 1178 3192 1247; x_wconf 88' lang='lat' dir='ltr'>v),</span> <span class='ocrx_word' id='word_1_178' title='bbox 3235 1180 3346 1232; x_wconf 89' lang='lat' dir='ltr'>etc.</span> <span class='ocrx_word' id='word_1_179' title='bbox 3396 1176 3601 1246; x_wconf 88' lang='lat' dir='ltr'>Hodie,</span> <span class='ocrx_word' id='word_1_180' title='bbox 3650 1178 3851 1235; x_wconf 79' lang='lat' dir='ltr'>fratres</span> 
     </span>
    </p>
   </div>
   <div class='ocr_carea' id='block_1_27' title="bbox 2202 1260 3849 1329">
    <p class='ocr_par' dir='ltr' id='par_1_27' title="bbox 2202 1260 3849 1329">
     <span class='ocr_line' id='line_1_27' title="bbox 2202 1260 3849 1329; baseline 0.004 -12"><span class='ocrx_word' id='word_1_181' title='bbox 2202 1260 2446 1317; x_wconf 88' lang='lat' dir='ltr'>cbarissi</span> <span class='ocrx_word' id='word_1_182' title='bbox 2454 1261 2556 1329; x_wconf 91' lang='lat' dir='ltr'>mi,</span> <span class='ocrx_word' id='word_1_183' title='bbox 2569 1261 2933 1319; x_wconf 88' lang='lat' dir='ltr'>Dominicam</span> <span class='ocrx_word' id='word_1_184' title='bbox 2956 1262 3322 1321; x_wconf 88' lang='lat' dir='ltr'>celebramus</span> <span class='ocrx_word' id='word_1_185' title='bbox 3340 1268 3849 1324; x_wconf 85' lang='lat' dir='ltr'>resurrectionem.</span> 
     </span>
    </p>
   </div>
   <div class='ocr_carea' id='block_1_28' title="bbox 2203 1350 3853 1430">
    <p class='ocr_par' dir='ltr' id='par_1_28' title="bbox 2203 1350 3853 1430">
     <span class='ocr_line' id='line_1_28' title="bbox 2203 1350 3853 1430; baseline 0.005 -25"><span class='ocrx_word' id='word_1_186' title='bbox 2203 1350 2511 1422; x_wconf 87' lang='lat' dir='ltr'>Propterea</span> <span class='ocrx_word' id='word_1_187' title='bbox 2538 1351 2820 1408; x_wconf 82' lang='lat' dir='ltr'>debemus</span> <span class='ocrx_word' id='word_1_188' title='bbox 2851 1352 2963 1426; x_wconf 87' lang='lat' dir='ltr'>ipsi</span> <span class='ocrx_word' id='word_1_189' title='bbox 3006 1369 3185 1425; x_wconf 88' lang='lat' dir='ltr'>quam</span> <span class='ocrx_word' id='word_1_190' title='bbox 3234 1353 3484 1412; x_wconf 87' lang='lat' dir='ltr'>colimus</span> <span class='ocrx_word' id='word_1_191' title='bbox 3529 1372 3853 1430; x_wconf 80' lang='lat' dir='ltr'>congruere</span> 
     </span>
    </p>
   </div>
   <div class='ocr_carea' id='block_1_29' title="bbox 2203 1436 3855 1516">
    <p class='ocr_par' dir='ltr' id='par_1_29' title="bbox 2203 1436 3855 1516">
     <span class='ocr_line' id='line_1_29' title="bbox 2203 1436 3855 1516; baseline 0.004 -21"><span class='ocrx_word' id='word_1_192' title='bbox 2203 1436 2581 1496; x_wconf 88' lang='lat' dir='ltr'>solemnitati.</span> <span class='ocrx_word' id='word_1_193' title='bbox 2615 1439 2738 1498; x_wconf 84' lang='lat' dir='ltr'>Illis</span> <span class='ocrx_word' id='word_1_194' title='bbox 2768 1442 2925 1497; x_wconf 91' lang='lat' dir='ltr'>enim</span> <span class='ocrx_word' id='word_1_195' title='bbox 2965 1441 3108 1499; x_wconf 90' lang='lat' dir='ltr'>solis</span> <span class='ocrx_word' id='word_1_196' title='bbox 3155 1443 3393 1516; x_wconf 86' lang='lat' dir='ltr'>prodest</span> <span class='ocrx_word' id='word_1_197' title='bbox 3444 1443 3855 1502; x_wconf 85' lang='lat' dir='ltr'>solemnitates</span> 
     </span>
    </p>
   </div>
   <div class='ocr_carea' id='block_1_30' title="bbox 2205 1527 3857 1608">
    <p class='ocr_par' dir='ltr' id='par_1_30' title="bbox 2205 1527 3857 1608">
     <span class='ocr_line' id='line_1_30' title="bbox 2205 1527 3857 1608; baseline 0.004 -25"><span class='ocrx_word' id='word_1_198' title='bbox 2205 1527 2514 1595; x_wconf 89' lang='lat' dir='ltr'>celebrare,</span> <span class='ocrx_word' id='word_1_199' title='bbox 2550 1528 2650 1602; x_wconf 91' lang='lat' dir='ltr'>qui</span> <span class='ocrx_word' id='word_1_200' title='bbox 2695 1530 2780 1586; x_wconf 91' lang='lat' dir='ltr'>eis</span> <span class='ocrx_word' id='word_1_201' title='bbox 2828 1534 3025 1586; x_wconf 89' lang='lat' dir='ltr'>mente</span> <span class='ocrx_word' id='word_1_202' title='bbox 3072 1535 3131 1589; x_wconf 91' lang='lat' dir='ltr'>et</span> <span class='ocrx_word' id='word_1_203' title='bbox 3176 1533 3453 1605; x_wconf 89' lang='lat' dir='ltr'>operibus</span> <span class='ocrx_word' id='word_1_204' title='bbox 3484 1550 3547 1590; x_wconf 89' lang='lat' dir='ltr'>se</span> <span class='ocrx_word' id='word_1_205' title='bbox 3578 1540 3857 1608; x_wconf 74' lang='lat' dir='ltr'>satagunt</span> 
     </span>
    </p>
   </div>
   <div class='ocr_carea' id='block_1_31' title="bbox 2204 1617 3857 1694">
    <p class='ocr_par' dir='ltr' id='par_1_31' title="bbox 2204 1617 3857 1694">
     <span class='ocr_line' id='line_1_31' title="bbox 2204 1617 3857 1694; baseline 0.005 -23"><span class='ocrx_word' id='word_1_206' title='bbox 2204 1618 2587 1691; x_wconf 83' lang='lat' dir='ltr'>conﬁgurare.</span> <span class='ocrx_word' id='word_1_207' title='bbox 2621 1617 2942 1676; x_wconf 88' lang='lat' dir='ltr'>Celebratio</span> <span class='ocrx_word' id='word_1_208' title='bbox 2992 1619 3172 1694; x_wconf 85' lang='lat' dir='ltr'>igitur</span> <span class='ocrx_word' id='word_1_209' title='bbox 3217 1620 3532 1678; x_wconf 70' lang='lat' dir='ltr'>Dominicae</span> <span class='ocrx_word' id='word_1_210' title='bbox 3566 1624 3781 1681; x_wconf 70' lang='lat' dir='ltr'>erucis</span> <span class='ocrx_word' id='word_1_211' title='bbox 3808 1630 3857 1680; x_wconf 87' lang='lat' dir='ltr'>et</span> 
     </span>
    </p>
   </div>
   <div class='ocr_carea' id='block_1_32' title="bbox 2205 1705 3857 1789">
    <p class='ocr_par' dir='ltr' id='par_1_32' title="bbox 2205 1705 3857 1789">
     <span class='ocr_line' id='line_1_32' title="bbox 2205 1705 3857 1789; baseline 0.005 -29"><span class='ocrx_word' id='word_1_212' title='bbox 2205 1705 2648 1763; x_wconf 89' lang='lat' dir='ltr'>resurrectionis</span> <span class='ocrx_word' id='word_1_213' title='bbox 2676 1711 2815 1763; x_wconf 89' lang='lat' dir='ltr'>tunc</span> <span class='ocrx_word' id='word_1_214' title='bbox 2848 1708 3105 1789; x_wconf 83' lang='lat' dir='ltr'>proderit</span> <span class='ocrx_word' id='word_1_215' title='bbox 3134 1710 3325 1779; x_wconf 89' lang='lat' dir='ltr'>nobis,</span> <span class='ocrx_word' id='word_1_216' title='bbox 3349 1710 3399 1767; x_wconf 91' lang='lat' dir='ltr'>si</span> <span class='ocrx_word' id='word_1_217' title='bbox 3425 1710 3571 1767; x_wconf 89' lang='lat' dir='ltr'>vitia</span> <span class='ocrx_word' id='word_1_218' title='bbox 3596 1712 3661 1768; x_wconf 92' lang='lat' dir='ltr'>in</span> <span class='ocrx_word' id='word_1_219' title='bbox 3696 1713 3857 1769; x_wconf 89' lang='lat' dir='ltr'>nobis</span> 
     </span>
    </p>
   </div>
   <div class='ocr_carea' id='block_1_33' title="bbox 449 1794 3859 1898">
    <p class='ocr_par' dir='ltr' id='par_1_33' title="bbox 449 1794 3859 1898">
     <span class='ocr_line' id='line_1_33' title="bbox 449 1794 3859 1898; baseline 0.001 -32"><span class='ocrx_word' id='word_1_220' title='bbox 449 1807 790 1866; x_wconf 88' lang='lat' dir='ltr'>hominibus</span> <span class='ocrx_word' id='word_1_221' title='bbox 808 1804 943 1860; x_wconf 91' lang='lat' dir='ltr'>inde</span> <span class='ocrx_word' id='word_1_222' title='bbox 966 1805 1431 1858; x_wconf 85' lang='lat' dir='ltr'>resurrecturum</span> <span class='ocrx_word' id='word_1_223' title='bbox 1453 1800 2009 1874; x_wconf 88' lang='lat' dir='ltr'>desperetur,tamen</span> <span class='ocrx_word' id='word_1_224' title='bbox 2034 1800 2093 1857; x_wconf 91' lang='lat' dir='ltr'>in</span> <span class='ocrx_word' id='word_1_225' title='bbox 2125 1831 2174 1898; x_wconf 79' lang='grc' dir='ltr'><strong>Β</strong></span> <span class='ocrx_word' id='word_1_226' title='bbox 2205 1794 2687 1868; x_wconf 73' lang='lat' dir='ltr'>cruoiﬁxerimus,</span> <span class='ocrx_word' id='word_1_227' title='bbox 2719 1796 2771 1853; x_wconf 75' lang='lat' dir='ltr'>Si</span> <span class='ocrx_word' id='word_1_228' title='bbox 2808 1814 2843 1853; x_wconf 70' lang='grc' dir='ltr'>ἃ</span> <span class='ocrx_word' id='word_1_229' title='bbox 2888 1796 3045 1855; x_wconf 73' lang='grc' dir='ltr'>νίῐίίε</span> <span class='ocrx_word' id='word_1_230' title='bbox 3087 1798 3159 1855; x_wconf 70' lang='lat' dir='ltr'>ad</span> <span class='ocrx_word' id='word_1_231' title='bbox 3207 1799 3475 1868; x_wconf 55' lang='lat' dir='ltr'>Virtutes,</span> <span class='ocrx_word' id='word_1_232' title='bbox 3507 1817 3543 1856; x_wconf 73' lang='grc' dir='ltr'>α</span> <span class='ocrx_word' id='word_1_233' title='bbox 3570 1806 3859 1859; x_wconf 57' lang='lat' dir='ltr'>vetustate</span> 
     </span>
    </p>
   </div>
   <div class='ocr_carea' id='block_1_34' title="bbox 452 1887 2098 1966">
    <p class='ocr_par' dir='ltr' id='par_1_34' title="bbox 452 1887 2098 1966">
     <span class='ocr_line' id='line_1_34' title="bbox 452 1887 2098 1966; baseline -0.006 -10"><span class='ocrx_word' id='word_1_234' title='bbox 452 1895 794 1956; x_wconf 89' lang='lat' dir='ltr'>abscondito</span> <span class='ocrx_word' id='word_1_235' title='bbox 821 1893 976 1966; x_wconf 89' lang='lat' dir='ltr'>apud</span> <span class='ocrx_word' id='word_1_236' title='bbox 1010 1891 1216 1956; x_wconf 87' lang='lat' dir='ltr'>Deum,</span> <span class='ocrx_word' id='word_1_237' title='bbox 1249 1887 1343 1945; x_wconf 91' lang='lat' dir='ltr'>cui</span> <span class='ocrx_word' id='word_1_238' title='bbox 1374 1889 1573 1944; x_wconf 85' lang='lat' dir='ltr'>omnia</span> <span class='ocrx_word' id='word_1_239' title='bbox 1602 1887 1824 1957; x_wconf 90' lang='lat' dir='ltr'>vivunt,</span> <span class='ocrx_word' id='word_1_240' title='bbox 1855 1906 2098 1962; x_wconf 89' lang='lat' dir='ltr'>corpora</span> 
     </span>
    </p>
   </div>
   <div class='ocr_carea' id='block_1_35' title="bbox 450 1976 2095 2057">
    <p class='ocr_par' dir='ltr' id='par_1_35' title="bbox 450 1976 2095 2057">
     <span class='ocr_line' id='line_1_35' title="bbox 450 1976 2095 2057; baseline -0.006 -11"><span class='ocrx_word' id='word_1_241' title='bbox 450 1993 653 2046; x_wconf 88' lang='lat' dir='ltr'>nostra</span> <span class='ocrx_word' id='word_1_242' title='bbox 682 2002 795 2042; x_wconf 90' lang='lat' dir='ltr'>non</span> <span class='ocrx_word' id='word_1_243' title='bbox 829 1984 1093 2057; x_wconf 89' lang='lat' dir='ltr'>pereunt,</span> <span class='ocrx_word' id='word_1_244' title='bbox 1124 1980 1224 2037; x_wconf 89' lang='lat' dir='ltr'>sed</span> <span class='ocrx_word' id='word_1_245' title='bbox 1258 1977 1318 2035; x_wconf 91' lang='lat' dir='ltr'>in</span> <span class='ocrx_word' id='word_1_246' title='bbox 1352 1976 1564 2035; x_wconf 90' lang='lat' dir='ltr'>melius</span> <span class='ocrx_word' id='word_1_247' title='bbox 1591 1980 1941 2048; x_wconf 86' lang='lat' dir='ltr'>renovanda,</span> <span class='ocrx_word' id='word_1_248' title='bbox 1962 1995 2095 2036; x_wconf 91' lang='lat' dir='ltr'>cum</span> 
     </span>
    </p>
   </div>
   <div class='ocr_carea' id='block_1_36' title="bbox 450 2076 1100 2135">
    <p class='ocr_par' dir='ltr' id='par_1_36' title="bbox 450 2076 1100 2135">
     <span class='ocr_line' id='line_1_36' title="bbox 450 2076 1100 2135; baseline -0.017 1"><span class='ocrx_word' id='word_1_249' title='bbox 450 2078 680 2135; x_wconf 88' lang='lat' dir='ltr'>Chrlsto</span> <span class='ocrx_word' id='word_1_250' title='bbox 710 2076 1100 2131; x_wconf 85' lang='lat' dir='ltr'>reservantur.</span> 
     </span>
    </p>
   </div>
   <div class='ocr_carea' id='block_1_37' title="bbox 521 2157 2093 2239">
    <p class='ocr_par' dir='ltr' id='par_1_37' title="bbox 521 2157 2093 2239">
     <span class='ocr_line' id='line_1_37' title="bbox 521 2157 2093 2239; baseline -0.007 -15"><span class='ocrx_word' id='word_1_251' title='bbox 521 2165 798 2239; x_wconf 90' lang='lat' dir='ltr'>Sequitur</span> <span class='ocrx_word' id='word_1_252' title='bbox 826 2179 963 2236; x_wconf 89' lang='lat' dir='ltr'>pars</span> <span class='ocrx_word' id='word_1_253' title='bbox 994 2160 1183 2227; x_wconf 84' lang='lat' dir='ltr'>tertia,</span> <span class='ocrx_word' id='word_1_254' title='bbox 1218 2158 1273 2214; x_wconf 91' lang='lat' dir='ltr'>in</span> <span class='ocrx_word' id='word_1_255' title='bbox 1302 2174 1420 2231; x_wconf 89' lang='lat' dir='ltr'>qua</span> <span class='ocrx_word' id='word_1_256' title='bbox 1452 2157 1780 2213; x_wconf 84' lang='lat' dir='ltr'>ostenditur</span> <span class='ocrx_word' id='word_1_257' title='bbox 1805 2157 1958 2231; x_wconf 91' lang='lat' dir='ltr'>quod</span> <span class='ocrx_word' id='word_1_258' title='bbox 1989 2157 2093 2214; x_wconf 84' lang='lat' dir='ltr'>be-</span> 
     </span>
    </p>
   </div>
   <div class='ocr_carea' id='block_1_38' title="bbox 451 2245 2095 2326">
    <p class='ocr_par' dir='ltr' id='par_1_38' title="bbox 451 2245 2095 2326">
     <span class='ocr_line' id='line_1_38' title="bbox 451 2245 2095 2326; baseline -0.009 -10"><span class='ocrx_word' id='word_1_259' title='bbox 451 2257 808 2316; x_wconf 83' lang='lat' dir='ltr'>nefacientcs</span> <span class='ocrx_word' id='word_1_260' title='bbox 831 2250 1135 2326; x_wconf 72' lang='lat' dir='ltr'>przemium</span> <span class='ocrx_word' id='word_1_261' title='bbox 1159 2245 1527 2304; x_wconf 88' lang='lat' dir='ltr'>consecuturi</span> <span class='ocrx_word' id='word_1_262' title='bbox 1549 2263 1779 2315; x_wconf 90' lang='lat' dir='ltr'>sumus,</span> <span class='ocrx_word' id='word_1_263' title='bbox 1801 2263 1932 2302; x_wconf 90' lang='lat' dir='ltr'>cum</span> <span class='ocrx_word' id='word_1_264' title='bbox 1955 2245 2095 2302; x_wconf 90' lang='lat' dir='ltr'>sub-</span> 
     </span>
    </p>
   </div>
   <div class='ocr_carea' id='block_1_39' title="bbox 451 2335 2094 2406">
    <p class='ocr_par' dir='ltr' id='par_1_39' title="bbox 451 2335 2094 2406">
     <span class='ocr_line' id='line_1_39' title="bbox 451 2335 2094 2406; baseline -0.009 -1"><span class='ocrx_word' id='word_1_265' title='bbox 451 2349 641 2405; x_wconf 88' lang='lat' dir='ltr'>ditur:</span> <span class='ocrx_word' id='word_1_266' title='bbox 678 2347 819 2401; x_wconf 88' lang='lat' dir='ltr'>Cum</span> <span class='ocrx_word' id='word_1_267' title='bbox 860 2349 1057 2397; x_wconf 86' lang='lat' dir='ltr'>autem</span> <span class='ocrx_word' id='word_1_268' title='bbox 1079 2337 1342 2395; x_wconf 83' lang='lat' dir='ltr'>Christus</span> <span class='ocrx_word' id='word_1_269' title='bbox 1361 2335 1704 2406; x_wconf 78' lang='lat' dir='ltr'>apparuerit</span> <span class='ocrx_word' id='word_1_270' title='bbox 1736 2335 1850 2391; x_wconf 87' lang='lat' dir='ltr'>vita</span> <span class='ocrx_word' id='word_1_271' title='bbox 1879 2345 2094 2402; x_wconf 83' lang='lat' dir='ltr'>vestra,</span> 
     </span>
    </p>
   </div>
   <div class='ocr_carea' id='block_1_40' title="bbox 452 2423 2096 2501">
    <p class='ocr_par' dir='ltr' id='par_1_40' title="bbox 452 2423 2096 2501">
     <span class='ocr_line' id='line_1_40' title="bbox 452 2423 2096 2501; baseline -0.009 -7"><span class='ocrx_word' id='word_1_272' title='bbox 452 2447 587 2494; x_wconf 87' lang='lat' dir='ltr'>tunc</span> <span class='ocrx_word' id='word_1_273' title='bbox 605 2444 659 2491; x_wconf 92' lang='lat' dir='ltr'>et</span> <span class='ocrx_word' id='word_1_274' title='bbox 684 2448 780 2490; x_wconf 87' lang='lat' dir='ltr'>vos</span> <span class='ocrx_word' id='word_1_275' title='bbox 799 2427 1155 2501; x_wconf 84' lang='lat' dir='ltr'>apparebitis</span> <span class='ocrx_word' id='word_1_276' title='bbox 1172 2441 1303 2483; x_wconf 88' lang='lat' dir='ltr'>cum</span> <span class='ocrx_word' id='word_1_277' title='bbox 1326 2426 1451 2495; x_wconf 88' lang='lat' dir='ltr'>ipso</span> <span class='ocrx_word' id='word_1_278' title='bbox 1476 2424 1534 2479; x_wconf 92' lang='lat' dir='ltr'>in</span> <span class='ocrx_word' id='word_1_279' title='bbox 1564 2423 1773 2495; x_wconf 81' lang='lat' dir='ltr'>gloria.</span> <span class='ocrx_word' id='word_1_280' title='bbox 1807 2423 1983 2489; x_wconf 88' lang='lat' dir='ltr'>Quasi</span> <span class='ocrx_word' id='word_1_281' title='bbox 2014 2424 2096 2479; x_wconf 90' lang='lat' dir='ltr'>di-</span> 
     </span>
    </p>
   </div>
   <div class='ocr_carea' id='block_1_41' title="bbox 451 2512 2094 2583">
    <p class='ocr_par' dir='ltr' id='par_1_41' title="bbox 451 2512 2094 2583">
     <span class='ocr_line' id='line_1_41' title="bbox 451 2512 2094 2583; baseline -0.01 0"><span class='ocrx_word' id='word_1_282' title='bbox 451 2529 641 2583; x_wconf 87' lang='lat' dir='ltr'>ceret:</span> <span class='ocrx_word' id='word_1_283' title='bbox 678 2521 841 2577; x_wconf 88' lang='lat' dir='ltr'>Sicut</span> <span class='ocrx_word' id='word_1_284' title='bbox 870 2518 987 2573; x_wconf 88' lang='lat' dir='ltr'>vita</span> <span class='ocrx_word' id='word_1_285' title='bbox 1014 2519 1210 2571; x_wconf 87' lang='lat' dir='ltr'>vestra</span> <span class='ocrx_word' id='word_1_286' title='bbox 1238 2530 1393 2570; x_wconf 91' lang='lat' dir='ltr'>nunc</span> <span class='ocrx_word' id='word_1_287' title='bbox 1422 2529 1556 2568; x_wconf 90' lang='lat' dir='ltr'>cum</span> <span class='ocrx_word' id='word_1_288' title='bbox 1588 2512 1818 2568; x_wconf 87' lang='lat' dir='ltr'>Christo</span> <span class='ocrx_word' id='word_1_289' title='bbox 1849 2512 2094 2568; x_wconf 88' lang='lat' dir='ltr'>abscon-</span> 
     </span>
    </p>
   </div>
   <div class='ocr_carea' id='block_1_42' title="bbox 452 2600 2094 2678">
    <p class='ocr_par' dir='ltr' id='par_1_42' title="bbox 452 2600 2094 2678">
     <span class='ocr_line' id='line_1_42' title="bbox 452 2600 2094 2678; baseline -0.01 -6"><span class='ocrx_word' id='word_1_290' title='bbox 452 2615 575 2672; x_wconf 89' lang='lat' dir='ltr'>dita</span> <span class='ocrx_word' id='word_1_291' title='bbox 595 2615 703 2678; x_wconf 87' lang='lat' dir='ltr'>est,</span> <span class='ocrx_word' id='word_1_292' title='bbox 726 2610 810 2666; x_wconf 89' lang='lat' dir='ltr'>ita</span> <span class='ocrx_word' id='word_1_293' title='bbox 833 2622 967 2663; x_wconf 89' lang='lat' dir='ltr'>cum</span> <span class='ocrx_word' id='word_1_294' title='bbox 990 2603 1219 2660; x_wconf 88' lang='lat' dir='ltr'>Christo</span> <span class='ocrx_word' id='word_1_295' title='bbox 1241 2603 1312 2658; x_wconf 89' lang='lat' dir='ltr'>ad</span> <span class='ocrx_word' id='word_1_296' title='bbox 1331 2600 1620 2673; x_wconf 88' lang='lat' dir='ltr'>judicium</span> <span class='ocrx_word' id='word_1_297' title='bbox 1640 2600 1907 2657; x_wconf 84' lang='lat' dir='ltr'>veniente</span> <span class='ocrx_word' id='word_1_298' title='bbox 1934 2617 2094 2657; x_wconf 90' lang='lat' dir='ltr'>reve-</span> 
     </span>
    </p>
   </div>
   <div class='ocr_carea' id='block_1_43' title="bbox 449 2690 2094 2764">
    <p class='ocr_par' dir='ltr' id='par_1_43' title="bbox 449 2690 2094 2764">
     <span class='ocr_line' id='line_1_43' title="bbox 449 2690 2094 2764; baseline -0.01 -3"><span class='ocrx_word' id='word_1_299' title='bbox 449 2703 687 2761; x_wconf 88' lang='lat' dir='ltr'>labitur.</span> <span class='ocrx_word' id='word_1_300' title='bbox 716 2697 941 2755; x_wconf 86' lang='lat' dir='ltr'>Dicitur</span> <span class='ocrx_word' id='word_1_301' title='bbox 969 2697 1164 2750; x_wconf 90' lang='lat' dir='ltr'>autem</span> <span class='ocrx_word' id='word_1_302' title='bbox 1195 2690 1460 2748; x_wconf 82' lang='lat' dir='ltr'>Christus</span> <span class='ocrx_word' id='word_1_303' title='bbox 1478 2690 1594 2746; x_wconf 90' lang='lat' dir='ltr'>vita</span> <span class='ocrx_word' id='word_1_304' title='bbox 1613 2692 1815 2746; x_wconf 89' lang='lat' dir='ltr'>nostra</span> <span class='ocrx_word' id='word_1_305' title='bbox 1842 2694 2094 2764; x_wconf 84' lang='lat' dir='ltr'>metony-</span> 
     </span>
    </p>
   </div>
   <div class='ocr_carea' id='block_1_44' title="bbox 450 2778 2095 2861">
    <p class='ocr_par' dir='ltr' id='par_1_44' title="bbox 450 2778 2095 2861">
     <span class='ocr_line' id='line_1_44' title="bbox 450 2778 2095 2861; baseline -0.01 -11"><span class='ocrx_word' id='word_1_306' title='bbox 450 2793 621 2859; x_wconf 91' lang='lat' dir='ltr'>mice,</span> <span class='ocrx_word' id='word_1_307' title='bbox 655 2785 933 2861; x_wconf 89' lang='lat' dir='ltr'>quoniam</span> <span class='ocrx_word' id='word_1_308' title='bbox 982 2783 1106 2855; x_wconf 91' lang='lat' dir='ltr'>ipse</span> <span class='ocrx_word' id='word_1_309' title='bbox 1164 2785 1254 2836; x_wconf 89' lang='lat' dir='ltr'>est</span> <span class='ocrx_word' id='word_1_310' title='bbox 1310 2797 1508 2847; x_wconf 91' lang='lat' dir='ltr'>causa,</span> <span class='ocrx_word' id='word_1_311' title='bbox 1540 2778 1782 2852; x_wconf 88' lang='lat' dir='ltr'>largitor</span> <span class='ocrx_word' id='word_1_312' title='bbox 1810 2786 1866 2835; x_wconf 90' lang='lat' dir='ltr'>et</span> <span class='ocrx_word' id='word_1_313' title='bbox 1890 2782 2095 2836; x_wconf 88' lang='lat' dir='ltr'>auctor</span> 
     </span>
    </p>
   </div>
   <div class='ocr_carea' id='block_1_45' title="bbox 446 2867 2089 2943">
    <p class='ocr_par' dir='ltr' id='par_1_45' title="bbox 446 2867 2089 2943">
     <span class='ocr_line' id='line_1_45' title="bbox 446 2867 2089 2943; baseline -0.009 -6"><span class='ocrx_word' id='word_1_314' title='bbox 446 2881 576 2937; x_wconf 75' lang='lat' dir='ltr'>vitae</span> <span class='ocrx_word' id='word_1_315' title='bbox 598 2884 828 2943; x_wconf 67' lang='lat' dir='ltr'>nostrae,</span> <span class='ocrx_word' id='word_1_316' title='bbox 853 2877 910 2929; x_wconf 89' lang='lat' dir='ltr'>et</span> <span class='ocrx_word' id='word_1_317' title='bbox 929 2868 1267 2943; x_wconf 88' lang='lat' dir='ltr'>corporalis,</span> <span class='ocrx_word' id='word_1_318' title='bbox 1300 2872 1357 2924; x_wconf 89' lang='lat' dir='ltr'>et</span> <span class='ocrx_word' id='word_1_319' title='bbox 1386 2867 1728 2941; x_wconf 89' lang='lat' dir='ltr'>spiritualis,</span> <span class='ocrx_word' id='word_1_320' title='bbox 1763 2870 1820 2923; x_wconf 89' lang='lat' dir='ltr'>et</span> <span class='ocrx_word' id='word_1_321' title='bbox 1844 2872 2089 2924; x_wconf 68' lang='lat' dir='ltr'>aeternae.</span> 
     </span>
    </p>
   </div>
   <div class='ocr_carea' id='block_1_46' title="bbox 448 2954 2094 3042">
    <p class='ocr_par' dir='ltr' id='par_1_46' title="bbox 448 2954 2094 3042">
     <span class='ocr_line' id='line_1_46' title="bbox 448 2954 2094 3042; baseline -0.01 -15"><span class='ocrx_word' id='word_1_322' title='bbox 448 2970 609 3037; x_wconf 88' lang='lat' dir='ltr'>Quod</span> <span class='ocrx_word' id='word_1_323' title='bbox 631 2967 868 3042; x_wconf 84' lang='lat' dir='ltr'>quidem</span> <span class='ocrx_word' id='word_1_324' title='bbox 890 2978 1047 3018; x_wconf 89' lang='lat' dir='ltr'>nunc</span> <span class='ocrx_word' id='word_1_325' title='bbox 1069 2959 1202 3015; x_wconf 89' lang='lat' dir='ltr'>aliis</span> <span class='ocrx_word' id='word_1_326' title='bbox 1220 2954 1590 3021; x_wconf 82' lang='lat' dir='ltr'>falsum,alii3</span> <span class='ocrx_word' id='word_1_327' title='bbox 1612 2955 1942 3023; x_wconf 88' lang='lat' dir='ltr'>dubium,et</span> <span class='ocrx_word' id='word_1_328' title='bbox 1961 2954 2094 3012; x_wconf 90' lang='lat' dir='ltr'>aliis</span> 
     </span>
    </p>
   </div>
   <div class='ocr_carea' id='block_1_47' title="bbox 446 3043 2089 3119">
    <p class='ocr_par' dir='ltr' id='par_1_47' title="bbox 446 3043 2089 3119">
     <span class='ocr_line' id='line_1_47' title="bbox 446 3043 2089 3119; baseline -0.012 -2"><span class='ocrx_word' id='word_1_329' title='bbox 446 3060 677 3116; x_wconf 89' lang='lat' dir='ltr'>videtur</span> <span class='ocrx_word' id='word_1_330' title='bbox 705 3053 1020 3118; x_wconf 87' lang='lat' dir='ltr'>occultum,</span> <span class='ocrx_word' id='word_1_331' title='bbox 1044 3049 1145 3106; x_wconf 90' lang='lat' dir='ltr'>sed</span> <span class='ocrx_word' id='word_1_332' title='bbox 1167 3048 1224 3103; x_wconf 92' lang='lat' dir='ltr'>in</span> <span class='ocrx_word' id='word_1_333' title='bbox 1241 3046 1488 3119; x_wconf 87' lang='lat' dir='ltr'>judicio,</span> <span class='ocrx_word' id='word_1_334' title='bbox 1509 3043 1737 3100; x_wconf 88' lang='lat' dir='ltr'>Christo</span> <span class='ocrx_word' id='word_1_335' title='bbox 1754 3048 2089 3118; x_wconf 87' lang='lat' dir='ltr'>apparente,</span> 
     </span>
    </p>
   </div>
   <div class='ocr_carea' id='block_1_48' title="bbox 449 3131 2089 3207">
    <p class='ocr_par' dir='ltr' id='par_1_48' title="bbox 449 3131 2089 3207">
     <span class='ocr_line' id='line_1_48' title="bbox 449 3131 2089 3207; baseline -0.011 0"><span class='ocrx_word' id='word_1_336' title='bbox 449 3148 727 3207; x_wconf 87' lang='lat' dir='ltr'>omnibus</span> <span class='ocrx_word' id='word_1_337' title='bbox 758 3143 865 3199; x_wconf 88' lang='lat' dir='ltr'>erit</span> <span class='ocrx_word' id='word_1_338' title='bbox 897 3139 1298 3204; x_wconf 87' lang='lat' dir='ltr'>manifestum,</span> <span class='ocrx_word' id='word_1_339' title='bbox 1332 3139 1453 3190; x_wconf 87' lang='lat' dir='ltr'>tam</span> <span class='ocrx_word' id='word_1_340' title='bbox 1484 3133 1652 3190; x_wconf 90' lang='lat' dir='ltr'>bonis</span> <span class='ocrx_word' id='word_1_341' title='bbox 1684 3149 1863 3206; x_wconf 86' lang='lat' dir='ltr'>quam</span> <span class='ocrx_word' id='word_1_342' title='bbox 1896 3131 2089 3189; x_wconf 89' lang='lat' dir='ltr'>malis.</span> 
     </span>
    </p>
   </div>
   <div class='ocr_carea' id='block_1_49' title="bbox 2205 1883 3859 1963">
    <p class='ocr_par' dir='ltr' id='par_1_49' title="bbox 2205 1883 3859 1963">
     <span class='ocr_line' id='line_1_49' title="bbox 2205 1883 3859 1963; baseline 0.006 -24"><span class='ocrx_word' id='word_1_343' title='bbox 2205 1884 2278 1939; x_wconf 88' lang='lat' dir='ltr'>ad</span> <span class='ocrx_word' id='word_1_344' title='bbox 2327 1883 2639 1941; x_wconf 88' lang='lat' dir='ltr'>novitatem</span> <span class='ocrx_word' id='word_1_345' title='bbox 2698 1886 3210 1945; x_wconf 86' lang='lat' dir='ltr'>resurrexerimus.</span> <span class='ocrx_word' id='word_1_346' title='bbox 3244 1889 3324 1945; x_wconf 80' lang='lat' dir='ltr'>Ad</span> <span class='ocrx_word' id='word_1_347' title='bbox 3370 1889 3479 1947; x_wconf 87' lang='lat' dir='ltr'>hoc</span> <span class='ocrx_word' id='word_1_348' title='bbox 3526 1890 3723 1963; x_wconf 84' lang='lat' dir='ltr'>igitur</span> <span class='ocrx_word' id='word_1_349' title='bbox 3762 1909 3859 1949; x_wconf 81' lang='lat' dir='ltr'>nos</span> 
     </span>
    </p>
   </div>
   <div class='ocr_carea' id='block_1_50' title="bbox 2204 1971 3859 2051">
    <p class='ocr_par' dir='ltr' id='par_1_50' title="bbox 2204 1971 3859 2051">
     <span class='ocr_line' id='line_1_50' title="bbox 2204 1971 3859 2051; baseline 0.005 -23"><span class='ocrx_word' id='word_1_350' title='bbox 2204 1971 2473 2029; x_wconf 89' lang='lat' dir='ltr'>hortatur</span> <span class='ocrx_word' id='word_1_351' title='bbox 2515 1973 2849 2047; x_wconf 86' lang='lat' dir='ltr'>Apostolus,</span> <span class='ocrx_word' id='word_1_352' title='bbox 2902 1975 3110 2034; x_wconf 87' lang='lat' dir='ltr'>fratres</span> <span class='ocrx_word' id='word_1_353' title='bbox 3158 1976 3291 2047; x_wconf 90' lang='lat' dir='ltr'>mei,</span> <span class='ocrx_word' id='word_1_354' title='bbox 3324 1976 3384 2033; x_wconf 94' lang='lat' dir='ltr'>in</span> <span class='ocrx_word' id='word_1_355' title='bbox 3433 1978 3750 2051; x_wconf 70' lang='lat' dir='ltr'>pmlibata</span> <span class='ocrx_word' id='word_1_356' title='bbox 3792 1981 3859 2037; x_wconf 89' lang='lat' dir='ltr'>le-</span> 
     </span>
    </p>
   </div>
   <div class='ocr_carea' id='block_1_51' title="bbox 2203 2061 3859 2141">
    <p class='ocr_par' dir='ltr' id='par_1_51' title="bbox 2203 2061 3859 2141">
     <span class='ocr_line' id='line_1_51' title="bbox 2203 2061 3859 2141; baseline 0.004 -23"><span class='ocrx_word' id='word_1_357' title='bbox 2203 2062 2394 2118; x_wconf 88' lang='lat' dir='ltr'>ctione</span> <span class='ocrx_word' id='word_1_358' title='bbox 2425 2061 2533 2120; x_wconf 91' lang='lat' dir='ltr'>hoc</span> <span class='ocrx_word' id='word_1_359' title='bbox 2562 2064 2756 2121; x_wconf 89' lang='lat' dir='ltr'>modo.</span> <span class='ocrx_word' id='word_1_360' title='bbox 2787 2064 2982 2122; x_wconf 91' lang='lat' dir='ltr'>Primo</span> <span class='ocrx_word' id='word_1_361' title='bbox 3012 2082 3120 2123; x_wconf 90' lang='lat' dir='ltr'>nos</span> <span class='ocrx_word' id='word_1_362' title='bbox 3153 2066 3417 2141; x_wconf 69' lang='lat' dir='ltr'>praecipit</span> <span class='ocrx_word' id='word_1_363' title='bbox 3448 2084 3668 2125; x_wconf 85' lang='lat' dir='ltr'>exuere</span> <span class='ocrx_word' id='word_1_364' title='bbox 3698 2074 3859 2126; x_wconf 85' lang='lat' dir='ltr'>vetu-</span> 
     </span>
    </p>
   </div>
   <div class='ocr_carea' id='block_1_52' title="bbox 2203 2151 3861 2225">
    <p class='ocr_par' dir='ltr' id='par_1_52' title="bbox 2203 2151 3861 2225">
     <span class='ocr_line' id='line_1_52' title="bbox 2203 2151 3861 2225; baseline 0.004 -18"><span class='ocrx_word' id='word_1_365' title='bbox 2203 2154 2434 2222; x_wconf 88' lang='lat' dir='ltr'>statem,</span> <span class='ocrx_word' id='word_1_366' title='bbox 2469 2152 2726 2209; x_wconf 91' lang='lat' dir='ltr'>secundo</span> <span class='ocrx_word' id='word_1_367' title='bbox 2781 2151 3027 2211; x_wconf 91' lang='lat' dir='ltr'>induere</span> <span class='ocrx_word' id='word_1_368' title='bbox 3084 2155 3423 2225; x_wconf 88' lang='lat' dir='ltr'>novitatem,</span> <span class='ocrx_word' id='word_1_369' title='bbox 3455 2156 3634 2213; x_wconf 86' lang='lat' dir='ltr'>tertio</span> <span class='ocrx_word' id='word_1_370' title='bbox 3660 2158 3861 2215; x_wconf 87' lang='lat' dir='ltr'>subdit</span> 
     </span>
    </p>
   </div>
   <div class='ocr_carea' id='block_1_53' title="bbox 2203 2242 3860 2318">
    <p class='ocr_par' dir='ltr' id='par_1_53' title="bbox 2203 2242 3860 2318">
     <span class='ocr_line' id='line_1_53' title="bbox 2203 2242 3860 2318; baseline 0.005 -23"><span class='ocrx_word' id='word_1_371' title='bbox 2203 2256 2444 2297; x_wconf 89' lang='lat' dir='ltr'>causam</span> <span class='ocrx_word' id='word_1_372' title='bbox 2492 2258 2674 2314; x_wconf 89' lang='lat' dir='ltr'>quare</span> <span class='ocrx_word' id='word_1_373' title='bbox 2722 2242 2831 2298; x_wconf 88' lang='lat' dir='ltr'>hoc</span> <span class='ocrx_word' id='word_1_374' title='bbox 2880 2244 3069 2300; x_wconf 88' lang='lat' dir='ltr'>facere</span> <span class='ocrx_word' id='word_1_375' title='bbox 3117 2244 3459 2313; x_wconf 87' lang='lat' dir='ltr'>debeamus,</span> <span class='ocrx_word' id='word_1_376' title='bbox 3493 2252 3716 2318; x_wconf 83' lang='lat' dir='ltr'>quarto</span> <span class='ocrx_word' id='word_1_377' title='bbox 3760 2266 3860 2305; x_wconf 87' lang='lat' dir='ltr'>nos</span> 
     </span>
    </p>
   </div>
   <div class='ocr_carea' id='block_1_54' title="bbox 2202 2328 3857 2408">
    <p class='ocr_par' dir='ltr' id='par_1_54' title="bbox 2202 2328 3857 2408">
     <span class='ocr_line' id='line_1_54' title="bbox 2202 2328 3857 2408; baseline 0.006 -24"><span class='ocrx_word' id='word_1_378' title='bbox 2202 2328 2472 2386; x_wconf 86' lang='lat' dir='ltr'>hortatur</span> <span class='ocrx_word' id='word_1_379' title='bbox 2501 2330 2746 2405; x_wconf 90' lang='lat' dir='ltr'>epulari,</span> <span class='ocrx_word' id='word_1_380' title='bbox 2780 2332 2986 2405; x_wconf 89' lang='lat' dir='ltr'>quinto</span> <span class='ocrx_word' id='word_1_381' title='bbox 3043 2333 3298 2390; x_wconf 88' lang='lat' dir='ltr'>ostendit</span> <span class='ocrx_word' id='word_1_382' title='bbox 3355 2332 3621 2408; x_wconf 86' lang='lat' dir='ltr'>qualiter</span> <span class='ocrx_word' id='word_1_383' title='bbox 3650 2337 3726 2393; x_wconf 87' lang='lat' dir='ltr'>ad</span> <span class='ocrx_word' id='word_1_384' title='bbox 3758 2336 3857 2393; x_wconf 85' lang='lat' dir='ltr'>hoc</span> 
     </span>
    </p>
   </div>
   <div class='ocr_carea' id='block_1_55' title="bbox 2202 2418 3855 2498">
    <p class='ocr_par' dir='ltr' id='par_1_55' title="bbox 2202 2418 3855 2498">
     <span class='ocr_line' id='line_1_55' title="bbox 2202 2418 3855 2498; baseline 0.006 -25"><span class='ocrx_word' id='word_1_385' title='bbox 2202 2418 2443 2491; x_wconf 89' lang='lat' dir='ltr'>epulum</span> <span class='ocrx_word' id='word_1_386' title='bbox 2462 2420 2733 2477; x_wconf 89' lang='lat' dir='ltr'>accedere</span> <span class='ocrx_word' id='word_1_387' title='bbox 2748 2421 3089 2478; x_wconf 87' lang='lat' dir='ltr'>debeamus.</span> <span class='ocrx_word' id='word_1_388' title='bbox 3106 2422 3303 2480; x_wconf 82' lang='lat' dir='ltr'>Monet</span> <span class='ocrx_word' id='word_1_389' title='bbox 3320 2423 3505 2497; x_wconf 88' lang='lat' dir='ltr'>igitur</span> <span class='ocrx_word' id='word_1_390' title='bbox 3519 2424 3719 2498; x_wconf 87' lang='lat' dir='ltr'>primo</span> <span class='ocrx_word' id='word_1_391' title='bbox 3738 2443 3855 2493; x_wconf 83' lang='lat' dir='ltr'>nos,</span> 
     </span>
    </p>
   </div>
   <div class='ocr_carea' id='block_1_56' title="bbox 2204 2507 3855 2584">
    <p class='ocr_par' dir='ltr' id='par_1_56' title="bbox 2204 2507 3855 2584">
     <span class='ocr_line' id='line_1_56' title="bbox 2204 2507 3855 2584; baseline 0.006 -22"><span class='ocrx_word' id='word_1_392' title='bbox 2204 2507 2410 2564; x_wconf 89' lang='lat' dir='ltr'>fratres</span> <span class='ocrx_word' id='word_1_393' title='bbox 2442 2509 2575 2577; x_wconf 91' lang='lat' dir='ltr'>mei,</span> <span class='ocrx_word' id='word_1_394' title='bbox 2605 2526 2813 2566; x_wconf 85' lang='lat' dir='ltr'>exuere</span> <span class='ocrx_word' id='word_1_395' title='bbox 2858 2515 3231 2584; x_wconf 84' lang='lat' dir='ltr'>vetustatem,</span> <span class='ocrx_word' id='word_1_396' title='bbox 3259 2511 3318 2568; x_wconf 91' lang='lat' dir='ltr'>id</span> <span class='ocrx_word' id='word_1_397' title='bbox 3347 2517 3439 2570; x_wconf 88' lang='lat' dir='ltr'>est</span> <span class='ocrx_word' id='word_1_398' title='bbox 3479 2515 3703 2570; x_wconf 83' lang='lat' dir='ltr'>veteris</span> <span class='ocrx_word' id='word_1_399' title='bbox 3730 2517 3855 2572; x_wconf 61' lang='lat' dir='ltr'>Ade</span> 
     </span>
    </p>
   </div>
   <div class='ocr_carea' id='block_1_57' title="bbox 2201 2595 3854 2674">
    <p class='ocr_par' dir='ltr' id='par_1_57' title="bbox 2201 2595 3854 2674">
     <span class='ocr_line' id='line_1_57' title="bbox 2201 2595 3854 2674; baseline 0.007 -23"><span class='ocrx_word' id='word_1_400' title='bbox 2201 2595 2674 2670; x_wconf 89' lang='lat' dir='ltr'>similitudinem,</span> <span class='ocrx_word' id='word_1_401' title='bbox 2704 2599 2928 2657; x_wconf 85' lang='lat' dir='ltr'>scilicet</span> <span class='ocrx_word' id='word_1_402' title='bbox 2957 2606 3283 2674; x_wconf 89' lang='lat' dir='ltr'>peccatum.</span> <span class='ocrx_word' id='word_1_403' title='bbox 3316 2603 3632 2660; x_wconf 86' lang='lat' dir='ltr'>Peccatum</span> <span class='ocrx_word' id='word_1_404' title='bbox 3665 2610 3854 2662; x_wconf 85' lang='lat' dir='ltr'>autem</span> 
     </span>
    </p>
   </div>
   <div class='ocr_carea' id='block_1_58' title="bbox 2200 2689 3859 2767">
    <p class='ocr_par' dir='ltr' id='par_1_58' title="bbox 2200 2689 3859 2767">
     <span class='ocr_line' id='line_1_58' title="bbox 2200 2689 3859 2767; baseline 0.005 -26"><span class='ocrx_word' id='word_1_405' title='bbox 2200 2692 2444 2743; x_wconf 87' lang='lat' dir='ltr'>vocatur</span> <span class='ocrx_word' id='word_1_406' title='bbox 2461 2691 2722 2767; x_wconf 82' lang='lat' dir='ltr'>vetustas</span> <span class='ocrx_word' id='word_1_407' title='bbox 2740 2689 2956 2764; x_wconf 88' lang='lat' dir='ltr'>triplici</span> <span class='ocrx_word' id='word_1_408' title='bbox 2981 2691 3223 2747; x_wconf 88' lang='lat' dir='ltr'>ratione.</span> <span class='ocrx_word' id='word_1_409' title='bbox 3238 2691 3518 2750; x_wconf 86' lang='lat' dir='ltr'>Vetustas</span> <span class='ocrx_word' id='word_1_410' title='bbox 3538 2694 3703 2750; x_wconf 88' lang='lat' dir='ltr'>enim</span> <span class='ocrx_word' id='word_1_411' title='bbox 3730 2695 3859 2751; x_wconf 82' lang='lat' dir='ltr'>facit</span> 
     </span>
    </p>
   </div>
   <div class='ocr_carea' id='block_1_59' title="bbox 2201 2774 3853 2856">
    <p class='ocr_par' dir='ltr' id='par_1_59' title="bbox 2201 2774 3853 2856">
     <span class='ocr_line' id='line_1_59' title="bbox 2201 2774 3853 2856; baseline 0.005 -25"><span class='ocrx_word' id='word_1_412' title='bbox 2201 2774 2499 2833; x_wconf 89' lang='lat' dir='ltr'>hominem</span> <span class='ocrx_word' id='word_1_413' title='bbox 2551 2794 2795 2835; x_wconf 91' lang='lat' dir='ltr'>curvum</span> <span class='ocrx_word' id='word_1_414' title='bbox 2843 2783 2901 2835; x_wconf 90' lang='lat' dir='ltr'>et</span> <span class='ocrx_word' id='word_1_415' title='bbox 2944 2779 3314 2850; x_wconf 73' lang='lat' dir='ltr'>imbecillam,</span> <span class='ocrx_word' id='word_1_416' title='bbox 3348 2781 3433 2837; x_wconf 89' lang='lat' dir='ltr'>sic</span> <span class='ocrx_word' id='word_1_417' title='bbox 3463 2785 3522 2838; x_wconf 88' lang='lat' dir='ltr'>et</span> <span class='ocrx_word' id='word_1_418' title='bbox 3551 2788 3853 2856; x_wconf 85' lang='lat' dir='ltr'>peccatum</span> 
     </span>
    </p>
   </div>
   <div class='ocr_carea' id='block_1_60' title="bbox 2202 2864 3852 2936">
    <p class='ocr_par' dir='ltr' id='par_1_60' title="bbox 2202 2864 3852 2936">
     <span class='ocr_line' id='line_1_60' title="bbox 2202 2864 3852 2936; baseline 0.005 -17"><span class='ocrx_word' id='word_1_419' title='bbox 2202 2864 2461 2921; x_wconf 87' lang='lat' dir='ltr'>animam</span> <span class='ocrx_word' id='word_1_420' title='bbox 2492 2865 2631 2921; x_wconf 85' lang='lat' dir='ltr'>facit</span> <span class='ocrx_word' id='word_1_421' title='bbox 2658 2883 2896 2924; x_wconf 90' lang='lat' dir='ltr'>curvam</span> <span class='ocrx_word' id='word_1_422' title='bbox 2926 2869 2998 2924; x_wconf 87' lang='lat' dir='ltr'>ad</span> <span class='ocrx_word' id='word_1_423' title='bbox 3030 2874 3281 2936; x_wconf 89' lang='lat' dir='ltr'>terrena,</span> <span class='ocrx_word' id='word_1_424' title='bbox 3303 2874 3363 2926; x_wconf 86' lang='lat' dir='ltr'>et</span> <span class='ocrx_word' id='word_1_425' title='bbox 3392 2869 3759 2928; x_wconf 77' lang='lat' dir='ltr'>imbecillam</span> <span class='ocrx_word' id='word_1_426' title='bbox 3787 2874 3852 2928; x_wconf 84' lang='lat' dir='ltr'>ad</span> 
     </span>
    </p>
   </div>
   <div class='ocr_carea' id='block_1_61' title="bbox 2202 2953 3852 3030">
    <p class='ocr_par' dir='ltr' id='par_1_61' title="bbox 2202 2953 3852 3030">
     <span class='ocr_line' id='line_1_61' title="bbox 2202 2953 3852 3030; baseline 0.006 -21"><span class='ocrx_word' id='word_1_427' title='bbox 2202 2953 2348 3011; x_wconf 89' lang='lat' dir='ltr'>bene</span> <span class='ocrx_word' id='word_1_428' title='bbox 2376 2955 2690 3029; x_wconf 87' lang='lat' dir='ltr'>agendum.</span> <span class='ocrx_word' id='word_1_429' title='bbox 2723 2956 2998 3014; x_wconf 84' lang='lat' dir='ltr'>Vetustas</span> <span class='ocrx_word' id='word_1_430' title='bbox 3044 2957 3282 3015; x_wconf 85' lang='lat' dir='ltr'>hebetat</span> <span class='ocrx_word' id='word_1_431' title='bbox 3323 2976 3541 3017; x_wconf 90' lang='lat' dir='ltr'>sensus</span> <span class='ocrx_word' id='word_1_432' title='bbox 3572 2961 3852 3030; x_wconf 82' lang='lat' dir='ltr'>hominis,</span> 
     </span>
    </p>
   </div>
   <div class='ocr_carea' id='block_1_62' title="bbox 2201 3041 3857 3117">
    <p class='ocr_par' dir='ltr' id='par_1_62' title="bbox 2201 3041 3857 3117">
     <span class='ocr_line' id='line_1_62' title="bbox 2201 3041 3857 3117; baseline 0.005 -18"><span class='ocrx_word' id='word_1_433' title='bbox 2201 3041 2285 3099; x_wconf 91' lang='lat' dir='ltr'>sic</span> <span class='ocrx_word' id='word_1_434' title='bbox 2324 3047 2382 3100; x_wconf 91' lang='lat' dir='ltr'>et</span> <span class='ocrx_word' id='word_1_435' title='bbox 2424 3049 2725 3117; x_wconf 88' lang='lat' dir='ltr'>peccatum</span> <span class='ocrx_word' id='word_1_436' title='bbox 2768 3046 3015 3103; x_wconf 89' lang='lat' dir='ltr'>virtutes</span> <span class='ocrx_word' id='word_1_437' title='bbox 3065 3047 3300 3104; x_wconf 82' lang='lat' dir='ltr'>mentis.</span> <span class='ocrx_word' id='word_1_438' title='bbox 3345 3049 3634 3106; x_wconf 82' lang='lat' dir='ltr'>Vetustas</span> <span class='ocrx_word' id='word_1_439' title='bbox 3684 3051 3857 3108; x_wconf 84' lang='lat' dir='ltr'>trahit</span> 
     </span>
    </p>
   </div>
   <div class='ocr_carea' id='block_1_63' title="bbox 2200 3131 3857 3210">
    <p class='ocr_par' dir='ltr' id='par_1_63' title="bbox 2200 3131 3857 3210">
     <span class='ocr_line' id='line_1_63' title="bbox 2200 3131 3857 3210; baseline 0.005 -23"><span class='ocrx_word' id='word_1_440' title='bbox 2200 3131 2499 3189; x_wconf 88' lang='lat' dir='ltr'>hominem</span> <span class='ocrx_word' id='word_1_441' title='bbox 2526 3134 2596 3190; x_wconf 92' lang='lat' dir='ltr'>ad</span> <span class='ocrx_word' id='word_1_442' title='bbox 2630 3139 2899 3205; x_wconf 90' lang='lat' dir='ltr'>mortem,</span> <span class='ocrx_word' id='word_1_443' title='bbox 2920 3135 3006 3192; x_wconf 90' lang='lat' dir='ltr'>sic</span> <span class='ocrx_word' id='word_1_444' title='bbox 3033 3140 3091 3193; x_wconf 89' lang='lat' dir='ltr'>et</span> <span class='ocrx_word' id='word_1_445' title='bbox 3120 3143 3424 3210; x_wconf 90' lang='lat' dir='ltr'>peccatum</span> <span class='ocrx_word' id='word_1_446' title='bbox 3454 3140 3857 3198; x_wconf 75' lang='lat' dir='ltr'>animam.Ait</span> 
     </span>
    </p>
   </div>
   <div class='ocr_carea' id='block_1_64' title="bbox 448 3206 3858 3305">
    <p class='ocr_par' dir='ltr' id='par_1_64' title="bbox 448 3206 3858 3305">
     <span class='ocr_line' id='line_1_64' title="bbox 448 3206 3858 3305; baseline -0.002 -11"><span class='ocrx_word' id='word_1_447' title='bbox 448 3206 585 3295; x_wconf 79' lang='lat' dir='ltr'>Mali</span> <span class='ocrx_word' id='word_1_448' title='bbox 611 3233 788 3297; x_wconf 89' lang='lat' dir='ltr'>enim,</span> <span class='ocrx_word' id='word_1_449' title='bbox 820 3233 968 3287; x_wconf 79' lang='lat' dir='ltr'>teste</span> <span class='ocrx_word' id='word_1_450' title='bbox 995 3226 1313 3298; x_wconf 81' lang='lat' dir='ltr'>Scriptum,</span> <span class='ocrx_word' id='word_1_451' title='bbox 1340 3227 1482 3277; x_wconf 90' lang='lat' dir='ltr'>tunc</span> <span class='ocrx_word' id='word_1_452' title='bbox 1512 3220 1723 3276; x_wconf 89' lang='lat' dir='ltr'>dicturi</span> <span class='ocrx_word' id='word_1_453' title='bbox 1755 3225 1922 3277; x_wconf 90' lang='lat' dir='ltr'>sunt:</span> <span class='ocrx_word' id='word_1_454' title='bbox 1941 3225 2092 3292; x_wconf 85' lang='lat' dir='ltr'>Quos</span> <span class='ocrx_word' id='word_1_455' title='bbox 2121 3206 2164 3274; x_wconf 69' lang='grc' dir='ltr'><strong>(ἶ</strong></span> <span class='ocrx_word' id='word_1_456' title='bbox 2201 3238 2337 3295; x_wconf 90' lang='lat' dir='ltr'>ergo</span> <span class='ocrx_word' id='word_1_457' title='bbox 2353 3223 2693 3294; x_wconf 89' lang='lat' dir='ltr'>Apostolus:</span> <span class='ocrx_word' id='word_1_458' title='bbox 2713 3206 3858 3305; x_wconf 46' lang='lat' dir='ltr'>Empurgateveius/ermadumﬁangens</span> 
     </span>
    </p>
   </div>
   <div class='ocr_carea' id='block_1_65' title="bbox 444 3309 2095 3399">
    <p class='ocr_par' dir='ltr' id='par_1_65' title="bbox 444 3309 2095 3399">
     <span class='ocr_line' id='line_1_65' title="bbox 444 3309 2095 3399; baseline -0.011 -16"><span class='ocrx_word' id='word_1_459' title='bbox 444 3324 757 3399; x_wconf 84' lang='lat' dir='ltr'>aliquando</span> <span class='ocrx_word' id='word_1_460' title='bbox 777 3318 1079 3376; x_wconf 84' lang='lat' dir='ltr'>habuimus</span> <span class='ocrx_word' id='word_1_461' title='bbox 1099 3315 1156 3369; x_wconf 89' lang='lat' dir='ltr'>in</span> <span class='ocrx_word' id='word_1_462' title='bbox 1169 3312 1421 3368; x_wconf 84' lang='lat' dir='ltr'>derisum</span> <span class='ocrx_word' id='word_1_463' title='bbox 1443 3319 1577 3366; x_wconf 87' lang='lat' dir='ltr'>sunt</span> <span class='ocrx_word' id='word_1_464' title='bbox 1598 3309 1713 3379; x_wconf 89' lang='lat' dir='ltr'>isti,</span> <span class='ocrx_word' id='word_1_465' title='bbox 1736 3318 1791 3366; x_wconf 89' lang='lat' dir='ltr'>et</span> <span class='ocrx_word' id='word_1_466' title='bbox 1818 3310 1877 3366; x_wconf 84' lang='lat' dir='ltr'>in</span> <span class='ocrx_word' id='word_1_467' title='bbox 1897 3311 2095 3366; x_wconf 86' lang='lat' dir='ltr'>simiti-</span> 
     </span>
    </p>
   </div>
   <div class='ocr_carea' id='block_1_66' title="bbox 443 3399 2096 3478">
    <p class='ocr_par' dir='ltr' id='par_1_66' title="bbox 443 3399 2096 3478">
     <span class='ocr_line' id='line_1_66' title="bbox 443 3399 2096 3478; baseline -0.008 -7"><span class='ocrx_word' id='word_1_468' title='bbox 443 3415 704 3471; x_wconf 78' lang='lat' dir='ltr'>tudinem</span> <span class='ocrx_word' id='word_1_469' title='bbox 725 3404 1086 3478; x_wconf 81' lang='lat' dir='ltr'>improperii.</span> <span class='ocrx_word' id='word_1_470' title='bbox 1098 3406 1209 3460; x_wconf 83' lang='lat' dir='ltr'>Nos</span> <span class='ocrx_word' id='word_1_471' title='bbox 1226 3399 1518 3464; x_wconf 81' lang='lat' dir='ltr'>insensati,</span> <span class='ocrx_word' id='word_1_472' title='bbox 1539 3400 1721 3455; x_wconf 84' lang='lat' dir='ltr'>vitam</span> <span class='ocrx_word' id='word_1_473' title='bbox 1742 3399 1981 3455; x_wconf 82' lang='lat' dir='ltr'>illorum</span> <span class='ocrx_word' id='word_1_474' title='bbox 1998 3416 2096 3457; x_wconf 59' lang='grc' dir='ltr'>δ’δ’</span> 
     </span>
    </p>
   </div>
   <div class='ocr_carea' id='block_1_67' title="bbox 442 3488 2094 3561">
    <p class='ocr_par' dir='ltr' id='par_1_67' title="bbox 442 3488 2094 3561">
     <span class='ocr_line' id='line_1_67' title="bbox 442 3488 2094 3561; baseline -0.01 0"><span class='ocrx_word' id='word_1_475' title='bbox 442 3504 789 3561; x_wconf 80' lang='lat' dir='ltr'>timabamus</span> <span class='ocrx_word' id='word_1_476' title='bbox 810 3494 1118 3558; x_wconf 86' lang='lat' dir='ltr'>insaniam,</span> <span class='ocrx_word' id='word_1_477' title='bbox 1141 3498 1197 3545; x_wconf 90' lang='lat' dir='ltr'>et</span> <span class='ocrx_word' id='word_1_478' title='bbox 1216 3504 1345 3545; x_wconf 85' lang='lat' dir='ltr'>ecce</span> <span class='ocrx_word' id='word_1_479' title='bbox 1357 3488 1638 3559; x_wconf 83' lang='lat' dir='ltr'>quomodo</span> <span class='ocrx_word' id='word_1_480' title='bbox 1659 3498 2094 3558; x_wconf 81' lang='lat' dir='ltr'>uuncreputan-</span> 
     </span>
    </p>
   </div>
   <div class='ocr_carea' id='block_1_68' title="bbox 440 3576 2086 3658">
    <p class='ocr_par' dir='ltr' id='par_1_68' title="bbox 440 3576 2086 3658">
     <span class='ocr_line' id='line_1_68' title="bbox 440 3576 2086 3658; baseline -0.009 -10"><span class='ocrx_word' id='word_1_481' title='bbox 440 3599 539 3648; x_wconf 88' lang='lat' dir='ltr'>tur</span> <span class='ocrx_word' id='word_1_482' title='bbox 548 3591 702 3645; x_wconf 86' lang='lat' dir='ltr'>inter</span> <span class='ocrx_word' id='word_1_483' title='bbox 709 3589 852 3658; x_wconf 79' lang='lat' dir='ltr'>filios</span> <span class='ocrx_word' id='word_1_484' title='bbox 865 3583 979 3646; x_wconf 90' lang='lat' dir='ltr'>Dei,</span> <span class='ocrx_word' id='word_1_485' title='bbox 988 3590 1040 3636; x_wconf 88' lang='lat' dir='ltr'>et</span> <span class='ocrx_word' id='word_1_486' title='bbox 1055 3581 1206 3635; x_wconf 84' lang='lat' dir='ltr'>inter</span> <span class='ocrx_word' id='word_1_487' title='bbox 1216 3587 1443 3634; x_wconf 87' lang='lat' dir='ltr'>sanctos</span> <span class='ocrx_word' id='word_1_488' title='bbox 1453 3592 1579 3632; x_wconf 81' lang='lat' dir='ltr'>sors</span> <span class='ocrx_word' id='word_1_489' title='bbox 1592 3576 1824 3631; x_wconf 85' lang='lat' dir='ltr'>illorum</span> <span class='ocrx_word' id='word_1_490' title='bbox 1834 3586 1918 3632; x_wconf 89' lang='lat' dir='ltr'>est</span> <span class='ocrx_word' id='word_1_491' title='bbox 1932 3578 1949 3649; x_wconf 91' lang='lat'>(</span> <span class='ocrx_word' id='word_1_492' title='bbox 1961 3593 2086 3647; x_wconf 52' lang='lat' dir='ltr'>sap.</span> 
     </span>
    </p>
   </div>
   <div class='ocr_carea' id='block_1_69' title="bbox 438 3664 2085 3749">
    <p class='ocr_par' dir='ltr' id='par_1_69' title="bbox 438 3664 2085 3749">
     <span class='ocr_line' id='line_1_69' title="bbox 438 3664 2085 3749; baseline -0.008 -13"><span class='ocrx_word' id='word_1_493' title='bbox 438 3684 517 3749; x_wconf 86' lang='lat' dir='ltr'>v).</span> <span class='ocrx_word' id='word_1_494' title='bbox 537 3680 701 3733; x_wconf 91' lang='lat' dir='ltr'>Tunc</span> <span class='ocrx_word' id='word_1_495' title='bbox 723 3672 939 3747; x_wconf 87' lang='lat' dir='ltr'>quippe</span> <span class='ocrx_word' id='word_1_496' title='bbox 968 3667 1238 3725; x_wconf 88' lang='lat' dir='ltr'>Christus</span> <span class='ocrx_word' id='word_1_497' title='bbox 1263 3666 1360 3738; x_wconf 90' lang='lat' dir='ltr'>qui</span> <span class='ocrx_word' id='word_1_498' title='bbox 1392 3664 1582 3737; x_wconf 90' lang='lat' dir='ltr'>primo</span> <span class='ocrx_word' id='word_1_499' title='bbox 1612 3664 1770 3720; x_wconf 91' lang='lat' dir='ltr'>venit</span> <span class='ocrx_word' id='word_1_500' title='bbox 1799 3664 2085 3734; x_wconf 89' lang='lat' dir='ltr'>occultus,</span> 
     </span>
    </p>
   </div>
   <div class='ocr_carea' id='block_1_70' title="bbox 437 3753 2088 3835">
    <p class='ocr_par' dir='ltr' id='par_1_70' title="bbox 437 3753 2088 3835">
     <span class='ocr_line' id='line_1_70' title="bbox 437 3753 2088 3835; baseline -0.008 -12"><span class='ocrx_word' id='word_1_501' title='bbox 437 3765 626 3823; x_wconf 78' lang='lat' dir='ltr'>veniet</span> <span class='ocrx_word' id='word_1_502' title='bbox 660 3758 1097 3835; x_wconf 88' lang='lat' dir='ltr'>apertus.Unde</span> <span class='ocrx_word' id='word_1_503' title='bbox 1118 3757 1243 3828; x_wconf 91' lang='lat' dir='ltr'>ipse</span> <span class='ocrx_word' id='word_1_504' title='bbox 1263 3753 1435 3809; x_wconf 79' lang='lat' dir='ltr'>dixit:</span> <span class='ocrx_word' id='word_1_505' title='bbox 1460 3753 1616 3809; x_wconf 83' lang='lat' dir='ltr'>Sicut</span> <span class='ocrx_word' id='word_1_506' title='bbox 1634 3754 1838 3824; x_wconf 80' lang='lat' dir='ltr'>fulgur</span> <span class='ocrx_word' id='word_1_507' title='bbox 1864 3755 1985 3811; x_wconf 70' lang='lat' dir='ltr'>exit</span> <span class='ocrx_word' id='word_1_508' title='bbox 2015 3758 2088 3810; x_wconf 81' lang='lat' dir='ltr'>ab</span> 
     </span>
    </p>
   </div>
   <div class='ocr_carea' id='block_1_71' title="bbox 438 3843 2089 3921">
    <p class='ocr_par' dir='ltr' id='par_1_71' title="bbox 438 3843 2089 3921">
     <span class='ocr_line' id='line_1_71' title="bbox 438 3843 2089 3921; baseline -0.007 -8"><span class='ocrx_word' id='word_1_509' title='bbox 438 3855 663 3913; x_wconf 82' lang='lat' dir='ltr'>oriente</span> <span class='ocrx_word' id='word_1_510' title='bbox 691 3860 747 3908; x_wconf 85' lang='lat' dir='ltr'>et</span> <span class='ocrx_word' id='word_1_511' title='bbox 775 3856 945 3921; x_wconf 81' lang='lat' dir='ltr'>paret</span> <span class='ocrx_word' id='word_1_512' title='bbox 968 3862 1147 3918; x_wconf 84' lang='lat' dir='ltr'>usque</span> <span class='ocrx_word' id='word_1_513' title='bbox 1176 3845 1233 3900; x_wconf 91' lang='lat' dir='ltr'>in</span> <span class='ocrx_word' id='word_1_514' title='bbox 1262 3843 1631 3907; x_wconf 84' lang='lat' dir='ltr'>occidentem,</span> <span class='ocrx_word' id='word_1_515' title='bbox 1666 3843 1749 3897; x_wconf 90' lang='lat' dir='ltr'>ita</span> <span class='ocrx_word' id='word_1_516' title='bbox 1776 3843 1890 3899; x_wconf 86' lang='lat' dir='ltr'>erit</span> <span class='ocrx_word' id='word_1_517' title='bbox 1938 3844 2089 3902; x_wconf 83' lang='lat' dir='ltr'>Filii</span> 
     </span>
    </p>
   </div>
   <div class='ocr_carea' id='block_1_72' title="bbox 440 3931 2086 4007">
    <p class='ocr_par' dir='ltr' id='par_1_72' title="bbox 440 3931 2086 4007">
     <span class='ocr_line' id='line_1_72' title="bbox 440 3931 2086 4007; baseline -0.005 -7"><span class='ocrx_word' id='word_1_518' title='bbox 440 3944 686 4001; x_wconf 83' lang='lat' dir='ltr'>hominis</span> <span class='ocrx_word' id='word_1_519' title='bbox 709 3940 985 3997; x_wconf 71' lang='lat' dir='ltr'>adventus</span> <span class='ocrx_word' id='word_1_520' title='bbox 1007 3941 1162 4006; x_wconf 77' lang='lat' dir='ltr'>(Luc.</span> <span class='ocrx_word' id='word_1_521' title='bbox 1186 3938 1345 4000; x_wconf 83' lang='lat' dir='ltr'>xvn).</span> <span class='ocrx_word' id='word_1_522' title='bbox 1365 3932 1433 3987; x_wconf 88' lang='lat' dir='ltr'>Et</span> <span class='ocrx_word' id='word_1_523' title='bbox 1463 3931 1563 4005; x_wconf 89' lang='lat' dir='ltr'>qui</span> <span class='ocrx_word' id='word_1_524' title='bbox 1595 3932 1783 4004; x_wconf 91' lang='lat' dir='ltr'>primo</span> <span class='ocrx_word' id='word_1_525' title='bbox 1813 3935 2086 4007; x_wconf 88' lang='lat' dir='ltr'>apparuit</span> 
     </span>
    </p>
   </div>
   <div class='ocr_carea' id='block_1_73' title="bbox 442 4020 2081 4100">
    <p class='ocr_par' dir='ltr' id='par_1_73' title="bbox 442 4020 2081 4100">
     <span class='ocr_line' id='line_1_73' title="bbox 442 4020 2081 4100; baseline -0.006 -9"><span class='ocrx_word' id='word_1_526' title='bbox 442 4032 707 4097; x_wconf 89' lang='lat' dir='ltr'>humilis,</span> <span class='ocrx_word' id='word_1_527' title='bbox 738 4034 879 4086; x_wconf 89' lang='lat' dir='ltr'>tunc</span> <span class='ocrx_word' id='word_1_528' title='bbox 910 4023 1214 4100; x_wconf 88' lang='lat' dir='ltr'>apparebit</span> <span class='ocrx_word' id='word_1_529' title='bbox 1243 4039 1419 4095; x_wconf 88' lang='lat' dir='ltr'>super</span> <span class='ocrx_word' id='word_1_530' title='bbox 1448 4038 1683 4078; x_wconf 87' lang='lat' dir='ltr'>omnem</span> <span class='ocrx_word' id='word_1_531' title='bbox 1712 4020 2081 4081; x_wconf 89' lang='lat' dir='ltr'>altitudinem</span> 
     </span>
    </p>
   </div>
   <div class='ocr_carea' id='block_1_74' title="bbox 441 4110 2085 4190">
    <p class='ocr_par' dir='ltr' id='par_1_74' title="bbox 441 4110 2085 4190">
     <span class='ocr_line' id='line_1_74' title="bbox 441 4110 2085 4190; baseline -0.007 -10"><span class='ocrx_word' id='word_1_532' title='bbox 441 4120 734 4180; x_wconf 90' lang='lat' dir='ltr'>sublimis.</span> <span class='ocrx_word' id='word_1_533' title='bbox 763 4119 829 4174; x_wconf 90' lang='lat' dir='ltr'>Et</span> <span class='ocrx_word' id='word_1_534' title='bbox 859 4115 958 4190; x_wconf 91' lang='lat' dir='ltr'>qui</span> <span class='ocrx_word' id='word_1_535' title='bbox 989 4114 1154 4188; x_wconf 90' lang='lat' dir='ltr'>prius</span> <span class='ocrx_word' id='word_1_536' title='bbox 1184 4111 1457 4186; x_wconf 87' lang='lat' dir='ltr'>apparuit</span> <span class='ocrx_word' id='word_1_537' title='bbox 1482 4110 1811 4184; x_wconf 89' lang='lat' dir='ltr'>despectus,</span> <span class='ocrx_word' id='word_1_538' title='bbox 1825 4116 1964 4168; x_wconf 88' lang='lat' dir='ltr'>tunc</span> <span class='ocrx_word' id='word_1_539' title='bbox 1986 4131 2085 4187; x_wconf 92' lang='lat' dir='ltr'>ap-</span> 
     </span>
    </p>
   </div>
   <div class='ocr_carea' id='block_1_75' title="bbox 438 4198 2080 4284">
    <p class='ocr_par' dir='ltr' id='par_1_75' title="bbox 438 4198 2080 4284">
     <span class='ocr_line' id='line_1_75' title="bbox 438 4198 2080 4284; baseline -0.006 -17"><span class='ocrx_word' id='word_1_540' title='bbox 438 4208 666 4284; x_wconf 89' lang='lat' dir='ltr'>parebit</span> <span class='ocrx_word' id='word_1_541' title='bbox 695 4223 873 4279; x_wconf 90' lang='lat' dir='ltr'>super</span> <span class='ocrx_word' id='word_1_542' title='bbox 925 4218 1157 4260; x_wconf 89' lang='lat' dir='ltr'>omnem</span> <span class='ocrx_word' id='word_1_543' title='bbox 1206 4200 1453 4274; x_wconf 90' lang='lat' dir='ltr'>gloriam</span> <span class='ocrx_word' id='word_1_544' title='bbox 1512 4198 1805 4272; x_wconf 88' lang='lat' dir='ltr'>gloriosus</span> <span class='ocrx_word' id='word_1_545' title='bbox 1838 4216 1851 4256; x_wconf 92' lang='lat'>:</span> <span class='ocrx_word' id='word_1_546' title='bbox 1885 4200 1952 4255; x_wconf 87' lang='lat' dir='ltr'>Et</span> <span class='ocrx_word' id='word_1_547' title='bbox 1980 4203 2080 4274; x_wconf 91' lang='lat' dir='ltr'>qui</span> 
     </span>
    </p>
   </div>
   <div class='ocr_carea' id='block_1_76' title="bbox 435 4290 2084 4373">
    <p class='ocr_par' dir='ltr' id='par_1_76' title="bbox 435 4290 2084 4373">
     <span class='ocr_line' id='line_1_76' title="bbox 435 4290 2084 4373; baseline -0.005 -17"><span class='ocrx_word' id='word_1_548' title='bbox 435 4300 695 4373; x_wconf 89' lang='lat' dir='ltr'>primum</span> <span class='ocrx_word' id='word_1_549' title='bbox 717 4293 991 4369; x_wconf 89' lang='lat' dir='ltr'>apparuit</span> <span class='ocrx_word' id='word_1_550' title='bbox 1011 4308 1232 4366; x_wconf 90' lang='lat' dir='ltr'>pauper</span> <span class='ocrx_word' id='word_1_551' title='bbox 1253 4304 1598 4363; x_wconf 88' lang='lat' dir='ltr'>pauperum,</span> <span class='ocrx_word' id='word_1_552' title='bbox 1621 4293 1763 4353; x_wconf 83' lang='lat' dir='ltr'>tunc</span> <span class='ocrx_word' id='word_1_553' title='bbox 1780 4290 2084 4362; x_wconf 87' lang='lat' dir='ltr'>apparebit</span> 
     </span>
    </p>
   </div>
   <div class='ocr_carea' id='block_1_77' title="bbox 434 4376 2080 4459">
    <p class='ocr_par' dir='ltr' id='par_1_77' title="bbox 434 4376 2080 4459">
     <span class='ocr_line' id='line_1_77' title="bbox 434 4376 2080 4459; baseline -0.005 -14"><span class='ocrx_word' id='word_1_554' title='bbox 434 4389 555 4445; x_wconf 83' lang='lat' dir='ltr'>Rex</span> <span class='ocrx_word' id='word_1_555' title='bbox 584 4402 788 4459; x_wconf 85' lang='lat' dir='ltr'>regum</span> <span class='ocrx_word' id='word_1_556' title='bbox 820 4388 877 4440; x_wconf 90' lang='lat' dir='ltr'>et</span> <span class='ocrx_word' id='word_1_557' title='bbox 907 4381 1191 4439; x_wconf 88' lang='lat' dir='ltr'>Dominus</span> <span class='ocrx_word' id='word_1_558' title='bbox 1221 4376 1757 4435; x_wconf 85' lang='lat' dir='ltr'>dominantium.Et</span> <span class='ocrx_word' id='word_1_559' title='bbox 1773 4378 1871 4450; x_wconf 91' lang='lat' dir='ltr'>qui</span> <span class='ocrx_word' id='word_1_560' title='bbox 1892 4379 2080 4451; x_wconf 90' lang='lat' dir='ltr'>primo</span> 
     </span>
    </p>
   </div>
   <div class='ocr_carea' id='block_1_78' title="bbox 431 4465 2082 4550">
    <p class='ocr_par' dir='ltr' id='par_1_78' title="bbox 431 4465 2082 4550">
     <span class='ocr_line' id='line_1_78' title="bbox 431 4465 2082 4550; baseline -0.008 -15"><span class='ocrx_word' id='word_1_561' title='bbox 431 4478 543 4535; x_wconf 89' lang='lat' dir='ltr'>fuit</span> <span class='ocrx_word' id='word_1_562' title='bbox 553 4475 857 4550; x_wconf 88' lang='lat' dir='ltr'>judicatus</span> <span class='ocrx_word' id='word_1_563' title='bbox 882 4477 938 4529; x_wconf 88' lang='lat' dir='ltr'>et</span> <span class='ocrx_word' id='word_1_564' title='bbox 958 4487 1191 4544; x_wconf 87' lang='lat' dir='ltr'>passus,</span> <span class='ocrx_word' id='word_1_565' title='bbox 1214 4474 1356 4524; x_wconf 89' lang='lat' dir='ltr'>tunc</span> <span class='ocrx_word' id='word_1_566' title='bbox 1371 4465 1661 4539; x_wconf 87' lang='lat' dir='ltr'>judicabit</span> <span class='ocrx_word' id='word_1_567' title='bbox 1689 4467 2082 4525; x_wconf 86' lang='lat' dir='ltr'>damnansin-</span> 
     </span>
    </p>
   </div>
   <div class='ocr_carea' id='block_1_79' title="bbox 420 4555 2156 4643">
    <p class='ocr_par' dir='ltr' id='par_1_79' title="bbox 420 4555 2156 4643">
     <span class='ocr_line' id='line_1_79' title="bbox 420 4555 2156 4643; baseline -0.005 -20"><span class='ocrx_word' id='word_1_568' title='bbox 420 4567 640 4639; x_wconf 90' lang='lat' dir='ltr'>justos,</span> <span class='ocrx_word' id='word_1_569' title='bbox 693 4568 749 4619; x_wconf 88' lang='lat' dir='ltr'>et</span> <span class='ocrx_word' id='word_1_570' title='bbox 806 4561 1141 4636; x_wconf 84' lang='lat' dir='ltr'>glorificans</span> <span class='ocrx_word' id='word_1_571' title='bbox 1188 4558 1405 4629; x_wconf 89' lang='lat' dir='ltr'>justos.</span> <span class='ocrx_word' id='word_1_572' title='bbox 1438 4555 1557 4611; x_wconf 90' lang='lat' dir='ltr'>Nos</span> <span class='ocrx_word' id='word_1_573' title='bbox 1588 4571 1840 4627; x_wconf 91' lang='lat' dir='ltr'>quoque,</span> <span class='ocrx_word' id='word_1_574' title='bbox 1872 4556 2080 4614; x_wconf 86' lang='lat' dir='ltr'>fratres</span> <span class='ocrx_word' id='word_1_575' title='bbox 2107 4577 2156 4643; x_wconf 72' lang='grc' dir='ltr'>υ</span> 
     </span>
    </p>
   </div>
   <div class='ocr_carea' id='block_1_80' title="bbox 428 4643 2078 4722">
    <p class='ocr_par' dir='ltr' id='par_1_80' title="bbox 428 4643 2078 4722">
     <span class='ocr_line' id='line_1_80' title="bbox 428 4643 2078 4722; baseline -0.007 -10"><span class='ocrx_word' id='word_1_576' title='bbox 428 4654 564 4722; x_wconf 90' lang='lat' dir='ltr'>mei,</span> <span class='ocrx_word' id='word_1_577' title='bbox 588 4654 637 4711; x_wconf 91' lang='lat' dir='ltr'>si</span> <span class='ocrx_word' id='word_1_578' title='bbox 666 4649 1174 4709; x_wconf 87' lang='lat' dir='ltr'>humiliaverimus</span> <span class='ocrx_word' id='word_1_579' title='bbox 1206 4663 1311 4702; x_wconf 92' lang='lat' dir='ltr'>nos</span> <span class='ocrx_word' id='word_1_580' title='bbox 1342 4660 1476 4701; x_wconf 92' lang='lat' dir='ltr'>cum</span> <span class='ocrx_word' id='word_1_581' title='bbox 1507 4643 1734 4700; x_wconf 87' lang='lat' dir='ltr'>Christo</span> <span class='ocrx_word' id='word_1_582' title='bbox 1762 4643 1821 4699; x_wconf 91' lang='lat' dir='ltr'>in</span> <span class='ocrx_word' id='word_1_583' title='bbox 1854 4645 2078 4707; x_wconf 76' lang='lat' dir='ltr'>via.su-</span> 
     </span>
    </p>
   </div>
   <div class='ocr_carea' id='block_1_81' title="bbox 426 4731 2073 4810">
    <p class='ocr_par' dir='ltr' id='par_1_81' title="bbox 426 4731 2073 4810">
     <span class='ocr_line' id='line_1_81' title="bbox 426 4731 2073 4810; baseline -0.006 -10"><span class='ocrx_word' id='word_1_584' title='bbox 426 4742 774 4799; x_wconf 89' lang='lat' dir='ltr'>blimabitur</span> <span class='ocrx_word' id='word_1_585' title='bbox 797 4756 929 4796; x_wconf 91' lang='lat' dir='ltr'>cum</span> <span class='ocrx_word' id='word_1_586' title='bbox 953 4737 1081 4810; x_wconf 91' lang='lat' dir='ltr'>ipso</span> <span class='ocrx_word' id='word_1_587' title='bbox 1102 4736 1160 4791; x_wconf 90' lang='lat' dir='ltr'>in</span> <span class='ocrx_word' id='word_1_588' title='bbox 1185 4732 1391 4808; x_wconf 83' lang='lat' dir='ltr'>patria.</span> <span class='ocrx_word' id='word_1_589' title='bbox 1415 4732 1474 4788; x_wconf 85' lang='lat' dir='ltr'>Si</span> <span class='ocrx_word' id='word_1_590' title='bbox 1498 4731 1784 4788; x_wconf 79' lang='lat' dir='ltr'>fuerimus</span> <span class='ocrx_word' id='word_1_591' title='bbox 1813 4732 2073 4806; x_wconf 89' lang='lat' dir='ltr'>despecti</span> 
     </span>
    </p>
   </div>
   <div class='ocr_carea' id='block_1_82' title="bbox 423 4820 2073 4897">
    <p class='ocr_par' dir='ltr' id='par_1_82' title="bbox 423 4820 2073 4897">
     <span class='ocr_line' id='line_1_82' title="bbox 423 4820 2073 4897; baseline -0.009 -8"><span class='ocrx_word' id='word_1_592' title='bbox 423 4850 559 4889; x_wconf 89' lang='lat' dir='ltr'>cum</span> <span class='ocrx_word' id='word_1_593' title='bbox 591 4831 819 4887; x_wconf 88' lang='lat' dir='ltr'>Christo</span> <span class='ocrx_word' id='word_1_594' title='bbox 840 4829 899 4884; x_wconf 92' lang='lat' dir='ltr'>in</span> <span class='ocrx_word' id='word_1_595' title='bbox 929 4827 1042 4892; x_wconf 87' lang='lat' dir='ltr'>via,</span> <span class='ocrx_word' id='word_1_596' title='bbox 1075 4820 1536 4897; x_wconf 83' lang='lat' dir='ltr'>gloriﬁcabimur</span> <span class='ocrx_word' id='word_1_597' title='bbox 1563 4835 1698 4875; x_wconf 90' lang='lat' dir='ltr'>cum</span> <span class='ocrx_word' id='word_1_598' title='bbox 1728 4820 1858 4892; x_wconf 91' lang='lat' dir='ltr'>ipso</span> <span class='ocrx_word' id='word_1_599' title='bbox 1885 4820 1946 4876; x_wconf 91' lang='lat' dir='ltr'>in</span> <span class='ocrx_word' id='word_1_600' title='bbox 1970 4838 2073 4895; x_wconf 83' lang='lat' dir='ltr'>pa-</span> 
     </span>
    </p>
   </div>
   <div class='ocr_carea' id='block_1_83' title="bbox 422 4908 2072 4987">
    <p class='ocr_par' dir='ltr' id='par_1_83' title="bbox 422 4908 2072 4987">
     <span class='ocr_line' id='line_1_83' title="bbox 422 4908 2072 4987; baseline -0.006 -10"><span class='ocrx_word' id='word_1_601' title='bbox 422 4921 555 4977; x_wconf 88' lang='lat' dir='ltr'>tria.</span> <span class='ocrx_word' id='word_1_602' title='bbox 589 4920 649 4977; x_wconf 89' lang='lat' dir='ltr'>Si</span> <span class='ocrx_word' id='word_1_603' title='bbox 682 4917 968 4975; x_wconf 87' lang='lat' dir='ltr'>fuerimus</span> <span class='ocrx_word' id='word_1_604' title='bbox 998 4928 1286 4987; x_wconf 88' lang='lat' dir='ltr'>pauperes</span> <span class='ocrx_word' id='word_1_605' title='bbox 1314 4915 1372 4967; x_wconf 92' lang='lat' dir='ltr'>et</span> <span class='ocrx_word' id='word_1_606' title='bbox 1399 4908 1648 4981; x_wconf 85' lang='lat' dir='ltr'>subjecti</span> <span class='ocrx_word' id='word_1_607' title='bbox 1679 4924 1814 4965; x_wconf 91' lang='lat' dir='ltr'>cum</span> <span class='ocrx_word' id='word_1_608' title='bbox 1845 4910 2072 4968; x_wconf 83' lang='lat' dir='ltr'>Christo</span> 
     </span>
    </p>
   </div>
   <div class='ocr_carea' id='block_1_84' title="bbox 421 4997 2071 5075">
    <p class='ocr_par' dir='ltr' id='par_1_84' title="bbox 421 4997 2071 5075">
     <span class='ocr_line' id='line_1_84' title="bbox 421 4997 2071 5075; baseline -0.005 -11"><span class='ocrx_word' id='word_1_609' title='bbox 421 5008 481 5065; x_wconf 92' lang='lat' dir='ltr'>in</span> <span class='ocrx_word' id='word_1_610' title='bbox 502 5008 614 5075; x_wconf 87' lang='lat' dir='ltr'>via,</span> <span class='ocrx_word' id='word_1_611' title='bbox 640 5007 979 5071; x_wconf 87' lang='lat' dir='ltr'>ditabimur,</span> <span class='ocrx_word' id='word_1_612' title='bbox 1003 5008 1057 5061; x_wconf 88' lang='lat' dir='ltr'>et</span> <span class='ocrx_word' id='word_1_613' title='bbox 1079 4999 1299 5059; x_wconf 91' lang='lat' dir='ltr'>domini</span> <span class='ocrx_word' id='word_1_614' title='bbox 1330 4997 1918 5055; x_wconf 79' lang='lat' dir='ltr'>dominabimurcum</span> <span class='ocrx_word' id='word_1_615' title='bbox 1941 4998 2071 5072; x_wconf 91' lang='lat' dir='ltr'>ipso</span> 
     </span>
    </p>
   </div>
   <div class='ocr_carea' id='block_1_85' title="bbox 416 5087 2093 5167">
    <p class='ocr_par' dir='ltr' id='par_1_85' title="bbox 416 5087 2093 5167">
     <span class='ocr_line' id='line_1_85' title="bbox 416 5087 2093 5167; baseline -0.007 -16"><span class='ocrx_word' id='word_1_616' title='bbox 416 5094 478 5151; x_wconf 88' lang='lat' dir='ltr'>in</span> <span class='ocrx_word' id='word_1_617' title='bbox 502 5095 708 5167; x_wconf 88' lang='lat' dir='ltr'>patria.</span> <span class='ocrx_word' id='word_1_618' title='bbox 734 5095 793 5151; x_wconf 89' lang='lat' dir='ltr'>Si</span> <span class='ocrx_word' id='word_1_619' title='bbox 825 5091 1349 5165; x_wconf 88' lang='lat' dir='ltr'>dijudicabimuret</span> <span class='ocrx_word' id='word_1_620' title='bbox 1375 5088 1667 5161; x_wconf 90' lang='lat' dir='ltr'>patiemur</span> <span class='ocrx_word' id='word_1_621' title='bbox 1685 5102 1820 5143; x_wconf 90' lang='lat' dir='ltr'>cum</span> <span class='ocrx_word' id='word_1_622' title='bbox 1842 5087 2093 5147; x_wconf 85' lang='lat' dir='ltr'>Christo.</span> 
     </span>
    </p>
   </div>
   <div class='ocr_carea' id='block_1_86' title="bbox 410 5176 2061 5255">
    <p class='ocr_par' dir='ltr' id='par_1_86' title="bbox 410 5176 2061 5255">
     <span class='ocr_line' id='line_1_86' title="bbox 410 5176 2061 5255; baseline -0.003 -15"><span class='ocrx_word' id='word_1_623' title='bbox 410 5183 475 5240; x_wconf 89' lang='lat' dir='ltr'>in</span> <span class='ocrx_word' id='word_1_624' title='bbox 493 5182 606 5252; x_wconf 86' lang='lat' dir='ltr'>via,</span> <span class='ocrx_word' id='word_1_625' title='bbox 620 5182 1023 5255; x_wconf 89' lang='lat' dir='ltr'>judicabimus</span> <span class='ocrx_word' id='word_1_626' title='bbox 1039 5187 1097 5238; x_wconf 90' lang='lat' dir='ltr'>et</span> <span class='ocrx_word' id='word_1_627' title='bbox 1115 5180 1445 5237; x_wconf 67' lang='lat' dir='ltr'>laetabimur</span> <span class='ocrx_word' id='word_1_628' title='bbox 1464 5195 1599 5234; x_wconf 90' lang='lat' dir='ltr'>cum</span> <span class='ocrx_word' id='word_1_629' title='bbox 1622 5176 1750 5250; x_wconf 91' lang='lat' dir='ltr'>ipso</span> <span class='ocrx_word' id='word_1_630' title='bbox 1771 5176 1829 5232; x_wconf 90' lang='lat' dir='ltr'>in</span> <span class='ocrx_word' id='word_1_631' title='bbox 1853 5179 2061 5250; x_wconf 88' lang='lat' dir='ltr'>patria.</span> 
     </span>
    </p>
   </div>
   <div class='ocr_carea' id='block_1_87' title="bbox 407 5268 2063 5344">
    <p class='ocr_par' dir='ltr' id='par_1_87' title="bbox 407 5268 2063 5344">
     <span class='ocr_line' id='line_1_87' title="bbox 407 5268 2063 5344; baseline -0.004 -16"><span class='ocrx_word' id='word_1_632' title='bbox 407 5272 633 5344; x_wconf 88' lang='lat' dir='ltr'>Itaque,</span> <span class='ocrx_word' id='word_1_633' title='bbox 658 5272 866 5327; x_wconf 89' lang='lat' dir='ltr'>fratres</span> <span class='ocrx_word' id='word_1_634' title='bbox 892 5270 1027 5336; x_wconf 88' lang='lat' dir='ltr'>mei,</span> <span class='ocrx_word' id='word_1_635' title='bbox 1062 5287 1178 5326; x_wconf 89' lang='lat' dir='ltr'>non</span> <span class='ocrx_word' id='word_1_636' title='bbox 1210 5268 1514 5341; x_wconf 88' lang='lat' dir='ltr'>sapiamus</span> <span class='ocrx_word' id='word_1_637' title='bbox 1541 5270 1792 5333; x_wconf 87' lang='lat' dir='ltr'>terrena,</span> <span class='ocrx_word' id='word_1_638' title='bbox 1828 5283 1942 5323; x_wconf 91' lang='lat' dir='ltr'>non</span> <span class='ocrx_word' id='word_1_639' title='bbox 1973 5268 2063 5323; x_wconf 90' lang='lat' dir='ltr'>in-</span> 
     </span>
    </p>
   </div>
   <div class='ocr_carea' id='block_1_88' title="bbox 406 5354 2060 5430">
    <p class='ocr_par' dir='ltr' id='par_1_88' title="bbox 406 5354 2060 5430">
     <span class='ocr_line' id='line_1_88' title="bbox 406 5354 2060 5430; baseline -0.002 -14"><span class='ocrx_word' id='word_1_640' title='bbox 406 5376 721 5416; x_wconf 88' lang='lat' dir='ltr'>curvemur</span> <span class='ocrx_word' id='word_1_641' title='bbox 750 5359 822 5415; x_wconf 92' lang='lat' dir='ltr'>ad</span> <span class='ocrx_word' id='word_1_642' title='bbox 855 5374 1113 5414; x_wconf 88' lang='lat' dir='ltr'>amorem</span> <span class='ocrx_word' id='word_1_643' title='bbox 1145 5374 1369 5425; x_wconf 90' lang='lat' dir='ltr'>eorum,</span> <span class='ocrx_word' id='word_1_644' title='bbox 1401 5372 1562 5413; x_wconf 90' lang='lat' dir='ltr'>more</span> <span class='ocrx_word' id='word_1_645' title='bbox 1586 5354 1898 5428; x_wconf 87' lang='lat' dir='ltr'>pecudum,</span> <span class='ocrx_word' id='word_1_646' title='bbox 1932 5373 2060 5430; x_wconf 65' lang='lat' dir='ltr'>qua</span> 
     </span>
    </p>
   </div>
   <div class='ocr_carea' id='block_1_89' title="bbox 404 5446 2060 5520">
    <p class='ocr_par' dir='ltr' id='par_1_89' title="bbox 404 5446 2060 5520">
     <span class='ocr_line' id='line_1_89' title="bbox 404 5446 2060 5520; baseline -0.001 -15"><span class='ocrx_word' id='word_1_647' title='bbox 404 5447 534 5505; x_wconf 88' lang='lat' dir='ltr'>sine</span> <span class='ocrx_word' id='word_1_648' title='bbox 566 5448 727 5504; x_wconf 86' lang='lat' dir='ltr'>freno</span> <span class='ocrx_word' id='word_1_649' title='bbox 759 5452 878 5503; x_wconf 89' lang='lat' dir='ltr'>toto</span> <span class='ocrx_word' id='word_1_650' title='bbox 910 5447 1153 5518; x_wconf 90' lang='lat' dir='ltr'>impetu,</span> <span class='ocrx_word' id='word_1_651' title='bbox 1186 5448 1259 5503; x_wconf 92' lang='lat' dir='ltr'>ad</span> <span class='ocrx_word' id='word_1_652' title='bbox 1300 5446 1660 5520; x_wconf 88' lang='lat' dir='ltr'>implendam</span> <span class='ocrx_word' id='word_1_653' title='bbox 1689 5446 1950 5518; x_wconf 88' lang='lat' dir='ltr'>corporis</span> <span class='ocrx_word' id='word_1_654' title='bbox 1980 5448 2060 5504; x_wconf 87' lang='lat' dir='ltr'>fe-</span> 
     </span>
    </p>
   </div>
   <div class='ocr_carea' id='block_1_90' title="bbox 409 5535 2062 5608">
    <p class='ocr_par' dir='ltr' id='par_1_90' title="bbox 409 5535 2062 5608">
     <span class='ocr_line' id='line_1_90' title="bbox 409 5535 2062 5608; baseline 0.002 -19"><span class='ocrx_word' id='word_1_655' title='bbox 409 5540 622 5592; x_wconf 85' lang='lat' dir='ltr'>runtur</span> <span class='ocrx_word' id='word_1_656' title='bbox 650 5536 1029 5605; x_wconf 87' lang='lat' dir='ltr'>voluntatem,</span> <span class='ocrx_word' id='word_1_657' title='bbox 1065 5537 1165 5592; x_wconf 90' lang='lat' dir='ltr'>sed</span> <span class='ocrx_word' id='word_1_658' title='bbox 1200 5535 1395 5608; x_wconf 87' lang='lat' dir='ltr'>potius</span> <span class='ocrx_word' id='word_1_659' title='bbox 1425 5535 1614 5592; x_wconf 90' lang='lat' dir='ltr'>simus</span> <span class='ocrx_word' id='word_1_660' title='bbox 1644 5535 1815 5591; x_wconf 89' lang='lat' dir='ltr'>erecti</span> <span class='ocrx_word' id='word_1_661' title='bbox 1850 5536 1923 5591; x_wconf 90' lang='lat' dir='ltr'>ad</span> <span class='ocrx_word' id='word_1_662' title='bbox 1954 5552 2062 5592; x_wconf 81' lang='lat' dir='ltr'>cce-</span> 
     </span>
    </p>
   </div>
   <div class='ocr_carea' id='block_1_91' title="bbox 408 5622 2060 5699">
    <p class='ocr_par' dir='ltr' id='par_1_91' title="bbox 408 5622 2060 5699">
     <span class='ocr_line' id='line_1_91' title="bbox 408 5622 2060 5699; baseline 0.002 -22"><span class='ocrx_word' id='word_1_663' title='bbox 408 5622 555 5692; x_wconf 90' lang='lat' dir='ltr'>lum,</span> <span class='ocrx_word' id='word_1_664' title='bbox 581 5625 731 5684; x_wconf 91' lang='lat' dir='ltr'>sicut</span> <span class='ocrx_word' id='word_1_665' title='bbox 773 5641 1033 5699; x_wconf 91' lang='lat' dir='ltr'>corpore,</span> <span class='ocrx_word' id='word_1_666' title='bbox 1070 5624 1152 5681; x_wconf 89' lang='lat' dir='ltr'>ita</span> <span class='ocrx_word' id='word_1_667' title='bbox 1194 5627 1406 5692; x_wconf 89' lang='lat' dir='ltr'>mente,</span> <span class='ocrx_word' id='word_1_668' title='bbox 1436 5628 1557 5681; x_wconf 88' lang='lat' dir='ltr'>toto</span> <span class='ocrx_word' id='word_1_669' title='bbox 1589 5622 1878 5681; x_wconf 90' lang='lat' dir='ltr'>desiderio</span> <span class='ocrx_word' id='word_1_670' title='bbox 1907 5640 2060 5681; x_wconf 89' lang='lat' dir='ltr'>ame-</span> 
     </span>
    </p>
   </div>
   <div class='ocr_carea' id='block_1_92' title="bbox 2204 3312 3857 3393">
    <p class='ocr_par' dir='ltr' id='par_1_92' title="bbox 2204 3312 3857 3393">
     <span class='ocr_line' id='line_1_92' title="bbox 2204 3312 3857 3393; baseline 0.006 -27"><span class='ocrx_word' id='word_1_671' title='bbox 2204 3312 2691 3369; x_wconf 89' lang='lat' dir='ltr'>consuetudinem</span> <span class='ocrx_word' id='word_1_672' title='bbox 2729 3313 3091 3386; x_wconf 67' lang='lat' dir='ltr'>Judaeorum,</span> <span class='ocrx_word' id='word_1_673' title='bbox 3124 3315 3225 3393; x_wconf 88' lang='lat' dir='ltr'>qui</span> <span class='ocrx_word' id='word_1_674' title='bbox 3256 3316 3315 3371; x_wconf 90' lang='lat' dir='ltr'>in</span> <span class='ocrx_word' id='word_1_675' title='bbox 3346 3316 3573 3373; x_wconf 80' lang='lat' dir='ltr'>Pascha</span> <span class='ocrx_word' id='word_1_676' title='bbox 3606 3319 3857 3376; x_wconf 86' lang='lat' dir='ltr'>fermen-</span> 
     </span>
    </p>
   </div>
   <div class='ocr_carea' id='block_1_93' title="bbox 2200 3401 3858 3475">
    <p class='ocr_par' dir='ltr' id='par_1_93' title="bbox 2200 3401 3858 3475">
     <span class='ocr_line' id='line_1_93' title="bbox 2200 3401 3858 3475; baseline 0.007 -21"><span class='ocrx_word' id='word_1_677' title='bbox 2200 3402 2328 3456; x_wconf 91' lang='lat' dir='ltr'>tum</span> <span class='ocrx_word' id='word_1_678' title='bbox 2358 3401 2734 3473; x_wconf 87' lang='lat' dir='ltr'>abjiciebant,</span> <span class='ocrx_word' id='word_1_679' title='bbox 2764 3406 2821 3458; x_wconf 89' lang='lat' dir='ltr'>et</span> <span class='ocrx_word' id='word_1_680' title='bbox 2851 3418 3054 3475; x_wconf 82' lang='lat' dir='ltr'>azyma</span> <span class='ocrx_word' id='word_1_681' title='bbox 3081 3405 3487 3474; x_wconf 87' lang='lat' dir='ltr'>comedebant,</span> <span class='ocrx_word' id='word_1_682' title='bbox 3500 3410 3639 3463; x_wconf 88' lang='lat' dir='ltr'>tum</span> <span class='ocrx_word' id='word_1_683' title='bbox 3670 3408 3748 3465; x_wconf 88' lang='lat' dir='ltr'>ob</span> <span class='ocrx_word' id='word_1_684' title='bbox 3774 3424 3858 3465; x_wconf 64' lang='lat' dir='ltr'>rev</span> 
     </span>
    </p>
   </div>
   <div class='ocr_carea' id='block_1_94' title="bbox 2200 3490 3859 3569">
    <p class='ocr_par' dir='ltr' id='par_1_94' title="bbox 2200 3490 3859 3569">
     <span class='ocr_line' id='line_1_94' title="bbox 2200 3490 3859 3569; baseline 0.005 -25"><span class='ocrx_word' id='word_1_685' title='bbox 2200 3490 2597 3546; x_wconf 87' lang='lat' dir='ltr'>cordatiouom</span> <span class='ocrx_word' id='word_1_686' title='bbox 2630 3491 2785 3563; x_wconf 91' lang='lat' dir='ltr'>quod</span> <span class='ocrx_word' id='word_1_687' title='bbox 2817 3497 2951 3564; x_wconf 92' lang='lat' dir='ltr'>post</span> <span class='ocrx_word' id='word_1_688' title='bbox 2971 3491 3431 3550; x_wconf 89' lang='lat' dir='ltr'>immolationem</span> <span class='ocrx_word' id='word_1_689' title='bbox 3462 3495 3603 3569; x_wconf 87' lang='lat' dir='ltr'>agni</span> <span class='ocrx_word' id='word_1_690' title='bbox 3637 3497 3859 3554; x_wconf 74' lang='lat' dir='ltr'>exirent</span> 
     </span>
    </p>
   </div>
   <div class='ocr_carea' id='block_1_95' title="bbox 2200 3580 3853 3655">
    <p class='ocr_par' dir='ltr' id='par_1_95' title="bbox 2200 3580 3853 3655">
     <span class='ocr_line' id='line_1_95' title="bbox 2200 3580 3853 3655; baseline 0.006 -22"><span class='ocrx_word' id='word_1_691' title='bbox 2200 3582 2395 3650; x_wconf 88' lang='lat' dir='ltr'>patres</span> <span class='ocrx_word' id='word_1_692' title='bbox 2423 3595 2623 3635; x_wconf 89' lang='lat' dir='ltr'>eorum</span> <span class='ocrx_word' id='word_1_693' title='bbox 2650 3580 2721 3635; x_wconf 93' lang='lat' dir='ltr'>de</span> <span class='ocrx_word' id='word_1_694' title='bbox 2750 3580 3030 3654; x_wconf 70' lang='lat' dir='ltr'>Egypto;</span> <span class='ocrx_word' id='word_1_695' title='bbox 3068 3582 3167 3655; x_wconf 91' lang='lat' dir='ltr'>qui</span> <span class='ocrx_word' id='word_1_696' title='bbox 3207 3598 3342 3639; x_wconf 91' lang='lat' dir='ltr'>cum</span> <span class='ocrx_word' id='word_1_697' title='bbox 3394 3588 3561 3641; x_wconf 85' lang='lat' dir='ltr'>tanta</span> <span class='ocrx_word' id='word_1_698' title='bbox 3614 3585 3853 3643; x_wconf 84' lang='lat' dir='ltr'>festina-</span> 
     </span>
    </p>
   </div>
   <div class='ocr_carea' id='block_1_96' title="bbox 2198 3665 3851 3746">
    <p class='ocr_par' dir='ltr' id='par_1_96' title="bbox 2198 3665 3851 3746">
     <span class='ocr_line' id='line_1_96' title="bbox 2198 3665 3851 3746; baseline 0.007 -25"><span class='ocrx_word' id='word_1_699' title='bbox 2198 3665 2355 3722; x_wconf 90' lang='lat' dir='ltr'>tione</span> <span class='ocrx_word' id='word_1_700' title='bbox 2384 3667 2671 3734; x_wconf 80' lang='lat' dir='ltr'>exierunt,</span> <span class='ocrx_word' id='word_1_701' title='bbox 2705 3673 2770 3723; x_wconf 90' lang='lat' dir='ltr'>ut</span> <span class='ocrx_word' id='word_1_702' title='bbox 2801 3686 2917 3725; x_wconf 92' lang='lat' dir='ltr'>non</span> <span class='ocrx_word' id='word_1_703' title='bbox 2949 3668 3147 3726; x_wconf 91' lang='lat' dir='ltr'>liceret</span> <span class='ocrx_word' id='word_1_704' title='bbox 3177 3670 3262 3727; x_wconf 91' lang='lat' dir='ltr'>eis</span> <span class='ocrx_word' id='word_1_705' title='bbox 3292 3688 3500 3746; x_wconf 85' lang='lat' dir='ltr'>parare</span> <span class='ocrx_word' id='word_1_706' title='bbox 3530 3675 3851 3745; x_wconf 81' lang='lat' dir='ltr'>panes,sed</span> 
     </span>
    </p>
   </div>
   <div class='ocr_carea' id='block_1_97' title="bbox 2197 3751 3849 3832">
    <p class='ocr_par' dir='ltr' id='par_1_97' title="bbox 2197 3751 3849 3832">
     <span class='ocr_line' id='line_1_97' title="bbox 2197 3751 3849 3832; baseline 0.007 -23"><span class='ocrx_word' id='word_1_707' title='bbox 2197 3754 2416 3811; x_wconf 80' lang='lat' dir='ltr'>farinae</span> <span class='ocrx_word' id='word_1_708' title='bbox 2448 3751 2719 3825; x_wconf 78' lang='lat' dir='ltr'>fereu&#39;tes,</span> <span class='ocrx_word' id='word_1_709' title='bbox 2751 3757 2885 3814; x_wconf 81' lang='lat' dir='ltr'>inde</span> <span class='ocrx_word' id='word_1_710' title='bbox 2928 3775 3162 3832; x_wconf 83' lang='lat' dir='ltr'>azymos</span> <span class='ocrx_word' id='word_1_711' title='bbox 3213 3777 3393 3832; x_wconf 87' lang='lat' dir='ltr'>panes</span> <span class='ocrx_word' id='word_1_712' title='bbox 3422 3761 3483 3817; x_wconf 90' lang='lat' dir='ltr'>in</span> <span class='ocrx_word' id='word_1_713' title='bbox 3516 3762 3651 3819; x_wconf 86' lang='lat' dir='ltr'>foco</span> <span class='ocrx_word' id='word_1_714' title='bbox 3682 3764 3849 3820; x_wconf 85' lang='lat' dir='ltr'>facie-</span> 
     </span>
    </p>
   </div>
   <div class='ocr_carea' id='block_1_98' title="bbox 2195 3837 3847 3924">
    <p class='ocr_par' dir='ltr' id='par_1_98' title="bbox 2195 3837 3847 3924">
     <span class='ocr_line' id='line_1_98' title="bbox 2195 3837 3847 3924; baseline 0.006 -25"><span class='ocrx_word' id='word_1_715' title='bbox 2195 3837 2338 3899; x_wconf 81' lang='lat' dir='ltr'>Bant</span> <span class='ocrx_word' id='word_1_716' title='bbox 2364 3862 2378 3912; x_wconf 89' lang='lat'><strong>;</strong></span> <span class='ocrx_word' id='word_1_717' title='bbox 2410 3849 2539 3900; x_wconf 91' lang='lat' dir='ltr'>tum</span> <span class='ocrx_word' id='word_1_718' title='bbox 2570 3846 2645 3901; x_wconf 93' lang='lat' dir='ltr'>ob</span> <span class='ocrx_word' id='word_1_719' title='bbox 2675 3847 3017 3921; x_wconf 82' lang='lat' dir='ltr'>mysterium</span> <span class='ocrx_word' id='word_1_720' title='bbox 3052 3864 3153 3905; x_wconf 89' lang='lat' dir='ltr'>eos</span> <span class='ocrx_word' id='word_1_721' title='bbox 3181 3849 3438 3908; x_wconf 84' lang='lat' dir='ltr'>evitandi</span> <span class='ocrx_word' id='word_1_722' title='bbox 3467 3853 3697 3924; x_wconf 85' lang='lat' dir='ltr'>peccati</span> <span class='ocrx_word' id='word_1_723' title='bbox 3742 3853 3847 3909; x_wconf 80' lang='lat' dir='ltr'>fer-</span> 
     </span>
    </p>
   </div>
   <div class='ocr_carea' id='block_1_99' title="bbox 2194 3935 3847 4007">
    <p class='ocr_par' dir='ltr' id='par_1_99' title="bbox 2194 3935 3847 4007">
     <span class='ocr_line' id='line_1_99' title="bbox 2194 3935 3847 4007; baseline 0.006 -20"><span class='ocrx_word' id='word_1_724' title='bbox 2194 3938 2461 3989; x_wconf 90' lang='lat' dir='ltr'>mentum</span> <span class='ocrx_word' id='word_1_725' title='bbox 2503 3935 2603 4006; x_wconf 90' lang='lat' dir='ltr'>qui</span> <span class='ocrx_word' id='word_1_726' title='bbox 2652 3952 2796 4007; x_wconf 89' lang='lat' dir='ltr'>pure</span> <span class='ocrx_word' id='word_1_727' title='bbox 2840 3935 3062 3993; x_wconf 87' lang='lat' dir='ltr'>Pascha</span> <span class='ocrx_word' id='word_1_728' title='bbox 3090 3937 3298 3994; x_wconf 89' lang='lat' dir='ltr'>volunt</span> <span class='ocrx_word' id='word_1_729' title='bbox 3325 3938 3643 3999; x_wconf 79' lang='lat' dir='ltr'>celebrare.</span> <span class='ocrx_word' id='word_1_730' title='bbox 3673 3945 3847 3998; x_wconf 80' lang='lat' dir='ltr'>Porm</span> 
     </span>
    </p>
   </div>
   <div class='ocr_carea' id='block_1_100' title="bbox 2193 4021 3847 4102">
    <p class='ocr_par' dir='ltr' id='par_1_100' title="bbox 2193 4021 3847 4102">
     <span class='ocr_line' id='line_1_100' title="bbox 2193 4021 3847 4102; baseline 0.007 -26"><span class='ocrx_word' id='word_1_731' title='bbox 2193 4021 2569 4091; x_wconf 86' lang='lat' dir='ltr'>fermentum,</span> <span class='ocrx_word' id='word_1_732' title='bbox 2587 4027 2645 4080; x_wconf 91' lang='lat' dir='ltr'>et</span> <span class='ocrx_word' id='word_1_733' title='bbox 2675 4023 2926 4081; x_wconf 84' lang='lat' dir='ltr'>maxime</span> <span class='ocrx_word' id='word_1_734' title='bbox 2944 4029 3110 4083; x_wconf 89' lang='lat' dir='ltr'>vetus</span> <span class='ocrx_word' id='word_1_735' title='bbox 3131 4027 3322 4084; x_wconf 87' lang='lat' dir='ltr'>reddit</span> <span class='ocrx_word' id='word_1_736' title='bbox 3341 4045 3555 4101; x_wconf 91' lang='lat' dir='ltr'>panem</span> <span class='ocrx_word' id='word_1_737' title='bbox 3586 4030 3847 4102; x_wconf 81' lang='lat' dir='ltr'>acidum,</span> 
     </span>
    </p>
   </div>
   <div class='ocr_carea' id='block_1_101' title="bbox 2192 4108 3843 4191">
    <p class='ocr_par' dir='ltr' id='par_1_101' title="bbox 2192 4108 3843 4191">
     <span class='ocr_line' id='line_1_101' title="bbox 2192 4108 3843 4191; baseline 0.004 -26"><span class='ocrx_word' id='word_1_738' title='bbox 2192 4108 2396 4179; x_wconf 88' lang='lat' dir='ltr'>levem,</span> <span class='ocrx_word' id='word_1_739' title='bbox 2430 4112 2630 4169; x_wconf 88' lang='lat' dir='ltr'>minus</span> <span class='ocrx_word' id='word_1_740' title='bbox 2656 4114 3069 4187; x_wconf 80' lang='lat' dir='ltr'>vegetativum,</span> <span class='ocrx_word' id='word_1_741' title='bbox 3103 4120 3160 4172; x_wconf 91' lang='lat' dir='ltr'>et</span> <span class='ocrx_word' id='word_1_742' title='bbox 3202 4116 3394 4191; x_wconf 88' lang='lat' dir='ltr'>magis</span> <span class='ocrx_word' id='word_1_743' title='bbox 3435 4133 3843 4176; x_wconf 81' lang='lat' dir='ltr'>cavernosum.</span> 
     </span>
    </p>
   </div>
   <div class='ocr_carea' id='block_1_102' title="bbox 2189 4199 3849 4275">
    <p class='ocr_par' dir='ltr' id='par_1_102' title="bbox 2189 4199 3849 4275">
     <span class='ocr_line' id='line_1_102' title="bbox 2189 4199 3849 4275; baseline 0.006 -20"><span class='ocrx_word' id='word_1_744' title='bbox 2189 4199 2303 4267; x_wconf 89' lang='lat' dir='ltr'>Sic,</span> <span class='ocrx_word' id='word_1_745' title='bbox 2336 4201 2546 4257; x_wconf 86' lang='lat' dir='ltr'>fratres</span> <span class='ocrx_word' id='word_1_746' title='bbox 2575 4202 2712 4270; x_wconf 90' lang='lat' dir='ltr'>mei,</span> <span class='ocrx_word' id='word_1_747' title='bbox 2748 4210 3049 4275; x_wconf 88' lang='lat' dir='ltr'>peccatum</span> <span class='ocrx_word' id='word_1_748' title='bbox 3101 4205 3238 4261; x_wconf 89' lang='lat' dir='ltr'>facit</span> <span class='ocrx_word' id='word_1_749' title='bbox 3283 4206 3545 4263; x_wconf 89' lang='lat' dir='ltr'>animam</span> <span class='ocrx_word' id='word_1_750' title='bbox 3586 4206 3849 4265; x_wconf 85' lang='lat' dir='ltr'>hominis</span> 
     </span>
    </p>
   </div>
   <div class='ocr_carea' id='block_1_103' title="bbox 2190 4289 3847 4370">
    <p class='ocr_par' dir='ltr' id='par_1_103' title="bbox 2190 4289 3847 4370">
     <span class='ocr_line' id='line_1_103' title="bbox 2190 4289 3847 4370; baseline 0.006 -25"><span class='ocrx_word' id='word_1_751' title='bbox 2190 4289 2513 4359; x_wconf 87' lang='lat' dir='ltr'>acidam,ut</span> <span class='ocrx_word' id='word_1_752' title='bbox 2532 4291 2687 4347; x_wconf 92' lang='lat' dir='ltr'>Deus</span> <span class='ocrx_word' id='word_1_753' title='bbox 2707 4290 2851 4348; x_wconf 90' lang='lat' dir='ltr'>nolit</span> <span class='ocrx_word' id='word_1_754' title='bbox 2873 4309 3001 4349; x_wconf 89' lang='lat' dir='ltr'>eam</span> <span class='ocrx_word' id='word_1_755' title='bbox 3029 4295 3197 4351; x_wconf 88' lang='lat' dir='ltr'>unire</span> <span class='ocrx_word' id='word_1_756' title='bbox 3226 4294 3338 4352; x_wconf 92' lang='lat' dir='ltr'>sibi</span> <span class='ocrx_word' id='word_1_757' title='bbox 3360 4300 3419 4352; x_wconf 89' lang='lat' dir='ltr'>et</span> <span class='ocrx_word' id='word_1_758' title='bbox 3446 4296 3847 4370; x_wconf 72' lang='lat' dir='ltr'>incorporate,</span> 
     </span>
    </p>
   </div>
   <div class='ocr_carea' id='block_1_104' title="bbox 2190 4377 3847 4456">
    <p class='ocr_par' dir='ltr' id='par_1_104' title="bbox 2190 4377 3847 4456">
     <span class='ocr_line' id='line_1_104' title="bbox 2190 4377 3847 4456; baseline 0.005 -23"><span class='ocrx_word' id='word_1_759' title='bbox 2190 4377 2327 4434; x_wconf 88' lang='lat' dir='ltr'>facit</span> <span class='ocrx_word' id='word_1_760' title='bbox 2357 4395 2486 4434; x_wconf 87' lang='lat' dir='ltr'>eam</span> <span class='ocrx_word' id='word_1_761' title='bbox 2518 4378 2723 4452; x_wconf 89' lang='lat' dir='ltr'>levem,</span> <span class='ocrx_word' id='word_1_762' title='bbox 2756 4384 2820 4436; x_wconf 90' lang='lat' dir='ltr'>ut</span> <span class='ocrx_word' id='word_1_763' title='bbox 2858 4381 3131 4438; x_wconf 90' lang='lat' dir='ltr'>diabolus</span> <span class='ocrx_word' id='word_1_764' title='bbox 3178 4382 3367 4456; x_wconf 88' lang='lat' dir='ltr'>possit</span> <span class='ocrx_word' id='word_1_765' title='bbox 3411 4400 3544 4440; x_wconf 88' lang='lat' dir='ltr'>eam</span> <span class='ocrx_word' id='word_1_766' title='bbox 3593 4386 3847 4442; x_wconf 83' lang='lat' dir='ltr'>circum-</span> 
     </span>
    </p>
   </div>
   <div class='ocr_carea' id='block_1_105' title="bbox 2189 4466 3848 4534">
    <p class='ocr_par' dir='ltr' id='par_1_105' title="bbox 2189 4466 3848 4534">
     <span class='ocr_line' id='line_1_105' title="bbox 2189 4466 3848 4534; baseline 0.007 -13"><span class='ocrx_word' id='word_1_767' title='bbox 2189 4466 2356 4534; x_wconf 87' lang='lat' dir='ltr'>ferre,</span> <span class='ocrx_word' id='word_1_768' title='bbox 2386 4467 2525 4523; x_wconf 85' lang='lat' dir='ltr'>facit</span> <span class='ocrx_word' id='word_1_769' title='bbox 2553 4484 2682 4524; x_wconf 89' lang='lat' dir='ltr'>eam</span> <span class='ocrx_word' id='word_1_770' title='bbox 2716 4468 2914 4526; x_wconf 91' lang='lat' dir='ltr'>minus</span> <span class='ocrx_word' id='word_1_771' title='bbox 2941 4469 3192 4527; x_wconf 90' lang='lat' dir='ltr'>solidam</span> <span class='ocrx_word' id='word_1_772' title='bbox 3224 4475 3284 4528; x_wconf 89' lang='lat' dir='ltr'>et</span> <span class='ocrx_word' id='word_1_773' title='bbox 3309 4471 3568 4530; x_wconf 82' lang='lat' dir='ltr'>validam</span> <span class='ocrx_word' id='word_1_774' title='bbox 3601 4475 3679 4530; x_wconf 88' lang='lat' dir='ltr'>ad</span> <span class='ocrx_word' id='word_1_775' title='bbox 3714 4474 3848 4532; x_wconf 84' lang='lat' dir='ltr'>resi-</span> 
     </span>
    </p>
   </div>
   <div class='ocr_carea' id='block_1_106' title="bbox 2186 4556 3844 4629">
    <p class='ocr_par' dir='ltr' id='par_1_106' title="bbox 2186 4556 3844 4629">
     <span class='ocr_line' id='line_1_106' title="bbox 2186 4556 3844 4629; baseline 0.006 -18"><span class='ocrx_word' id='word_1_776' title='bbox 2186 4557 2461 4612; x_wconf 87' lang='lat' dir='ltr'>stendum</span> <span class='ocrx_word' id='word_1_777' title='bbox 2493 4556 2725 4613; x_wconf 88' lang='lat' dir='ltr'>diabolo</span> <span class='ocrx_word' id='word_1_778' title='bbox 2751 4575 2764 4626; x_wconf 92' lang='lat'><strong>;</strong></span> <span class='ocrx_word' id='word_1_779' title='bbox 2801 4558 2938 4614; x_wconf 86' lang='lat' dir='ltr'>facit</span> <span class='ocrx_word' id='word_1_780' title='bbox 2966 4576 3366 4629; x_wconf 88' lang='lat' dir='ltr'>cavernosam,</span> <span class='ocrx_word' id='word_1_781' title='bbox 3390 4566 3455 4617; x_wconf 89' lang='lat' dir='ltr'>ut</span> <span class='ocrx_word' id='word_1_782' title='bbox 3484 4561 3769 4620; x_wconf 82' lang='lat' dir='ltr'>diabolus</span> <span class='ocrx_word' id='word_1_783' title='bbox 3788 4565 3844 4620; x_wconf 88' lang='lat' dir='ltr'>in</span> 
     </span>
    </p>
   </div>
   <div class='ocr_carea' id='block_1_107' title="bbox 2187 4644 3843 4723">
    <p class='ocr_par' dir='ltr' id='par_1_107' title="bbox 2187 4644 3843 4723">
     <span class='ocr_line' id='line_1_107' title="bbox 2187 4644 3843 4723; baseline 0.007 -24"><span class='ocrx_word' id='word_1_784' title='bbox 2187 4661 2257 4699; x_wconf 87' lang='lat' dir='ltr'>ea</span> <span class='ocrx_word' id='word_1_785' title='bbox 2285 4644 2396 4701; x_wconf 91' lang='lat' dir='ltr'>sibi</span> <span class='ocrx_word' id='word_1_786' title='bbox 2428 4644 2744 4703; x_wconf 88' lang='lat' dir='ltr'>latibulum</span> <span class='ocrx_word' id='word_1_787' title='bbox 2774 4646 3050 4704; x_wconf 79' lang='lat' dir='ltr'>inveniat.</span> <span class='ocrx_word' id='word_1_788' title='bbox 3088 4650 3311 4723; x_wconf 84' lang='lat' dir='ltr'>itaque,</span> <span class='ocrx_word' id='word_1_789' title='bbox 3335 4650 3548 4708; x_wconf 85' lang='lat' dir='ltr'>fratres</span> <span class='ocrx_word' id='word_1_790' title='bbox 3569 4652 3712 4722; x_wconf 85' lang='lat' dir='ltr'>mei,</span> <span class='ocrx_word' id='word_1_791' title='bbox 3743 4670 3843 4710; x_wconf 78' lang='lat' dir='ltr'>ex-</span> 
     </span>
    </p>
   </div>
   <div class='ocr_carea' id='block_1_108' title="bbox 2184 4735 3841 4815">
    <p class='ocr_par' dir='ltr' id='par_1_108' title="bbox 2184 4735 3841 4815">
     <span class='ocr_line' id='line_1_108' title="bbox 2184 4735 3841 4815; baseline 0.006 -27"><span class='ocrx_word' id='word_1_792' title='bbox 2184 4738 2428 4807; x_wconf 79' lang='lat' dir='ltr'>purgate</span> <span class='ocrx_word' id='word_1_793' title='bbox 2458 4740 2625 4791; x_wconf 89' lang='lat' dir='ltr'>vetus</span> <span class='ocrx_word' id='word_1_794' title='bbox 2657 4735 3008 4792; x_wconf 85' lang='lat' dir='ltr'>fermentum</span> <span class='ocrx_word' id='word_1_795' title='bbox 3041 4739 3283 4810; x_wconf 86' lang='lat' dir='ltr'>peccati,</span> <span class='ocrx_word' id='word_1_796' title='bbox 3316 4739 3372 4794; x_wconf 92' lang='lat' dir='ltr'>id</span> <span class='ocrx_word' id='word_1_797' title='bbox 3405 4743 3497 4796; x_wconf 89' lang='lat' dir='ltr'>est</span> <span class='ocrx_word' id='word_1_798' title='bbox 3518 4756 3629 4813; x_wconf 87' lang='lat' dir='ltr'>per</span> <span class='ocrx_word' id='word_1_799' title='bbox 3658 4742 3841 4815; x_wconf 69' lang='lat' dir='ltr'>paeni-</span> 
     </span>
    </p>
   </div>
   <div class='ocr_carea' id='block_1_109' title="bbox 2181 4824 3841 4902">
    <p class='ocr_par' dir='ltr' id='par_1_109' title="bbox 2181 4824 3841 4902">
     <span class='ocr_line' id='line_1_109' title="bbox 2181 4824 3841 4902; baseline 0.005 -23"><span class='ocrx_word' id='word_1_800' title='bbox 2181 4824 2450 4891; x_wconf 89' lang='lat' dir='ltr'>tentiam,</span> <span class='ocrx_word' id='word_1_801' title='bbox 2478 4824 2916 4891; x_wconf 89' lang='lat' dir='ltr'>correctionem,</span> <span class='ocrx_word' id='word_1_802' title='bbox 2936 4830 2994 4882; x_wconf 89' lang='lat' dir='ltr'>et</span> <span class='ocrx_word' id='word_1_803' title='bbox 3021 4827 3841 4902; x_wconf 83' lang='lat' dir='ltr'>emendationem,peccatum</span> 
     </span>
    </p>
   </div>
   <div class='ocr_carea' id='block_1_110' title="bbox 2181 4912 3842 4983">
    <p class='ocr_par' dir='ltr' id='par_1_110' title="bbox 2181 4912 3842 4983">
     <span class='ocr_line' id='line_1_110' title="bbox 2181 4912 3842 4983; baseline 0.005 -15"><span class='ocrx_word' id='word_1_804' title='bbox 2181 4913 2423 4981; x_wconf 85' lang='lat' dir='ltr'>auferte,</span> <span class='ocrx_word' id='word_1_805' title='bbox 2460 4929 2573 4968; x_wconf 93' lang='lat' dir='ltr'>non</span> <span class='ocrx_word' id='word_1_806' title='bbox 2605 4912 2795 4969; x_wconf 88' lang='lat' dir='ltr'>solum</span> <span class='ocrx_word' id='word_1_807' title='bbox 2831 4931 2865 4969; x_wconf 89' lang='lat' dir='ltr'>a</span> <span class='ocrx_word' id='word_1_808' title='bbox 2896 4920 3110 4983; x_wconf 87' lang='lat' dir='ltr'>mente,</span> <span class='ocrx_word' id='word_1_809' title='bbox 3134 4916 3235 4972; x_wconf 87' lang='lat' dir='ltr'>sed</span> <span class='ocrx_word' id='word_1_810' title='bbox 3262 4917 3439 4973; x_wconf 87' lang='lat' dir='ltr'>etiam</span> <span class='ocrx_word' id='word_1_811' title='bbox 3461 4934 3497 4973; x_wconf 88' lang='lat' dir='ltr'>a</span> <span class='ocrx_word' id='word_1_812' title='bbox 3526 4918 3713 4976; x_wconf 90' lang='lat' dir='ltr'>domo</span> <span class='ocrx_word' id='word_1_813' title='bbox 3732 4925 3792 4977; x_wconf 85' lang='lat' dir='ltr'>et</span> <span class='ocrx_word' id='word_1_814' title='bbox 3810 4937 3842 4977; x_wconf 87' lang='lat' dir='ltr'>a</span> 
     </span>
    </p>
   </div>
   <div class='ocr_carea' id='block_1_111' title="bbox 2180 5000 3841 5084">
    <p class='ocr_par' dir='ltr' id='par_1_111' title="bbox 2180 5000 3841 5084">
     <span class='ocr_line' id='line_1_111' title="bbox 2180 5000 3841 5084; baseline 0.005 -28"><span class='ocrx_word' id='word_1_815' title='bbox 2180 5000 2593 5058; x_wconf 88' lang='lat' dir='ltr'>communione</span> <span class='ocrx_word' id='word_1_816' title='bbox 2622 5001 3053 5061; x_wconf 67' lang='lat' dir='ltr'>Ecclesiae.Non</span> <span class='ocrx_word' id='word_1_817' title='bbox 3078 5004 3234 5062; x_wconf 89' lang='lat' dir='ltr'>enim</span> <span class='ocrx_word' id='word_1_818' title='bbox 3266 5007 3519 5079; x_wconf 87' lang='lat' dir='ltr'>perfecte</span> <span class='ocrx_word' id='word_1_819' title='bbox 3549 5014 3841 5084; x_wconf 83' lang='lat' dir='ltr'>expurgat</span> 
     </span>
    </p>
   </div>
   <div class='ocr_carea' id='block_1_112' title="bbox 2175 5091 3837 5170">
    <p class='ocr_par' dir='ltr' id='par_1_112' title="bbox 2175 5091 3837 5170">
     <span class='ocr_line' id='line_1_112' title="bbox 2175 5091 3837 5170; baseline 0.005 -24"><span class='ocrx_word' id='word_1_820' title='bbox 2175 5093 2344 5147; x_wconf 87' lang='lat' dir='ltr'>vetus</span> <span class='ocrx_word' id='word_1_821' title='bbox 2374 5091 2746 5159; x_wconf 85' lang='lat' dir='ltr'>fermentum,</span> <span class='ocrx_word' id='word_1_822' title='bbox 2782 5092 2882 5165; x_wconf 88' lang='lat' dir='ltr'>qui</span> <span class='ocrx_word' id='word_1_823' title='bbox 2936 5092 3047 5149; x_wconf 87' lang='lat' dir='ltr'>etsi</span> <span class='ocrx_word' id='word_1_824' title='bbox 3096 5110 3131 5150; x_wconf 87' lang='lat' dir='ltr'>a</span> <span class='ocrx_word' id='word_1_825' title='bbox 3169 5110 3251 5162; x_wconf 89' lang='lat' dir='ltr'>se,</span> <span class='ocrx_word' id='word_1_826' title='bbox 3284 5098 3574 5168; x_wconf 87' lang='lat' dir='ltr'>quantum</span> <span class='ocrx_word' id='word_1_827' title='bbox 3620 5103 3837 5170; x_wconf 86' lang='lat' dir='ltr'>potest,</span> 
     </span>
    </p>
   </div>
   <div class='ocr_carea' id='block_1_113' title="bbox 2170 5179 3834 5250">
    <p class='ocr_par' dir='ltr' id='par_1_113' title="bbox 2170 5179 3834 5250">
     <span class='ocr_line' id='line_1_113' title="bbox 2170 5179 3834 5250; baseline 0.006 -16"><span class='ocrx_word' id='word_1_828' title='bbox 2170 5179 2392 5250; x_wconf 89' lang='lat' dir='ltr'>abjicit,</span> <span class='ocrx_word' id='word_1_829' title='bbox 2424 5183 2620 5235; x_wconf 87' lang='lat' dir='ltr'>tamen</span> <span class='ocrx_word' id='word_1_830' title='bbox 2652 5196 2688 5236; x_wconf 87' lang='lat' dir='ltr'>a</span> <span class='ocrx_word' id='word_1_831' title='bbox 2715 5180 2888 5237; x_wconf 90' lang='lat' dir='ltr'>domo</span> <span class='ocrx_word' id='word_1_832' title='bbox 2918 5198 3028 5238; x_wconf 91' lang='lat' dir='ltr'>sua</span> <span class='ocrx_word' id='word_1_833' title='bbox 3055 5182 3147 5239; x_wconf 90' lang='lat' dir='ltr'>vel</span> <span class='ocrx_word' id='word_1_834' title='bbox 3178 5200 3213 5239; x_wconf 89' lang='lat' dir='ltr'>a</span> <span class='ocrx_word' id='word_1_835' title='bbox 3242 5184 3666 5243; x_wconf 87' lang='lat' dir='ltr'>communione</span> <span class='ocrx_word' id='word_1_836' title='bbox 3717 5204 3834 5244; x_wconf 89' lang='lat' dir='ltr'>non</span> 
     </span>
    </p>
   </div>
   <div class='ocr_carea' id='block_1_114' title="bbox 2169 5268 3834 5347">
    <p class='ocr_par' dir='ltr' id='par_1_114' title="bbox 2169 5268 3834 5347">
     <span class='ocr_line' id='line_1_114' title="bbox 2169 5268 3834 5347; baseline 0.007 -24"><span class='ocrx_word' id='word_1_837' title='bbox 2169 5268 2389 5341; x_wconf 85' lang='lat' dir='ltr'>abjicit.</span> <span class='ocrx_word' id='word_1_838' title='bbox 2415 5269 2463 5324; x_wconf 84' lang='lat' dir='ltr'><strong>A</strong></span> <span class='ocrx_word' id='word_1_839' title='bbox 2491 5285 2553 5325; x_wconf 89' lang='lat' dir='ltr'>se</span> <span class='ocrx_word' id='word_1_840' title='bbox 2576 5268 2729 5347; x_wconf 26' lang='lat' dir='ltr'>forte.</span> <span class='ocrx_word' id='word_1_841' title='bbox 2753 5269 2876 5326; x_wconf 88' lang='lat' dir='ltr'>Heli</span> <span class='ocrx_word' id='word_1_842' title='bbox 2908 5270 3224 5342; x_wconf 87' lang='lat' dir='ltr'>abjiciebat</span> <span class='ocrx_word' id='word_1_843' title='bbox 3253 5272 3637 5341; x_wconf 82' lang='lat' dir='ltr'>fermentum,</span> <span class='ocrx_word' id='word_1_844' title='bbox 3662 5277 3769 5333; x_wconf 80' lang='lat' dir='ltr'>sed</span> <span class='ocrx_word' id='word_1_845' title='bbox 3802 5294 3834 5333; x_wconf 83' lang='lat' dir='ltr'>a</span> 
     </span>
    </p>
   </div>
   <div class='ocr_carea' id='block_1_115' title="bbox 2169 5357 3836 5437">
    <p class='ocr_par' dir='ltr' id='par_1_115' title="bbox 2169 5357 3836 5437">
     <span class='ocr_line' id='line_1_115' title="bbox 2169 5357 3836 5437; baseline 0.005 -24"><span class='ocrx_word' id='word_1_846' title='bbox 2169 5357 2343 5414; x_wconf 92' lang='lat' dir='ltr'>domo</span> <span class='ocrx_word' id='word_1_847' title='bbox 2369 5374 2478 5413; x_wconf 87' lang='lat' dir='ltr'>sua</span> <span class='ocrx_word' id='word_1_848' title='bbox 2517 5374 2632 5414; x_wconf 91' lang='lat' dir='ltr'>non</span> <span class='ocrx_word' id='word_1_849' title='bbox 2681 5358 2914 5432; x_wconf 87' lang='lat' dir='ltr'>abjecit,</span> <span class='ocrx_word' id='word_1_850' title='bbox 2942 5364 3001 5415; x_wconf 88' lang='lat' dir='ltr'>et</span> <span class='ocrx_word' id='word_1_851' title='bbox 3028 5359 3161 5417; x_wconf 88' lang='lat' dir='ltr'>ideo</span> <span class='ocrx_word' id='word_1_852' title='bbox 3190 5378 3325 5418; x_wconf 91' lang='lat' dir='ltr'>cum</span> <span class='ocrx_word' id='word_1_853' title='bbox 3355 5378 3426 5418; x_wconf 87' lang='lat' dir='ltr'>ea</span> <span class='ocrx_word' id='word_1_854' title='bbox 3452 5362 3656 5437; x_wconf 89' lang='lat' dir='ltr'>periit.</span> <span class='ocrx_word' id='word_1_855' title='bbox 3694 5371 3744 5420; x_wconf 75' lang='grc' dir='ltr'><strong>Α</strong></span> <span class='ocrx_word' id='word_1_856' title='bbox 3774 5383 3836 5421; x_wconf 82' lang='lat' dir='ltr'>se</span> 
     </span>
    </p>
   </div>
   <div class='ocr_carea' id='block_1_116' title="bbox 2168 5447 3835 5527">
    <p class='ocr_par' dir='ltr' id='par_1_116' title="bbox 2168 5447 3835 5527">
     <span class='ocr_line' id='line_1_116' title="bbox 2168 5447 3835 5527; baseline 0.005 -24"><span class='ocrx_word' id='word_1_857' title='bbox 2168 5447 2316 5503; x_wconf 88' lang='lat' dir='ltr'>forte</span> <span class='ocrx_word' id='word_1_858' title='bbox 2361 5447 2640 5502; x_wconf 87' lang='lat' dir='ltr'>Corinthii</span> <span class='ocrx_word' id='word_1_859' title='bbox 2694 5448 2788 5516; x_wconf 88' lang='lat' dir='ltr'>(ad</span> <span class='ocrx_word' id='word_1_860' title='bbox 2840 5464 2991 5521; x_wconf 90' lang='lat' dir='ltr'>quos</span> <span class='ocrx_word' id='word_1_861' title='bbox 3038 5448 3135 5506; x_wconf 86' lang='lat' dir='ltr'>hic</span> <span class='ocrx_word' id='word_1_862' title='bbox 3182 5449 3441 5524; x_wconf 89' lang='lat' dir='ltr'>loquitur</span> <span class='ocrx_word' id='word_1_863' title='bbox 3484 5454 3835 5527; x_wconf 78' lang='lat' dir='ltr'>Apostolus}</span> 
     </span>
    </p>
   </div>
   <div class='ocr_carea' id='block_1_117' title="bbox 2167 5535 3831 5609">
    <p class='ocr_par' dir='ltr' id='par_1_117' title="bbox 2167 5535 3831 5609">
     <span class='ocr_line' id='line_1_117' title="bbox 2167 5535 3831 5609; baseline 0.005 -17"><span class='ocrx_word' id='word_1_864' title='bbox 2167 5535 2517 5609; x_wconf 88' lang='lat' dir='ltr'>abjiciebant</span> <span class='ocrx_word' id='word_1_865' title='bbox 2545 5537 2919 5606; x_wconf 88' lang='lat' dir='ltr'>fermentum,</span> <span class='ocrx_word' id='word_1_866' title='bbox 2939 5538 3040 5594; x_wconf 87' lang='lat' dir='ltr'>sed</span> <span class='ocrx_word' id='word_1_867' title='bbox 3066 5555 3101 5594; x_wconf 88' lang='lat' dir='ltr'>a</span> <span class='ocrx_word' id='word_1_868' title='bbox 3128 5540 3543 5598; x_wconf 86' lang='lat' dir='ltr'>communione</span> <span class='ocrx_word' id='word_1_869' title='bbox 3574 5559 3696 5600; x_wconf 87' lang='lat' dir='ltr'>sua</span> <span class='ocrx_word' id='word_1_870' title='bbox 3716 5562 3831 5601; x_wconf 89' lang='lat' dir='ltr'>non</span> 
     </span>
    </p>
   </div>
   <div class='ocr_carea' id='block_1_118' title="bbox 2166 5623 3831 5705">
    <p class='ocr_par' dir='ltr' id='par_1_118' title="bbox 2166 5623 3831 5705">
     <span class='ocr_line' id='line_1_118' title="bbox 2166 5623 3831 5705; baseline 0.005 -23"><span class='ocrx_word' id='word_1_871' title='bbox 2166 5623 2537 5696; x_wconf 84' lang='lat' dir='ltr'>abjieiebant,</span> <span class='ocrx_word' id='word_1_872' title='bbox 2568 5625 2711 5681; x_wconf 84' lang='lat' dir='ltr'>dum</span> <span class='ocrx_word' id='word_1_873' title='bbox 2744 5630 3148 5698; x_wconf 81' lang='lat' dir='ltr'>corruptorem</span> <span class='ocrx_word' id='word_1_874' title='bbox 3180 5643 3441 5687; x_wconf 59' lang='lat' dir='ltr'>noverca</span> <span class='ocrx_word' id='word_1_875' title='bbox 3470 5646 3620 5698; x_wconf 67' lang='lat' dir='ltr'>sua,</span> <span class='ocrx_word' id='word_1_876' title='bbox 3648 5649 3831 5705; x_wconf 81' lang='lat' dir='ltr'>quam</span> 
     </span>
    </p>
   </div>
  </div>
