3982 6082
130 310 284 373 1853
781 308 1137 371 Homle
1176 309 1260 370 IN
1301 272 1554 370 EPIST.
1599 307 1698 368 ET
1740 305 1798 366 E'

1922 304 2031 366 .‘lG.
2079 303 2429 367 DOMINIG.
2459 333 2542 353 -
2565 304 2766 367 PARS
2811 305 2858 367 Ι.
3375 305 3530 367 1854

126 441 340 499 dicitur
362 441 519 515 quod
561 440 717 498 valde
765 457 928 498 mane
973 459 1088 498 una
1133 441 1498 498 Sabbatorum
1542 440 1769 496 veniunt
1795 435 1853 505 Α
1886 436 2057 492 Perro
2083 435 2301 510 duplici
2332 437 2404 493 de
2433 453 2611 494 causa
2639 436 2882 511 angelus
2905 437 3290 510 dcscendit,et
3307 441 3373 494 ut
3391 438 3535 512 lapi-

125 533 384 588 mulieres
413 532 483 588 ad
510 540 922 588 monumentum
951 539 1064 588 orto
1084 532 1207 604 jam
1233 532 1362 598 sole,
1393 531 1581 586 fervor
1622 529 1776 601 pari-

129 620 574 689 ter,audacia,et
601 620 942 676 ofﬁciositas
975 619 1288 675 mulierum
1320 620 1776 686 demonstratur,

133 726 261 782 quae
293 709 469 766 etiam
500 713 666 766 nocte
687 710 881 764 venire
913 726 1048 764 cum
1080 708 1439 764 aromatibus
1467 709 1539 763 ad
1571 724 1778 763 monu-

134 803 402 855 mentum
435 801 752 869 coeperunt.
787 798 899 854 Sed
931 797 1070 863 sole,
1103 797 1163 854 id
1194 802 1283 852 est
1313 815 1522 854 aurora
1553 814 1623 853 ex
1651 796 1783 852 vici-

136 887 321 943 nitate
351 885 492 942 solis
506 887 633 958 jam
656 885 882 952 orta,ad
905 889 1354 941 monumentum
1375 889 1780 956 pervenerunt.

137 978 205 1032 In
233 992 348 1047 quo
379 975 555 1031 etiam
585 974 853 1030 innuitur
878 974 1056 1046 quod,
1100 973 1220 1030 sole
1266 973 1380 1029 diei
1427 973 1664 1041 oriente,
1699 972 1784 1028 sol

129 1064 374 1138 justitiaa
404 1063 668 1120 Christus
699 1063 1035 1120 resurrexit.
1070 1063 1133 1118 In
1167 1063 1336 1134 cujus
1367 1063 1544 1118 etiam
1571 1079 1788 1118 memo-

139 1154 228 1210 ria
256 1151 578 1209 matutinas
606 1151 811 1208 laudes
853 1151 1106 1208 celebrat
1134 1151 1411 1208 Ecclesia.
1445 1151 1785 1208 Generalem

139 1258 372 1316 quoque
399 1240 882 1298 resurrectionem
913 1240 971 1296 in
1005 1241 1291 1296 matutino
1322 1245 1582 1313 tempore
1603 1240 1787 1296 credi-

142 1348 278 1388 mus
307 1346 438 1386 esse
466 1328 893 1396 celebrandam,
918 1329 1090 1400 juxta
1118 1329 1271 1400 quod
1319 1329 1501 1385 David
1551 1329 1742 1402 inquit
1773 1346 1786 1385 :

141 1424 211 1479 Et
263 1420 695 1476 dominabuntur
748 1434 938 1475 eorum
977 1419 1120 1490 justi
1175 1421 1236 1474 in
1290 1421 1562 1475 matutino
1618 1419 1790 1491 (Psal.

141 1511 357 1578 XLVIII).
391 1508 632 1575 Quando
662 1505 842 1581 igitur
871 1507 1194 1563 secundum
1236 1507 1597 1575 Mattbmum,
1627 1510 1793 1563 terrae

145 1601 344 1655 motus
375 1597 564 1654 factus
593 1601 684 1652 est
710 1613 981 1669 magnus,
1005 1599 1321 1667 antequam
1352 1595 1596 1670 angelus
1618 1596 1798 1652 revol-

145 1689 306 1743 veret
332 1684 589 1758 lapidem
619 1685 692 1740 ab
721 1684 871 1740 ostio
904 1685 1290 1752 monumenti,
1315 1685 1580 1742 Christus
1603 1703 1796 1742 resur-

147 1775 366 1832 rexisse
395 1779 452 1831 et
482 1773 671 1830 multa
691 1790 934 1846 corpora
953 1778 1289 1830 sanctorum
1318 1773 1419 1847 qui
1441 1775 1799 1832 dormierant

149 1881 350 1922 secum
379 1862 699 1920 suscitasse
729 1863 1054 1919 credendus
1077 1863 1306 1919 est.Nec
1331 1865 1548 1920 mirum
1571 1865 1620 1920 si
1643 1865 1800 1920 Chri-

150 1957 331 2021 stum,
365 1953 466 2026 qui
496 1951 694 2009 clauso
725 1951 968 2024 virginis
999 1956 1163 2008 utero
1213 1953 1534 2009 moriturus
1564 1953 1800 2024 exierat,

151 2041 502 2098 immortalis
533 2041 722 2098 factus
743 2040 943 2098 clauso
966 2040 1234 2114 sepulcro
1254 2042 1616 2109 exierit,cum
1638 2059 1806 2116 gene-

151 2131 355 2189 raliter
384 2129 582 2188 omnia
602 2131 902 2203 justorum
944 2131 1376 2204 resurgentium
1417 2149 1660 2206 corpora
1689 2131 1808 2188 sint

156 2219 480 2278 subtilitate
511 2219 813 2288 donanda;
848 2219 921 2275 Ut
942 2219 1102 2275 nullo
1128 2219 1487 2289 muro,nulla
1517 2219 1806 2276 soliditate

157 2327 192 2367 a
221 2325 331 2366 sua
361 2308 615 2382 agilitate
646 2309 880 2364 retineri
911 2309 1142 2364 valeant
1173 2313 1275 2364 aut
1306 2309 1582 2366 cohiberi.

229 2397 504 2471 Sequitur
539 2415 676 2470 pars
706 2398 984 2466 secunda,
1031 2397 1091 2453 in
1143 2416 1260 2470 qua
1309 2399 1635 2456 ostenditur
1659 2416 1810 2473 quo-

160 2489 335 2544 modo
367 2487 642 2543 mulieres
659 2490 920 2560 petentes
941 2487 1566 2544 exaudiantur.Petunt
1594 2491 1811 2562 quippe

162 2576 439 2634 mulieres
471 2577 904 2649 quodammodo
934 2594 1070 2633 cum
1101 2576 1516 2644 insinuatione,
1550 2595 1686 2634 cum
1724 2577 1812 2634 di-

162 2671 304 2724 cunt
327 2683 340 2722 :
362 2667 493 2735 Quis
515 2668 746 2723 revolvet
764 2667 920 2724 nobis
942 2667 1177 2739 lapidem
1200 2669 1268 2722 ab
1290 2669 1422 2723 ostio
1442 2669 1814 2724 monumenti?

163 2757 314 2815 Sunt
334 2757 490 2813 enim
520 2757 636 2812 duo
657 2757 869 2830 gedera
888 2756 1256 2830 petitionum.
1289 2757 1565 2821 Quaedam
1595 2757 1750 2813 enim
1781 2774 1816 2812 a

163 2847 280 2904 Deo
302 2845 516 2903 suntin
537 2863 601 2902 se
621 2845 890 2919 digna,ut
909 2845 1127 2901 directe
1150 2849 1208 2902 et
1227 2849 1423 2918 aperte
1444 2845 1672 2902 valeant
1687 2863 1814 2918 pos-

161 2934 432 3003 tulari,ut
448 2934 694 2992 virtutes
715 2939 772 2990 et
795 2951 1039 3007 regnum
1061 2933 1361 2990 oculorum.
1375 2934 1503 2991 Alia
1521 2952 1654 2991 vero
1676 2939 1818 2992 sunt

167 3025 237 3082 de
268 3024 486 3097 quibus
517 3041 593 3080 an
624 3023 792 3081 nobis
823 3024 1135 3096 expediant
1172 3023 1538 3098 ignoramus.
1571 3026 1640 3080 Et
1687 3024 1816 3080 ideo

1888 525 2020 581 dem
2052 525 2382 593 revolveret,
2403 530 2460 581 et
2485 531 2552 581 ut
2577 526 2890 582 Dominicze
2922 527 3363 584 resurrectionis
3383 546 3534 584 nun-

1887 614 2007 670 tius
2039 619 2096 670 et
2120 613 2286 671 testis
2319 619 2491 670 esset.
2518 615 2679 671 Unde
2710 620 2768 670 et
2797 616 3051 672 Joannes
3082 617 3361 672 describit
3391 619 3538 674 duos

1889 701 2128 775 angelos
2186 702 2379 758 Marize
2441 703 2797 776 Magdalenae
2846 705 3211 776 apparuisse,
3270 707 3539 762 sedentes

1891 809 2076 847 unum
2110 793 2180 848 ad
2214 797 2408 864 caput,
2432 797 2488 848 et
2517 791 2770 848 alterum
2793 793 2864 848 ad
2887 794 3064 866 pedes
3093 797 3280 863 (Joan.
3312 795 3404 868 xx)
3433 815 3446 864 ;
3477 799 3543 853 ut

1890 880 2158 937 videlicet
2188 882 2247 936 in
2279 897 2375 936 ore
2406 882 2658 937 duorum
2687 881 2776 937 vel
2807 881 2984 937 trium
3016 883 3255 938 testium
3287 888 3403 940 stet
3423 902 3544 941 om-

1894 987 1966 1026 ne
1995 971 2236 1026 verbum
2268 972 2442 1039 (Deut.
2493 970 2630 1043 xm).
2664 971 2806 1026 Ecce
2836 971 2976 1042 quid
3024 975 3317 1028 mereatur
3347 977 3403 1030 et
3433 976 3544 1030 fer-

1893 1077 1994 1115 vor
2022 1063 2080 1114 et
2111 1060 2336 1115 devotio
2368 1059 2602 1116 mentis.
2638 1062 2783 1126 Quia
2811 1059 2968 1116 enim
3002 1061 3144 1117 adeo
3177 1061 3300 1118 istae
3333 1067 3546 1120 sanctas

1895 1147 2174 1204 mulieres
2207 1149 2441 1204 fuerunt
2487 1148 2548 1204 in
2599 1149 2826 1206 Christo
2869 1150 3099 1206 fervidae
3131 1154 3188 1206 et
3217 1151 3456 1220 devotae,
3492 1157 3549 1209 et

1896 1237 2169 1310 angelum
2198 1238 2413 1309 videre,
2463 1243 2520 1294 et
2566 1238 2638 1293 ab
2695 1255 2759 1294 eo
2803 1239 3020 1311 juvari,
3053 1243 3110 1294 et
3153 1240 3460 1309 consolari,
3492 1245 3552 1299 et

1897 1325 2118 1382 erudiri
2150 1330 2510 1382 meruerunt.
2547 1326 2688 1382 Hinc
2727 1328 3026 1384 discamus
3078 1333 3134 1384 et
3181 1346 3308 1396 nos,
3343 1330 3550 1386 fratres

1900 1415 2034 1479 mei,
2069 1414 2272 1470 fervidi
2304 1431 2431 1471 esse
2477 1415 2538 1470 in
2580 1415 2807 1472 Christo
2836 1421 2894 1472 et
2919 1417 3129 1485 devoti,
3176 1423 3242 1474 ut
3282 1418 3554 1476 similiter

1901 1522 1935 1559 a
1966 1504 2080 1560 Deo
2113 1521 2216 1576 per
2245 1503 2482 1577 angelos
2513 1503 2822 1574 consolari,
2852 1505 3046 1577 juvari
3077 1510 3135 1562 et
3165 1507 3384 1564 erudiri
3430 1526 3552 1565 me-

1901 1609 2154 1648 reamur.
2177 1593 2310 1649 Odit
2339 1591 2551 1665 quippe
2583 1597 2640 1647 et
2669 1599 2912 1649 nauseat
2943 1595 3097 1650 Deus
3129 1595 3354 1668 tepidos
3385 1601 3442 1654 et
3470 1597 3553 1671 pi-

1903 1699 2060 1756 gros,
2092 1686 2149 1738 et
2175 1699 2387 1738 arcana
2415 1672 2743 1738 dulcedinis
2773 1701 2890 1738 sua
2923 1688 3098 1756 atquc
3129 1685 3437 1744 suavitatis
3470 1687 3556 1745 eis

1907 1788 2022 1828 non
2079 1777 2246 1828 curat
2296 1769 2583 1839 revelare;
2634 1772 2735 1826 sed
2784 1772 2904 1844 qui,
2958 1773 3110 1829 sicut
3151 1774 3375 1844 Daniel,
3417 1781 3558 1834 sunt

1908 1860 2333 1918 desideriorum
2362 1860 2469 1917 viri
2502 1861 2660 1933 (Dan.
2693 1861 2790 1933 ιι),
2812 1879 2846 1917 a
2865 1861 2981 1918 Deo
3005 1869 3304 1920 merentur
3332 1865 3556 1922 illumi-

1910 1950 2060 2006 nari.

1983 2039 2260 2111 Sequitur
2288 2056 2424 2112 pars
2457 2039 2644 2112 tertia,
2667 2039 2727 2095 in
2759 2057 2876 2114 qua
2904 2046 3118 2098 sancta
3149 2043 3425 2101 mulieres
3456 2061 3560 2102 an-

1911 2128 2108 2202 gelum
2137 2127 2357 2196 vident,
2390 2133 2446 2184 et
2475 2130 2547 2185 ab
2579 2145 2645 2186 eo
2675 2129 3054 2186 consolantur
3080 2131 3298 2205 pariter
3345 2139 3401 2190 et
3437 2152 3564 2192 eru-

1913 2217 2318 2286 diuntur,cum
2350 2219 2624 2274 subditur
2657 2236 2668 2275 :
2703 2221 2764 2276 Et
2790 2222 3121 2277 introeuntes
3151 2224 3211 2278 in
3241 2240 3562 2282 monumen-

1915 2314 2051 2374 tum,
2094 2306 2151 2361 id
2211 2307 2387 2362 estin
2427 2308 2919 2364 domunculamin
2939 2315 3190 2382 quaerat
3223 2328 3568 2371 monumen-

1917 2401 2066 2464 tum,
2127 2396 2383 2451 viderunt
2421 2398 2698 2468 juvenem,
2730 2399 2998 2455 sedentem
3048 2402 3109 2455 in
3154 2401 3380 2471 dextris,
3440 2419 3569 2461 coo-

1912 2493 2128 2558 pertum
2177 2487 2317 2542 stola
2363 2486 2618 2556 candida,
2666 2495 2719 2542 et
2763 2490 3179 2560 obstupuerunt,
3223 2494 3334 2548 etc.
3371 2491 3566 2560 Porro,

1918 2577 2124 2630 fratres
2155 2575 2292 2643 mei,
2326 2575 2571 2648 angelus
2619 2577 2719 2648 qui
2767 2577 2850 2632 sic
2897 2579 3234 2650 apparebat,
3267 2580 3326 2636 in
3377 2582 3569 2656 seipso

1920 2663 2446 2732 dcmonstrabat,et
2477 2664 2670 2736 qualis
2697 2670 2820 2721 erat
2849 2665 2946 2722 ille
2978 2684 3153 2739 quem
3169 2675 3408 2726 venerat
3427 2688 3573 2729 nun-

1920 2751 2086 2818 tiare,
2118 2757 2176 2808 et
2204 2751 2407 2824 quales
2439 2753 2641 2810 ﬁdeles
2673 2755 2856 2810 futuri
2886 2755 3005 2812 sint
3033 2756 3092 2812 in
3124 2760 3568 2818 ressurectione.

1921 2841 2206 2913 Apparuit
2237 2840 2395 2897 enim
2427 2859 2541 2898 non
2574 2859 2739 2915 puer,
2773 2861 2888 2899 non
2937 2861 3133 2912 senex,
3165 2848 3267 2903 sed
3313 2849 3569 2920 juvenis;

1924 2930 2201 3003 quoniam
2234 2931 2581 2988 resurrectio
2612 2931 2670 2986 in
2703 2936 2868 2990 aetate
2897 2935 3153 3006 perfecta
3180 2939 3236 2992 et
3265 2935 3325 2992 in
3347 2936 3574 2996 Christo

1916 3020 2044 3092 jam
2073 3024 2198 3076 erat
2227 3019 2598 3090 celebrata,et
2619 3021 2677 3076 in
2701 3022 2870 3079 nobis
2890 3027 3014 3079 erat
3039 3023 3576 3084 celebranda.Unde

167 3131 284 3172 non
333 3113 572 3180 directe,
603 3114 706 3170 sed
757 3130 890 3170 cum
941 3113 1272 3169 conditione
1301 3112 1388 3169 vel
1420 3113 1819 3170 insinuatione
1924 3109 2238 3181 Apostolus
2271 3127 2283 3164 :
2317 3112 2512 3177 Donec,
2552 3110 2764 3183 inquit,
2799 3128 3147 3169 occurramus
3187 3117 3241 3170 ei
3288 3117 3349 3170 in
3393 3119 3577 3172 virum

167 3203 525 3281 postulanda
553 3204 861 3260 sunt.Cum
887 3203 1217 3259 conditione
1245 3203 1502 3276 postulat
1531 3203 1816 3260 Dominus
1846 3185 1888 3252 (ἶ
1922 3199 2240 3270 perlectum,
2285 3201 2343 3254 in
2383 3217 2700 3256 mensuram
2747 3203 2928 3258 aztatis
2970 3203 3337 3274 plenitudinis
3376 3204 3579 3263 Christi

170 3311 207 3351 a
235 3311 298 3350 se
321 3293 572 3350 transire
601 3291 838 3348 calicem
871 3291 1183 3366 passionis,
1217 3309 1351 3348 cum
1383 3292 1524 3349 dicit
1573 3309 1586 3347 :
1633 3295 1816 3363 Pater,

167 3385 224 3441 si
249 3384 373 3454 ﬁeri
395 3390 588 3455 potest,
623 3390 866 3438 transeat
910 3399 950 3438 a
980 3399 1064 3437 me
1091 3384 1244 3438 calin:
1275 3385 1407 3450 iste;
1443 3384 1821 3439 Verumtamen

169 3488 285 3531 non
307 3488 429 3529 mea
455 3471 821 3540 voluntas,sed
849 3479 944 3527 tua
971 3473 1068 3543 ﬁat
1097 3471 1301 3544 (Matth.
1335 3472 1508 3543 xxvx).
1541 3472 1685 3528 Cum
1733 3472 1822 3527 in-

173 3561 508 3618 sinuatione
538 3559 796 3634 postulat
842 3562 1012 3617 beata
1054 3560 1230 3632 Virgo
1259 3561 1466 3616 vinum
1498 3561 1556 3616 in
1599 3561 1824 3634 nuptiis

171 3651 322 3718 dari,
353 3667 489 3706 cum
520 3649 662 3706 dicit
694 3667 707 3705 :
734 3651 930 3707 Vinum
956 3667 1068 3706 non
1095 3651 1293 3706 habent
1319 3651 1825 3722 (Joan.n).Simili-

170 3743 262 3798 ter
272 3757 408 3797 cum
418 3739 813 3796 insinuatione
825 3738 1124 3812 postulant
1142 3739 1453 3795 sanitatem
1474 3741 1687 3797 Lazaro
1701 3739 1825 3796 dari

172 3846 404 3886 sorores
437 3829 586 3900 ejus,
619 3845 756 3885 cum
784 3828 988 3884 dicunt
1021 3844 1033 3882 :
1069 3830 1316 3898 Domine,
1338 3845 1454 3886 ecce
1483 3847 1643 3901 quem
1673 3847 1826 3885 amas

168 3919 494 3991 inﬁrmatur
521 3919 680 3986 (Joan
709 3917 810 3988 x1).
843 3917 969 3973 Non
1000 3916 1157 3973 enim
1189 3921 1384 3990 aperte
1435 3923 1646 3992 rogant
1691 3935 1825 3974 eum

170 4006 615 4080 sanari,quippc
645 4005 972 4062 nescientes
1005 4022 1078 4061 an
1110 4005 1219 4061 hoc
1250 4005 1672 4078 expediret,sed
1696 4011 1826 4062 tan-

169 4102 301 4154 tum
331 4095 592 4153 dolorem
623 4095 1099 4168 desideriumque
1128 4112 1304 4150 suum
1349 4096 1685 4152 ostendunt.
1720 4097 1828 4161 Qui

172 4185 333 4245 enim
382 4202 550 4242 suam
595 4184 1004 4242 necessitatem
1038 4184 1314 4252 ostendit,
1348 4183 1491 4241 satis
1533 4185 1696 4257 petit.
1731 4190 1830 4241 Est

173 4289 314 4347 ergo
345 4289 412 4330 ac
432 4272 482 4330 si
505 4272 1066 4329 dicerentznostram
1100 4272 1510 4329 necessitatem
1539 4273 1828 4342 vides,sed

173 4366 263 4430 tu,
295 4361 666 4434 Domine,qui
692 4361 892 4418 omnia
921 4361 1191 4429 nosti,fac
1221 4362 1377 4434 quod
1405 4361 1520 4418 scis
1538 4364 1831 4436 expedire,

175 4451 492 4509 nobis.Hoc
524 4451 696 4508 modo
728 4453 934 4523 petunt
955 4456 1011 4506 et
1031 4449 1118 4506 hac
1145 4451 1422 4507 mulieres
1443 4467 1576 4506 cum
1597 4451 1828 4508 dicunt:

1929 3289 2262 3360 (Ephes.1v).
2296 3289 2574 3361 Apparuit
2623 3293 2680 3345 et
2729 3291 2959 3358 sedens,
2991 3292 3270 3363 quoniam
3319 3293 3576 3366 quietem

1929 3377 2374 3433 resurrectionis
2405 3378 2735 3447 nuntiabat,
2769 3396 2872 3451 per
2904 3396 3082 3452 quam
3122 3382 3249 3453 jam
3296 3384 3581 3456 regnabat

1929 3465 2220 3533 Christus,
2248 3471 2305 3522 et
2334 3484 2442 3522 nos
2474 3484 2707 3540 quoque
2737 3469 3036 3541 regnaturi
3066 3487 3294 3527 sumus.
3329 3470 3582 3528 Sedebat

1931 3556 2319 3627 autem.juxta
2348 3555 2900 3630 Matthaeum,super
2928 3557 3183 3630 lapidem
3213 3561 3581 3618 monumenti

1931 3645 2138 3716 (Matth.
2201 3648 2422 3714 xxvm),
2481 3645 2762 3718 quoniam
2815 3646 2983 3703 illum
3041 3648 3414 3720 praedicabat,
3478 3649 3582 3724 qui

1933 3735 2162 3807 pondus
2192 3735 2400 3790 mortis
2429 3738 2486 3790 et
2515 3734 2574 3790 in
2606 3751 2668 3791 se
2689 3736 2816 3805 jam
2849 3742 3309 3808 superaverat,et
3329 3739 3388 3794 in
3413 3739 3582 3796 nobis

1932 3823 1994 3879 in
2025 3823 2450 3880 resurrectione
2479 3828 2865 3897 superaturus
2895 3830 3038 3882 erat.
3075 3825 3238 3883 Unde
3278 3829 3432 3884 idem
3480 3845 3584 3901 per

1936 3913 2144 3970 Oseam
2175 3912 2440 3986 praedixit
2474 3929 2487 3967 :
2521 3911 2560 3968 0
2591 3930 2756 3981 mors,
2807 3930 2900 3970 ero
2941 3931 3089 3971 mors
3127 3924 3222 3972 tua
3261 3915 3402 3986 (Ose.
3433 3917 3582 3990 xm).

1931 4003 2217 4075 Apparuit
2243 4001 2418 4058 etiam
2448 4001 2506 4056 in
2537 4003 3059 4075 dextris,quoniam
3081 4004 3248 4060 illum
3280 4005 3588 4064 nuntiabat

1935 4093 2036 4164 qui
2061 4093 2188 4164 jam
2221 4092 2280 4146 in
2310 4092 2545 4147 dextera
2573 4095 2799 4147 eterna:
2831 4092 3212 4150 beatitudinis
3244 4093 3504 4165 sedebat,
3531 4099 3589 4152 et

1936 4199 2044 4238 nos
2074 4182 2133 4236 in
2157 4180 2382 4253 judicio
2412 4181 2485 4236 ad
2515 4181 2779 4236 dextram
2811 4198 2980 4237 suam
3011 4181 3408 4240 collocuturus
3438 4189 3585 4243 erat.

1936 4270 2224 4343 Apparuit
2254 4286 2486 4342 quoque
2515 4274 2822 4342 coopertus
2870 4271 3019 4326 stola
3047 4271 3320 4341 candida,
3349 4274 3487 4346 quia
3515 4271 3587 4330 il-

1935 4359 2056 4415 lum
2093 4359 2460 4432 praedicabat,
2495 4359 2593 4432 qui
2616 4359 2743 4431 jam
2788 4359 2938 4416 stola
2977 4360 3438 4419 immortalitatis
3465 4368 3591 4420 erat

1938 4449 2203 4517 vestitus,
2238 4453 2294 4504 et
2323 4449 2382 4503 in
2415 4449 2530 4504 ﬁne
2579 4465 2717 4504 suos
2762 4453 2888 4505 erat
2933 4451 3274 4506 vestiturus.
3305 4453 3592 4524 Apparuit

180 4541 313 4611 Quis
342 4541 574 4598 revolvat
600 4541 758 4597 nobis
791 4539 1024 4612 lapidem
1045 4539 1111 4595 ab
1131 4542 1266 4596 ostio
1292 4541 1668 4597 monumenti?
1689 4545 1830 4597 Erat
1860 4549 1906 4624 Β
1938 4540 1998 4595 in
2029 4537 2179 4594 stola
2205 4537 2473 4606 candida,
2509 4555 2624 4594 non
2655 4539 2807 4610 quod
2832 4538 2984 4596 cives
3014 4543 3239 4596 aeterna:
3272 4541 3470 4613 patriae
3504 4542 3591 4597 in-

175 4633 398 4704 guippe,
431 4629 633 4686 subdit
661 4628 1036 4700 evangelista,
1070 4646 1305 4698 magnus
1345 4631 1522 4697 valde,
1557 4635 1614 4686 et
1653 4647 1830 4703 quem

177 4720 535 4777 feminarum
561 4717 834 4774 debilitas
885 4733 1000 4773 non
1044 4717 1231 4790 possit
1277 4734 1562 4774 amovere.
1595 4719 1666 4774 Et
1697 4718 1836 4792 quia

177 4824 398 4882 magna
423 4810 547 4864 erat
575 4824 780 4864 earum
813 4807 1042 4864 devotio
1087 4811 1144 4862 et
1173 4807 1374 4880 petitio
1427 4808 1524 4880 pia
1572 4809 1832 4865 exaudiri

181 4901 461 4954 meretur.
493 4897 657 4954 Unde
687 4900 745 4954 et
773 4896 1046 4953 subditur
1077 4912 1091 4952 :
1123 4901 1192 4953 Et
1219 4898 1561 4969 respicientes
1582 4898 1836 4956 viderunt

180 4987 488 5045 revolutum
513 4986 771 5058 lapidem.
807 4985 1172 5043 Pestulatum
1204 5002 1339 5059 ergo
1361 4986 1446 5043 eis
1475 4989 1832 5055 conceditur,

181 5093 302 5135 non
331 5079 528 5133 tamen
585 5091 654 5131 ea
708 5075 1031 5133 intentione
1081 5092 1198 5148 qua
1245 5075 1669 5148 postulabatur.
1717 5077 1834 5132 Illac

180 5166 342 5224 enim
390 5163 768 5239 postulabant
815 5163 1072 5238 lapidem
1119 5163 1393 5230 amoveri,
1438 5177 1504 5221 ut
1533 5171 1832 5223 mortuum

182 5259 494 5331 ungerent.
529 5255 702 5327 Lapis
730 5270 864 5311 vero
893 5254 1022 5311 ideo
1054 5258 1315 5311 remotus
1345 5257 1451 5323 est,
1489 5261 1555 5310 ut
1581 5273 1833 5313 vacuum

181 5344 448 5403 videntes
472 5343 1247 5413 monumentum,Christum
1270 5343 1835 5400 resurrexisseintel-

181 5433 505 5508 ligant.Per
532 5449 708 5506 quem
739 5438 936 5489 autem
964 5432 1075 5491 iste
1105 5433 1255 5506 lapis
1288 5437 1548 5489 remotus
1580 5432 1833 5500 sit,Mat-

182 5524 373 5583 thaus
403 5521 639 5597 exponit
669 5539 683 5580 :
717 5521 864 5590 Quia
904 5524 1132 5595 angelus
1178 5525 1401 5580 Domini
1445 5522 1719 5579 descendit
1770 5523 1836 5580 de

181 5611 334 5677 calo,
372 5619 423 5669 et
473 5609 732 5670 accedens
779 5611 1004 5669 revolvit
1049 5610 1285 5685 lapidem
1336 5611 1548 5684 (Matth.
1576 5613 1834 5684 xxxvm.)

1941 4629 2177 4701 digeant
2204 4627 2531 4693 vestiri,sed
2558 4632 2624 4682 ut
2653 4627 3024 4700 splendorem
3055 4633 3113 4684 et
3141 4646 3260 4686 suae
3300 4634 3356 4686 et
3377 4634 3587 4686 nostra;

1909 4767 1916 4782 ,
1942 4716 2268 4774 festivitatis
2299 4717 2731 4772 demonstraret
2759 4715 2818 4771 in
2851 4717 3350 4775 candore.Christi
3373 4719 3589 4792 quippe

1943 4805 2290 4863 resurrectio
2341 4810 2396 4860 et
2447 4822 2554 4862 nos
2603 4806 2674 4860 ad
2715 4806 3094 4864 aaternitaiem
3126 4808 3373 4876 reduxit,
3406 4812 3465 4865 et
3495 4825 3594 4865 an-

1942 4896 2188 4970 gelicam
2220 4894 2451 4950 ruinam
2477 4895 2845 4964 restauravit,
2879 4901 2937 4952 et
2983 4897 3248 4970 utrisque
3296 4897 3473 4954 simul
3504 4915 3594 4954 so-

1942 4985 2161 5042 lemnia
2189 4983 2406 5057 gaudia
2454 4983 2512 5038 in
2558 4988 2839 5040 aeternum
2881 4986 3219 5042 cumulavit.
3250 4988 3387 5044 Erat
3411 4988 3591 5056 enim,

1944 5080 2009 5131 ut
2039 5075 2122 5132 ait
2154 5072 2483 5140 Matthzeus,
2518 5081 2764 5145 aspectus
2811 5077 2928 5147 ejus
2979 5077 3123 5132 sicut
3168 5078 3384 5149 fulgur,
3434 5078 3596 5133 vesti-

1941 5171 2122 5220 menta
2144 5169 2325 5218 autem
2353 5162 2470 5233 ejus
2493 5163 2636 5217 sicut
2664 5163 2766 5216 nia:
2796 5161 3000 5234 (Matth.
3019 5166 3244 5238 xxvm).
3269 5171 3334 5220 In
3368 5164 3598 5238 fulgure

1942 5253 2098 5309 enim
2128 5250 2324 5308 vultus
2355 5250 2564 5306 terruit
2592 5251 2949 5318 custodes,et
2978 5252 3037 5307 in
3059 5255 3312 5312 candore
3330 5253 3602 5334 consola-

1942 5348 2039 5398 tus
2069 5345 2158 5398 est
2188 5339 2551 5395 mulieres.ln
2585 5356 2699 5413 quo
2730 5344 2787 5396 et
2813 5340 2959 5397 illud
2991 5341 3602 5416 demonstratur,quo-

1944 5433 2102 5488 niam
2135 5430 2254 5498 ille,
2289 5445 2463 5502 quem
2497 5429 2826 5500 nuntiabat,
2859 5434 2984 5487 erat
3013 5430 3251 5490 futurus
3281 5433 3342 5487 in
3377 5430 3604 5502 judicio

1945 5520 2224 5578 terribilis
2254 5517 2536 5592 reprobis,
2593 5521 2650 5574 et
2699 5517 2954 5578 blandus
2979 5519 3187 5592 justis.
3217 5518 3609 5580 Consolantur

1947 5613 2147 5670 autem
2180 5609 2452 5669 mulieres
2481 5607 2553 5664 ab
2585 5608 2818 5682 angelo,
2851 5625 2987 5669 cum
3017 5607 3101 5664 eis
3132 5610 3356 5670 dicitur
3388 5622 3404 5664 :
3436 5605 3614 5666 Nolite
