3982 6082
245 236 275 294 1
287 235 407 294 857

915 233 1269 298 ΗΟΜΙΙλῐίΕ
1311 234 1386 294 ΙΝ
1431 234 1681 296 EPIST.
1730 234 1830 294 ET
1878 235 1922 294 E

2038 235 2158 295 NG.
2211 235 2559 297 DOMINIC.
2591 268 2672 281 -—
2701 235 2899 298 PARS
2943 237 2991 297 Ι.

3507 201 3661 302 less

245 370 353 426 sed
385 371 614 424 tantum
635 365 1038 440 spiritualiter.
1061 365 1224 424 Unde
1248 366 1640 438 Augustinus:
1668 366 1740 423 Ut
1763 365 1902 438 quid
1933 365 1986 434 Α
2019 366 2312 438 quievisse
2335 367 2615 424 sciebant.
2641 367 2919 424 Octavum
2939 385 3074 425 vero
3095 371 3325 424 tantum
3349 370 3663 428 dimidium

245 475 426 532 paras
443 459 674 514 dentem
693 462 749 513 et
761 457 1056 513 ventrem?
1075 457 1242 513 crede
1259 460 1316 513 et
1337 456 1706 512 manducasti
1732 457 1900 527 (42,)»

245 546 539 614 Quoniam
567 550 761 602 autem
793 547 934 602 dum
961 563 1168 602 sumus
1199 545 1258 600 in
1291 544 1399 600 hac
1418 545 1558 612 vita,
1586 561 1756 601 nemo
1779 562 1904 618 per-

247 636 399 691 fecte
429 637 579 692 valet
607 635 801 692 videre
822 634 1075 708 qualiter
1103 634 1391 703 Christus,
1425 651 1559 690 cum
1592 651 1626 690 a
1654 633 1905 707 singulis

243 729 410 782 totus
441 730 730 792 sumatur,
761 729 956 780 tamen
987 725 1057 780 ad
1091 725 1388 779 dexteram
1418 723 1627 790 Patris,
1649 722 1908 779 indivisi-

246 813 386 871 bilis
420 819 476 870 et
524 813 907 887 impassibilis
956 813 1250 886 persistet,
1295 817 1448 869 recte
1477 830 1787 869 monemur
1834 813 1906 868 ab

248 903 483 976 angelo,
517 907 582 958 ut
606 903 719 976 ipsi
748 908 806 960 et
830 920 938 960 nos
967 907 1024 959 et
1053 901 1198 958 alios
1220 919 1587 971 moneamus,
1614 907 1907 975 quatenus

251 993 429 1050 corde
458 997 515 1049 et
543 1009 734 1066 opere,
759 1009 925 1066 prece
954 995 1012 1048 et
1032 992 1148 1048 vita
1169 992 1482 1048 tendamus
1507 991 1566 1046 in
1589 991 1908 1061 Galilaeam,

250 1082 315 1138 id
347 1087 437 1138 est
466 1081 525 1137 in
578 1086 853 1137 aeternam
896 1080 1168 1154 patriam,
1203 1080 1303 1137 ubi
1332 1084 1389 1137 et
1433 1080 1647 1136 Christi
1697 1097 1911 1137 arcana

255 1171 513 1244 plenius,
544 1175 602 1226 et
633 1171 826 1244 ipsum
859 1169 1004 1226 facie
1035 1170 1107 1226 ad
1139 1170 1347 1226 faciem
1397 1169 1747 1236 videbimus,
1780 1169 1908 1242 ipso

254 1263 574 1333 praestante
605 1260 705 1332 qui
757 1276 892 1316 cum
925 1261 1090 1316 Patre
1120 1263 1178 1316 et
1207 1258 1428 1332 Spiritu
1459 1264 1659 1316 sancto
1690 1258 1826 1314 vivit
1855 1262 1913 1314 et

259 1353 466 1424 regnat
496 1349 670 1406 Deus.
703 1351 911 1405 Amen.

845 1454 1150 1511 HOMILIA
1191 1455 1328 1510 LIII.

723 1545 887 1583 FERIA
914 1543 1170 1583 SECUNDA
1200 1543 1448 1583 PASCHIE.

334 1619 616 1673 Exeuntes
631 1617 748 1674 duo
764 1633 838 1672 car;
848 1617 1150 1685 discipulis
1165 1617 1478 1690 Jesus(53),
1495 1617 1659 1674 ibant
1674 1619 1804 1690 ipsa
1823 1617 1914 1676 die

261 1709 328 1763 in
343 1707 644 1764 castellum
656 1706 812 1780 quod
821 1711 954 1761 erat
972 1707 1034 1761 in
1043 1711 1175 1775 spat
1182 1707 1239 1761 io
1247 1707 1566 1776 sexaginta
1579 1707 1914 1762 stadiorum

261 1799 340 1852 ab
367 1795 723 1863 Jerusalem,
751 1797 986 1851 nomine
1016 1796 1294 1850 Emmaus
1320 1796 1475 1863 (Luc.
1505 1796 1680 1869 xx1v.)
1712 1797 1781 1852 Et
1811 1797 1912 1854 rel.

262 1886 374 1942 Sex
405 1883 678 1957 capitulis
699 1881 1083 1956 distinguitur
1100 1883 1220 1938 hinc
1239 1882 1432 1952 lectio,
1464 1885 1669 1940 fratres
1693 1885 1914 1941 charis-

264 1973 423 2030 si'ni.
457 1973 650 2028 Primo
681 1973 839 2028 enim
870 1972 1203 2028 ostenditur
1232 1973 1409 2046 quod,
1442 1973 1570 2046 ipsa
1599 1973 1690 2028 die
1721 1977 1913 2030 resur-

267 2062 543 2119 rectionis
573 2061 812 2128 Christi,
847 2065 1121 2117 exeuntes
1153 2062 1268 2117 duo
1299 2079 1366 2118 ex
1414 2062 1719 2134 discipulis
1765 2063 1913 2134 ejus,

269 2150 507 2209 ibantin
529 2152 831 2208 Emmaus.
850 2150 1129 2206 Exierunt
1149 2155 1344 2207 autem
1374 2150 1428 2207 hi
1453 2151 1566 2206 duo
1589 2153 1657 2206 de
1676 2151 1916 2224 collegio

269 2239 670 2315 apostolorum
697 2258 813 2297 non
846 2257 947 2314 per
977 2240 1354 2312 apostasiam,
1389 2245 1452 2296 ut
1487 2239 1572 2295 illi
1603 2241 1672 2296 de
1703 2240 1918 2313 quibus

271 2331 414 2386 dicit
442 2331 697 2386 Joannes
721 2347 736 2386 :
770 2335 859 2386 Ea:
886 2329 1056 2386 nobis
1083 2329 1376 2397 exierunt,
1406 2330 1504 2384 sed
1522 2347 1637 2385 non
1667 2346 1741 2385 ex:
1758 2330 1922 2385 nobis

269 2426 437 2478 erant
487 2424 536 2489 (Ι
561 2425 733 2478 Joan.
769 2423 852 2488 ιι).
885 2419 998 2474 Nec
1045 2435 1148 2490 per
1193 2417 1592 2474 curiositatem
1639 2422 1704 2474 ut
1749 2419 1918 2485 Dina,

271 2527 398 2582 quae
422 2507 561 2564 exiit
573 2508 766 2564 videre
786 2505 1062 2562 mulieres
1084 2504 1242 2560 illius
1263 2504 1537 2577 regionis,
1561 2508 1617 2561 et
1642 2522 1924 2577 oppressa

271 2599 383 2654 fuit
435 2599 590 2670 (Gen.
625 2599 851 2664 xxxxv):
917 2595 1027 2650 Sed
1073 2593 1338 2650 exierunt
1382 2593 1442 2648 in
1502 2593 1919 2664 ministerium,

271 2703 432 2743 more
445 2703 621 2759 apum
635 2703 761 2758 qua:
776 2684 846 2740 de
859 2682 1155 2740 communi
1169 2682 1431 2738 coenobio
1444 2682 1678 2739 alvearii
1691 2687 1921 2753 exeunt,

271 2781 338 2832 ut
369 2776 429 2832 in
463 2790 834 2831 communem
869 2771 1060 2828 mellis
1082 2771 1422 2840 utilitatem,
1451 2771 1632 2828 electo
1666 2773 1803 2828 flore
1833 2789 1922 2829 re-

273 2867 448 2922 deant
494 2869 763 2920 onerataa.
813 2861 976 2927 Quod
1005 2878 1138 2917 vero
1187 2865 1346 2917 recta
1373 2863 1430 2916 et
1472 2860 1720 2918 honesta
1749 2878 1926 2917 causa

273 2953 538 3020 exierint,
571 2952 708 3008 hinc
756 2953 997 3024 apparet
1027 2950 1184 3022 quod
1215 2967 1330 3005 non
1377 2949 1618 3023 singuli,
1670 2951 1771 3006 sed
1803 2949 1925 3006 bini

274 3047 505 3110 exeunt,
539 3041 695 3114 quod
745 3057 866 3096 non
909 3038 1100 3096 aliena
1135 3039 1311 3096 verba
1338 3056 1373 3094 a
1400 3039 1664 3095 doctrina
1695 3039 1923 3112 collegii

275 3132 368 3189 sui
402 3132 554 3188 inter
574 3147 635 3187 se
656 3130 989 3196 conferunt;
1013 3129 1168 3200 quod
1192 3145 1563 3184 communem
1582 3127 1808 3202 collegii
1830 3130 1921 3185 sui
1954 3105 1995 3172 (ἶ

274 3220 574 3278 tristitiam
606 3219 666 3275 in
699 3223 891 3276 mente
924 3219 1139 3286 ferunt,
1175 3218 1328 3290 quod
1359 3217 1674 3274 Dominum
1697 3217 1806 3274 sibi
1831 3236 1929 3292 ap-

279 3327 480 3384 parere
510 3312 828 3376 merentur,
861 3307 1015 3380 quod
1048 3323 1183 3362 eum
1211 3306 1398 3380 legem
1421 3310 1478 3362 et
1500 3306 1812 3380 pr0phetas
1835 3323 1927 3363 ex-

277 3403 588 3472 ponentem
618 3397 870 3454 libenter
890 3395 1158 3464 audiunt,
1179 3396 1333 3467 quod
1356 3412 1488 3452 eum
1510 3395 1582 3452 ad
1605 3395 1924 3468 hospitium

272 3491 510 3562 cogunt,
533 3487 688 3560 quod
701 3486 761 3542 in
777 3485 1056 3542 fractione
1077 3483 1246 3558 panis
1258 3501 1392 3540 eum
1405 3488 1752 3558 agnoscunt,
1769 3485 1924 3557 quod

273 3594 408 3633 eum
443 3577 552 3634 sibi
571 3575 935 3649 apparuisse,
960 3573 1085 3631 sine
1110 3587 1295 3641 mora,
1318 3573 1561 3647 collegio
1584 3591 1690 3630 suo
1714 3574 1926 3630 referre

274 3667 538 3722 redeunt.
571 3663 888 3720 Imitamini
919 3664 1084 3731 istos,
1108 3680 1210 3719 vos
1232 3662 1595 3731 claustrales,
1620 3666 1685 3719 ut
1706 3661 1927 3719 scilicet

275 3772 388 3811 non
420 3753 637 3810 exeatis
668 3753 738 3808 de
785 3751 1028 3826 collegio
1075 3755 1264 3808 vestro
1295 3769 1398 3823 per
1427 3750 1804 3822 apostasiam,
1835 3748 1926 3805 vel

274 3861 376 3916 per
405 3843 826 3906 curiositatem,
861 3841 960 3897 sed
994 3844 1222 3896 tantum
1268 3843 1504 3913 propter
1535 3839 1924 3897 necessariam

275 3950 534 3989 causam.
587 3932 656 3986 Et
685 3936 825 3986 tunc
858 3947 974 3985 non
1026 3929 1265 4002 singuli,
1314 3929 1416 3987 sed
1447 3929 1569 3985 bini
1604 3929 1676 3985 ad
1727 3929 1924 3985 minus

274 4021 512 4092 exeatis,
548 4021 799 4077 scientes
848 4019 1025 4092 quod,
1051 4018 1222 4090 juxta
1251 4017 1595 4091 prophetam
1622 4034 1634 4072 :
1671 4019 1756 4074 Vae
1784 4017 1924 4086 soli,

272 4113 410 4185 quia
425 4111 475 4166 si
489 4111 785 4181 ceciderit,
806 4111 932 4183 quis
945 4108 1274 4164 sublevabit
1297 4125 1426 4164 eum
1439 4111 1465 4162 .9
1488 4105 1710 4178 (Eccle.
1731 4110 1831 4176 ιν.)
1856 4108 1927 4162 Et

275 4217 389 4256 non
436 4217 606 4267 vana,
655 4200 755 4256 sed
801 4203 1030 4255 tantum
1081 4196 1431 4271 professioni
1476 4200 1678 4252 vestrae
1717 4211 1922 4251 conve-

274 4289 496 4346 nientia
524 4289 699 4346 verba
721 4287 1046 4361 proferatis,
1081 4302 1217 4342 cum
1241 4284 1369 4340 utili
1389 4283 1631 4340 tristitia
1659 4287 1715 4340 et
1743 4283 1926 4357 gravi-

275 4383 390 4436 tate
419 4378 754 4435 ambuletis.
789 4377 1120 4433 Lectionem
1145 4392 1320 4431 sacrae
1351 4373 1666 4447 Scriptura:
1695 4389 1927 4446 semper

2014 461 2412 528 perrexerunt,
2431 456 2707 528 quoniam
2725 458 2755 513 J
2762 475 2926 514 esum
2948 462 3147 514 octava
3168 457 3258 514 die
3283 461 3666 518 resurrexisse

2015 545 2278 600 nondum
2312 545 2563 618 perfecte
2586 547 2917 602 credebant.

2088 633 2364 706 Sequitur
2385 652 2520 706 pars
2538 636 2814 706 secunda,
2833 635 2890 690 in
2917 653 3033 708 qua
3055 637 3337 693 Dominus
3359 637 3668 712 discipulis

2016 721 2086 777 de
2118 738 2178 777 se
2201 721 2594 795 loquentibus,
2621 741 2681 798 se
2703 723 2761 778 in
2785 725 2974 796 specie
2997 725 3282 800 peregrini
3309 728 3656 784 demonstra.

2014 808 2116 878 vit,
2147 825 2281 866 cum
2313 811 2556 867 dicitur:
2582 815 2659 867 Et
2683 813 2805 886 ipsi
2829 812 3206 886 loquebantur
3224 818 3308 872 ad.
3329 818 3570 872 invicem
3597 818 3670 874 de

2018 899 2112 954 his
2140 901 2403 956 omnibus
2432 915 2558 975 quae
2589 901 2952 958 acciderant.
2986 902 3290 976 Proprium
3321 910 3428 974 est,
3463 907 3670 964 fratres

2018 987 2156 1054 mei,
2190 988 2516 1044 amantium
2543 990 2614 1046 de
2644 1006 2704 1046 re
2737 995 2931 1046 amata
2961 991 3294 1064 frequenter
3329 995 3514 1050 facere
3543 1013 3671 1050 ver-

2018 1077 2181 1132 bum.
2205 1076 2350 1133 Nam
2374 1078 2472 1134 ubi
2491 1084 2572 1134 est
2595 1079 2902 1135 thesaurus
2919 1086 3072 1153 tuus,
3099 1083 3187 1138 ibi
3205 1090 3285 1138 est
3308 1093 3360 1139 et
3382 1099 3483 1140 eor
3507 1094 3672 1140 tuum

2019 1165 2241 1236 (Matth.
2274 1167 2374 1238 v1).
2409 1168 2479 1222 Et
2509 1168 2664 1240 quod
2709 1167 2870 1225 intus
2900 1169 3181 1238 abundat,
3234 1173 3487 1229 exterius
3519 1173 3673 1230 exire

2021 1253 2274 1311 festinat.
2331 1255 2477 1311 Hinc
2518 1262 2606 1313 est
2637 1259 2789 1332 quod
2823 1257 3094 1332 discipuli
3127 1259 3461 1330 Dominum,
3496 1279 3671 1335 quem

2021 1348 2142 1400 toto
2174 1345 2346 1400 corde
2374 1345 2659 1402 viventem
2694 1346 3038 1415 dilexerant,
3072 1353 3128 1404 et
3157 1366 3332 1421 quem
3373 1356 3672 1408 mortuum

2020 1433 2283 1490 oblivisci
2317 1451 2432 1490 non
2465 1439 2731 1507 poterant
2780 1435 2837 1491 in
2870 1454 2968 1493 ore
3000 1455 3232 1510 semper
3261 1439 3573 1497 habebant.
3605 1442 3676 1497 Et

2022 1522 2305 1578 Dominus
2337 1523 2435 1595 qui
2461 1523 2840 1597 diligentibus
2862 1543 2923 1582 se
2947 1527 3151 1583 abesse
3178 1545 3291 1585 non
3317 1534 3524 1602 potest,
3551 1530 3677 1603 qui-

2023 1629 2134 1685 que
2155 1612 2326 1668 dixit:
2355 1614 2454 1670 Ubi
2471 1621 2604 1670 sunt
2625 1616 2737 1670 duo
2762 1617 2848 1672 vel
2869 1621 2987 1672 tres
3005 1620 3348 1692 congregati
3368 1620 3424 1676 in
3445 1622 3676 1677 nomine

2019 1719 2167 1773 meo,
2200 1720 2309 1776 ego
2331 1721 2459 1759 s‘cm
2482 1705 2538 1760 in
2563 1705 2749 1761 medio
2773 1722 2970 1761 eorum
2993 1708 3228 1777 (Matth.
3252 1712 3431 1778 xvm),
3457 1711 3528 1766 Se
3550 1710 3679 1766 dili-

2023 1792 2297 1864 gentibus
2329 1794 2470 1849 etde
2492 1810 2553 1848 se
2583 1811 2912 1851 sermonem
2936 1796 3302 1867 facientibus,
3330 1815 3497 1854 suam
3521 1799 3677 1855 exhi-

2024 1879 2122 1935 bet
2151 1883 2544 1952 praesentiam.
2578 1883 2724 1938 Nam
2757 1883 3060 1954 subditur;
3083 1890 3153 1942 Et
3179 1887 3406 1962 factum
3431 1894 3512 1944 est
3535 1889 3675 1946 dum

2020 1970 2440 2041 fabularentur
2455 1972 2513 2027 in
2531 1972 2647 2041 via,
2669 1979 2724 2027 et
2740 1989 2930 2029 secum
2949 1981 3286 2047 qua’rerent,
3306 1982 3362 2032 et
3375 1994 3499 2034 ecce
3513 1981 3679 2036 Jesus
3719 2007 3726 2012 -

2024 2061 2503 2134 appropinquans
2521 2061 2638 2116 ibat
2651 2079 2776 2116 cum
2795 2063 2932 2116 illis.
2949 2062 3276 2135 Diligamus
3298 2081 3454 2138 ergo,
3473 2067 3678 2123 fratres

2027 2147 2162 2214 mei,
2196 2147 2510 2204 Dominum
2553 2150 2776 2218 Jesum,
2812 2155 2866 2206 et
2898 2153 2967 2207 de
2998 2169 3064 2208 eo
3104 2170 3335 2225 semper
3383 2155 3677 2224 meditari,

2027 2253 2258 2309 semper
2277 2237 2528 2310 colloqui
2553 2239 2938 2311 gaudeamus,
2963 2240 3242 2312 quoniam
3265 2259 3326 2298 se
3348 2243 3676 2316 diligentes,

2027 2329 2084 2379 et
2115 2326 2184 2380 de
2233 2343 2294 2382 se
2343 2327 2612 2382 meditari
2643 2332 2700 2384 et
2741 2328 2989 2402 colloqui
3019 2331 3361 2403 gaudentes,
3397 2349 3505 2388 sua
3534 2350 3682 2405 prte-

2030 2414 2219 2470 sentia
2250 2432 2363 2470 non
2395 2416 2663 2489 privabit,
2699 2418 2796 2474 sed
2823 2417 3026 2490 procul
3055 2419 3233 2476 dubio
3264 2421 3375 2476 erit
3396 2422 3564 2478 nobis
3596 2439 3686 2478 co-

2030 2521 2155 2560 mes
2187 2504 2524 2560 individuus
2555 2505 2614 2561 in
2646 2507 2738 2562 via
2753 2506 2934 2578 hujus
2965 2509 3194 2576 mundi,
3217 2510 3370 2565 sicut
3399 2510 3522 2583 ipse
3549 2529 3681 2585 pro-

2032 2592 2196 2648 misit
2225 2592 2424 2648 dicens
2448 2610 2460 2647 :
2496 2597 2642 2649 Ecce
2671 2612 2779 2667 ego
2812 2597 3092 2651 vobiscum
3124 2612 3250 2650 sum
3276 2599 3536 2653 erunibus
3563 2599 3686 2654 die-

2032 2683 2133 2737 bus
2151 2683 2416 2754 usquead
2429 2685 2984 2739 consummationem
2999 2685 3200 2741 surculi
3212 2685 3448 2757 (Matth.
3463 2687 3683 2760 xxvm.)

2033 2770 2316 2833 Quoniam
2342 2787 2475 2826 vero
2499 2770 2795 2845 discipuli,
2822 2775 2878 2827 et
2899 2772 2948 2828 si
2968 2789 3101 2828 eum
3125 2773 3464 2848 diligebant,
3487 2780 3685 2832 tamen

2033 2859 2104 2915 de
2133 2860 2260 2931 ejus
2293 2859 2712 2916 resurrectione
2743 2865 2799 2916 et
2827 2861 3129 2918 divinitate
3152 2862 3524 2932 dubitabant,
3557 2865 3686 2922 ideo

2033 2951 2089 3003 et
2121 2947 2168 3002 si
2202 2947 2287 3004 eis
2318 2948 2608 3020 apparuit,
2660 2953 2854 3006 tamen
2897 2948 2982 3006 eis
3014 2951 3264 3024 speciem
3299 2969 3473 3024 quam
3507 2969 3686 3026 agno-

2035 3039 2282 3108 scerent,
2316 3054 2431 3092 non
2453 3037 2726 3093 ostendit.
2749 3038 2858 3094 Sed
2882 3039 3036 3110 quod
3058 3040 3218 3095 intus
3239 3039 3552 3112 habebant,
3578 3041 3688 3099 hoc

2033 3124 2118 3179 eis
2148 3125 2401 3181 exterius
2450 3111 2730 3181 exhibuit.
2763 3127 2832 3181 Et
2862 3126 2999 3199 quia
3031 3129 3101 3183 de
3133 3145 3194 3184 se
3225 3129 3592 3199 dubitabant,
3627 3148 3688 3187 se

2035 3213 2282 3270 dubium
2313 3231 2440 3271 esse
2464 3215 2886 3271 demonstravit
2907 3216 3012 3272 eis.
3031 3216 3176 3272 Nam
3201 3217 3484 3290 sequitur:
3515 3219 3692 3276 Oculi

2031 3308 2226 3359 autem
2239 3321 2438 3360 eorum
2451 3307 2723 3361 tenebant
2731 3322 2896 3373 ur,ne
2912 3321 3044 3362 eum
3062 3308 3686 3383 agnoscerentJtaque,

2033 3393 2241 3449 fratres
2269 3393 2404 3462 mei,
2439 3410 2473 3449 a
2503 3393 2776 3450 cordibus
2809 3395 3028 3453 nostris
3070 3414 3304 3454 omnem
3331 3397 3688 3457 dubietatem

2033 3481 2434 3554 excludamus,
2458 3487 2516 3537 et
2536 3482 2750 3540 Christi
2775 3484 3137 3542 divinitatem
3161 3492 3217 3543 et
3237 3487 3685 3558 humanitatem,

2033 3570 2365 3642 passionem
2399 3575 2456 3628 et
2485 3574 2997 3642 resurrectionem,
3030 3581 3186 3631 certa
3212 3576 3326 3633 {ide
3356 3578 3687 3646 credamus,

2033 3663 2098 3714 ut
2127 3676 2259 3716 eum
2293 3678 2408 3717 non
2432 3660 2491 3716 in
2513 3661 2817 3734 peregrino
2839 3662 3064 3734 habitu,
3093 3665 3193 3721 sed
3219 3665 3392 3722 sicuti
3409 3671 3519 3740 est,
3547 3667 3690 3724 facie

2033 3749 2105 3804 ad
2140 3749 2344 3806 faciem
2376 3749 2568 3807 videre
2599 3768 2951 3808 mereamur.

2105 3839 2380 3910 Sequitur
2407 3855 2545 3911 pars
2581 3839 2774 3908 tertia,
2809 3839 2868 3895 in
2910 3859 3028 3914 qua
3056 3842 3341 3899 Dominus
3374 3844 3691 3918 interrogat

2034 3925 2374 3999 discipulos,
2410 3932 2466 3984 et
2497 3945 2595 3983 eos
2640 3928 2976 3985 dubitantes
3008 3930 3271 4004 increpat
3301 3937 3358 3987 et
3388 3932 3686 4003 informat,

2033 4032 2167 4070 cum
2200 4016 2498 4072 subditur:
2523 4019 2598 4071 Et
2619 4018 2703 4072 ait
2725 4019 2809 4072 ad
2831 4017 3005 4074 illos:
3030 4022 3150 4091 Qui
3166 4027 3300 4075 sunt
3323 4023 3690 4079 hisermones

2032 4121 2170 4177 quos
2189 4104 2470 4178 confertis
2480 4105 2566 4160 ad
2578 4106 2820 4160 invicem
2839 4107 3230 4176 ambulantes,
3246 4118 3300 4165 et
3310 4112 3449 4166 estis
3467 4111 3692 4168 tristes?

2033 4191 2234 4248 Sciens
2271 4193 2573 4262 Dominus,
2627 4194 2836 4251 fratres
2867 4195 3220 4266 charissimi,
3256 4199 3338 4255 sic
3371 4199 3689 4274 discipulos

2033 4299 2172 4338 suos
2202 4281 2540 4356 interrogat,
2565 4287 2630 4339 ut
2659 4301 2728 4339 ex
2757 4284 2938 4341 dubia
2962 4303 3164 4342 eorum
3191 4287 3568 4361 responsione
3589 4306 3688 4346 eos

2032 4371 2310 4444 increpet,
2345 4375 2401 4427 et
2425 4373 2760 4446 interroget,
2785 4377 2841 4430 et
2864 4375 3134 4448 corrigat.
3163 4378 3570 4450 Ambulantes,
3600 4379 3688 4434 in-

276 4469 476 4525 audire
504 4465 828 4542 gaudeatis,
857 4463 1317 4538 hospitalitatem
1340 4467 1396 4518 et
1424 4462 1767 4518 charitatem
1791 4462 1922 4518 dili-
1957 4482 2001 4547 D
2035 4461 2181 4533 quit,
2233 4467 2290 4516 et
2318 4462 2453 4516 estis
2499 4463 2712 4518 tristes.
2746 4463 2863 4518 Hoc
2903 4469 2992 4519 est
3040 4466 3192 4537 quod
3225 4467 3307 4521 ait
3337 4466 3686 4526 Psalmista:

277 4557 448 4631 gatis,
495 4574 611 4612 non
659 4571 840 4612 vanos
889 4569 1181 4621 rumores,
1228 4553 1330 4608 sed
1382 4569 1542 4608 more
1582 4551 1710 4624 apis
1759 4551 1926 4608 utilia

277 4644 540 4718 exempla
571 4646 642 4701 ad
669 4643 934 4700 coanobia
961 4649 1155 4698 vestra
1183 4641 1465 4698 referatis.
1498 4641 1560 4696 In
1591 4640 1924 4708 castellum,

275 4735 485 4808 inquit,
517 4735 673 4808 quod
701 4743 832 4790 erat
865 4734 927 4788 in
955 4733 1152 4804 spatio
1178 4731 1511 4786 stadiorum
1539 4732 1856 4802 sexaginta
1885 4748 1926 4787 a

272 4823 623 4892 Jerusalem,
671 4823 906 4878 nomine
951 4823 1247 4877 Emmaus.
1299 4819 1568 4875 Stadium
1608 4824 1696 4874 est
1726 4823 1926 4875 octava

276 4930 410 4986 pars
432 4911 708 4968 milliarii.
743 4910 1054 4985 Sexaginta
1081 4925 1216 4982 ergo
1245 4908 1456 4976 stadia,
1482 4911 1706 4981 septem
1738 4907 1926 4964 millia

277 5019 556 5075 passuum
588 5005 645 5058 et
665 5000 968 5074 quingenti
991 5002 1149 5054 sunt.
1175 4997 1336 5062 Quod
1359 4997 1471 5053 iter
1489 4997 1635 5052 bene
1658 4998 1928 5071 congruit

277 5092 358 5148 eis
389 5090 512 5164 qui,
547 5091 687 5146 certi
716 5091 786 5146 de
809 5093 994 5146 morte
1015 5093 1074 5145 et
1103 5085 1408 5160 sepultura
1435 5083 1597 5152 Jesu,
1629 5085 1834 5142 incerti
1858 5085 1929 5142 de

280 5179 700 5237 resurrectione
743 5180 872 5250 ejus
919 5176 1322 5235 ambulabant.
1355 5175 1592 5230 Sextum
1629 5175 1843 5248 quippe
1874 5181 1932 5232 et

281 5269 598 5342 septimum
613 5267 955 5324 milliarium
968 5263 1722 5340 compleveruntquiJesum
1736 5265 1796 5321 in
1809 5282 1932 5322 sex-

283 5363 341 5415 ta
361 5357 602 5415 Sabbati
626 5361 874 5416 mortem
896 5356 1122 5427 tulisse,
1145 5359 1202 5413 et
1223 5355 1283 5412 in
1305 5353 1557 5412 Sabbato
1582 5353 1642 5410 in
1664 5355 1930 5428 sepulcro

357 5537 469 5618 (42)
494 5537 626 5597 Vid.
661 5552 795 5615 sup.
829 5541 950 5598 not.
983 5537 1073 5598 4i.

2033 4553 2254 4606 Euntes
2286 4553 2452 4608 ibant
2477 4557 2532 4606 et
2551 4551 2775 4624 ﬂebant
2819 4555 3116 4610 mittentes
3133 4555 3360 4611 semina
3381 4573 3492 4614 sua
3515 4559 3684 4630 (Psal.

2033 4640 2220 4712 cxxv.)
2253 4639 2346 4696 Sic
2376 4641 2616 4713 quippe,
2663 4641 2870 4697 fratres
2903 4643 3039 4709 mei,
3073 4643 3156 4698 sic
3189 4645 3469 4702 debemus
3500 4646 3689 4703 facere

2032 4728 2092 4784 in
2116 4729 2578 4802 peregrinatione
2599 4729 2778 4802 hujus
2800 4732 3027 4800 mundi,
3053 4733 3353 4790 ambulare
3374 4739 3430 4790 et
3451 4736 3606 4805 ﬂere,
3631 4741 3690 4793 et

2034 4818 2261 4875 semina
2310 4819 2539 4875 mittere
2599 4821 2720 4884 Quo
2763 4821 3116 4878 ambulare?
3144 4825 3230 4879 Ad
3275 4828 3549 4881 aeternam
3580 4843 3688 4899 pa-

2032 4907 2226 4964 triam.
2263 4910 2450 4974 Quare
2482 4909 2616 4965 ﬂere
2639 4910 2667 4964 ‘I
2699 4909 2782 4966 0b
2815 4915 3188 4981 peccatorum
3222 4917 3556 4970 nostrorum
3605 4932 3690 4972 re-

2034 4997 2429 5053 cordationem
2461 5003 2518 5053 et
2543 4999 2615 5054 ob
2645 4997 2897 5054 ccelestis
2927 5000 3128 5072 patriae
3160 5000 3520 5059 dilationem.
3553 5005 3687 5068 Quae

2037 5086 2265 5142 semina
2314 5087 2593 5143 mittere?
2645 5087 2901 5154 Semina,
2950 5090 3159 5146 lratres
3189 5091 3324 5160 mei,
3358 5091 3688 5149 divinorum

2035 5176 2346 5232 verborum
2369 5177 2440 5231 ad
2463 5175 2709 5231 invicem
2728 5178 3064 5249 praedicare,
3089 5183 3146 5235 et
3160 5181 3387 5238 scmina
3402 5182 3689 5238 bonorum

2038 5281 2280 5337 operum
2295 5265 2642 5338 praemittere
2656 5266 3120 5336 debemus,unde
3133 5287 3268 5326 cum
3283 5270 3688 5339 exsultatione,

2039 5353 2460 5428 centuplicatos
2497 5355 2830 5437 manipulos
2874 5362 3091 5416 metere
3137 5361 3454 5419 valeamus.
3489 5363 3565 5416 Et
3595 5377 3690 5418 re-

2117 5533 2226 5615 (43)
2260 5532 2427 5610 Vulg.
2460 5535 2536 5593 Et
2566 5550 2692 5594 ecce
2717 5536 2837 5596 duo
2866 5553 2940 5596 ex
2971 5534 3134 5599 illis.
