3982 6082
305 195 464 255 1359

1305 194 1704 255 ADDENDA.
1741 227 1809 237 —
1847 194 2248 256 BADULPHI
2294 195 2714 256 ARDENTIS.

3562 193 3740 254 1860

301 326 568 398 spondens
595 340 762 395 unus,
795 325 890 380 cui
914 339 1113 380 nomen
1144 325 1420 397 Cleophas,
1454 325 1601 381 dixit
1625 326 1738 381 eis:
1771 326 1844 380 Tu
1872 341 1958 382 so-
1987 326 2042 392 Α
2141 325 2417 400 Sequitur
2448 343 2583 399 pars
2627 329 2854 398 quarta,
2887 325 2946 380 in
2977 341 3096 398 qua
3141 323 3452 381 Dominum
3497 341 3563 382 se
3597 325 3742 383 lon-

303 417 389 469 lus
417 415 739 487 peregrinus
767 429 822 469 es
873 414 934 468 in
975 414 1296 481 Jerusalem,
1330 421 1380 469 et
1407 429 1518 468 non
1567 415 1867 482 cognovisti
1895 430 1956 469 ea

301 520 427 577 qua)
445 506 596 576 facta
617 510 746 559 sunt
773 504 834 558 in
859 502 961 558 illa
978 503 1037 557 in
1060 502 1145 558 his
1164 501 1394 558 diebus?
1408 504 1488 557 Ac
1512 501 1560 558 si
1585 501 1818 558 diceret:
1845 501 1957 558 Res

302 593 374 650 de
424 610 540 666 qua
588 591 888 665 loquimur
930 595 1067 647 nota
1113 594 1202 646 est
1249 591 1524 646 omnibus
1573 591 1671 663 qui
1713 595 1852 647 sunt
1898 592 1958 646 in

299 681 648 750 Jerusalem,
683 684 803 737 tam
845 679 1070 736 civibus
1117 697 1294 752 quam
1329 679 1650 752 peregrinis
1681 683 1737 735 et
1763 679 1958 735 mani-

299 773 450 829 festa
476 789 489 826 :
523 772 594 828 Et
619 770 912 843 quomodo
943 773 1006 825 tu
1039 768 1202 825 solus
1239 769 1584 842 peregrinus
1612 787 1674 825 es
1705 769 1765 824 in
1795 769 1960 825 Jeru-

301 861 507 928 salem,
561 860 662 932 qui
695 859 815 915 heec
866 859 1148 932 ignoras?
1206 863 1288 914 De
1331 861 1458 915 Jesu
1514 861 1817 928 Nazarene,
1863 859 1960 930 qui

297 953 410 1023 fuit
457 953 546 1005 vir
568 949 852 1022 propheta,
897 957 1088 1020 potens
1120 950 1178 1003 iu
1209 964 1366 1020 opere
1409 956 1461 1003 et
1505 964 1748 1004 sermone
1777 963 1961 1003 coram

300 1045 415 1096 Deo
444 1047 495 1096 et
523 1041 674 1095 omni
717 1039 938 1111 populo.
971 1037 1430 1109 Nontanquam
1479 1037 1684 1108 Deum,
1719 1036 1808 1092 vel
1861 1036 1958 1092 Dei

302 1127 538 1195 Filium,
573 1128 673 1184 sed
697 1132 989 1204 tanquam
1043 1143 1257 1198 purum
1290 1125 1589 1182 hominem
1619 1126 1824 1182 Jesum
1857 1141 1959 1180 co-

301 1235 427 1274 ram
461 1218 576 1274 Deo
609 1221 666 1272 et
693 1215 931 1289 populo,
965 1215 1024 1270 in
1049 1220 1300 1288 quatuor
1325 1214 1850 1271 commendabilem
1874 1231 1962 1270 os-

301 1306 510 1375 tendit,
543 1305 681 1379 quia
713 1304 936 1362 scilicet
966 1303 1076 1360 fuit
1115 1309 1309 1360 mente
1337 1303 1540 1372 virilis,
1575 1303 1962 1376 intelligentia.

303 1395 652 1468 spiritualis,
709 1398 918 1467 potens
949 1394 1008 1450 in
1055 1410 1248 1465 opere,
1307 1393 1511 1449 efﬁcax
1551 1393 1608 1448 in
1667 1408 1957 1448 sermone.

303 1488 440 1552 Quae
472 1488 725 1556 quatuor
754 1482 813 1538 in
858 1481 1252 1539 ecclesiastico
1303 1487 1534 1556 pastore
1588 1481 1958 1554 requirenda.

304 1578 465 1631 sunt.
499 1574 764 1629 Primum
797 1572 954 1627 enim
996 1572 1316 1644 requiritur
1343 1571 1533 1627 virtus
1563 1571 1797 1640 mentis,
1833 1587 1959 1642 quae

303 1664 481 1720 etiam
504 1680 618 1720 non
642 1661 878 1725 sufﬁcit,
906 1661 1021 1716 nisi
1040 1659 1192 1717 adsit
1213 1660 1598 1733 intelligentia
1615 1658 1958 1732 spiritualis.

305 1753 418 1810 Sed
451 1769 556 1808 nec
587 1751 710 1807 haec
741 1752 856 1806 duo
909 1751 1232 1818 sufﬁciunt,
1267 1749 1381 1806 nisi
1431 1750 1648 1823 fulgeat
1675 1749 1731 1803 in
1768 1764 1961 1821 opere,

304 1845 361 1898 et
392 1841 536 1898 alios
569 1840 760 1914 capiat
809 1839 1239 1912 praedicatione.
1276 1839 1564 1908 Quomodo,
1601 1837 1814 1910 inquit,
1849 1844 1961 1892 tra-

305 1931 562 1988 diderunt
610 1947 734 1986 eum
777 1931 981 1984 summi
1029 1928 1326 1985 sacerdotes
1373 1937 1425 1984 et
1461 1930 1740 2000 principes
1787 1928 1965 1982 nostri

306 2022 364 2076 in
414 2019 822 2076 damnationem
865 2019 1076 2086 mortis,
1110 2027 1161 2074 et
1206 2018 1600 2088 cruciﬁxerunt
1642 2020 1810 2072 eum?
1855 2017 1962 2070 Nos

305 2117 488 2165 autem
515 2107 870 2180 sperabamus
894 2106 1033 2178 quod
1057 2109 1168 2178 ipse
1189 2109 1343 2162 esset
1363 2106 1792 2178 redempturus.
1817 2103 1962 2158 Ecce

309 2215 411 2270 per
439 2196 797 2270 praeteritum
844 2195 1270 2267 imperfectum,
1305 2210 1468 2266 spem
1500 2208 1667 2247 suam
1699 2191 1962 2264 praeteri-

306 2290 429 2342 tam
462 2291 519 2341 et
546 2285 945 2356 imperfectam
977 2282 1250 2339 ostendit.
1285 2282 1538 2353 Jamque
1569 2296 1714 2352 pene
1745 2297 1813 2336 ex
1841 2284 1960 2336 toto

305 2392 369 2430 se
398 2373 683 2430 excidisse
713 2391 746 2428 a
778 2373 890 2427 ﬁde
923 2376 979 2428 et
1019 2388 1121 2443 spe
1161 2371 1433 2426 ostendit.
1465 2375 1514 2422 A
1546 2370 1658 2424 ﬁde
1693 2386 1825 2424 cum
1858 2369 1958 2434 ait,

309 2464 401 2521 Vir
423 2464 727 2535 propheta;
759 2479 792 2516 a
824 2478 946 2533 spe,
997 2477 1130 2516 cum
1181 2459 1416 2516 subdit:
1461 2461 1566 2514 Nos
1613 2464 1799 2514 autem
1841 2474 1960 2530 spe-

305 2555 586 2609 rabamus.
634 2552 701 2607 Et
728 2551 984 2624 quaedam
1027 2551 1284 2605 mulieres
1312 2566 1381 2604 ex
1409 2550 1604 2604 nostris
1647 2555 1962 2603 terruerunt

303 2658 425 2709 nos,
457 2655 584 2714 qua?
629 2642 858 2712 fuerunt
905 2647 1030 2695 ante
1080 2639 1250 2693 lucem
1295 2637 1364 2693 ad
1409 2645 1858 2693 monumentum:
1890 2639 1965 2692 Et

304 2748 416 2788 non
447 2733 664 2786 invento
693 2745 914 2801 corpore
961 2729 1096 2800 ejus,
1131 2728 1412 2783 redierunt
1449 2727 1682 2783 dicentes
1711 2743 1766 2782 se
1795 2728 1963 2782 etiam

303 2821 571 2876 visionem
611 2820 932 2890 angelorum
964 2817 1185 2884 vidisse,
1233 2819 1328 2889 qui
1354 2816 1544 2872 dicunt
1589 2833 1713 2871 cum
1759 2817 1957 2870 vivere.

307 2905 500 2962 Stulta
527 2905 764 2973 locutio,
817 2905 958 2960 dum
991 2922 1054 2960 se
1101 2904 1356 2960 ostendit
1403 2902 1592 2977 magis
1640 2901 1841 2958 terreri
1893 2919 1962 2958 ex

306 2994 597 3051 ablatione
625 2993 906 3066 corporis,
936 3010 1112 3066 quam
1145 2993 1401 3065 gaudere
1425 3010 1493 3047 ex
1515 2990 1960 3046 annuntiatione

2064 415 2198 488 gius
2257 417 2476 471 iturum
2537 416 2873 488 ﬁngentem,
2935 413 3208 490 discipuli
3266 413 3340 469 ad
3397 413 3742 486 hospitium

2063 510 2291 560 vocant.
2322 504 2448 560 Non
2489 503 2803 570 miremini,
2839 504 3048 560 fratres
3079 502 3214 570 mei,
3248 503 3404 576 quod
3434 503 3741 559 Dominus

2067 611 2128 650 se
2158 593 2390 666 longius
2420 594 2642 649 iturum
2675 592 2865 657 ﬁnxit,
2887 592 3167 665 quoniam
3198 609 3316 648 non
3347 591 3542 648 omnis
3565 591 3741 647 ﬁctio

2065 682 2243 738 habet
2270 682 2329 737 in
2363 699 2424 738 se
2473 681 2736 737 malitian
2787 680 3168 755 duplicitatis.
3220 682 3322 737 Est
3351 681 3510 736 enim
3562 697 3741 753 quaa-

2068 771 2202 827 dam
2253 770 2408 826 ﬁctio
2458 769 2632 839 mala,
2665 775 2722 826 et
2768 773 2856 826 est
2913 769 3184 842 quaedam
3238 769 3396 826 ﬁctio
3444 770 3630 826 bona.
3667 771 3742 824 Et

2068 860 2334 933 quaedam
2386 859 2543 915 ﬁctio
2585 860 2657 916 ad
2708 858 3144 932 decipiendum,
3193 875 3312 931 qua
3347 857 3639 914 inimicus
3673 875 3737 914 se

2068 949 2236 1022 ﬁngit
2265 949 2545 1012 amicum,
2595 952 2661 1004 ut
2689 949 2879 1022 magis
2921 948 3190 1020 decipiat.
3222 948 3324 1004 Est
3353 948 3630 1020 quaedam
3667 948 3738 1001 ﬁ-

2068 1037 2179 1093 ctio
2195 1038 2265 1093 ad
2281 1038 2665 1094 erudiendum
2683 1037 2802 1094 sive
2821 1037 3212 1110 probandum,
3233 1054 3350 1109 qua
3366 1037 3662 1110 magister
3673 1052 3736 1092 se

2069 1126 2236 1198 ﬁngit
2262 1125 2478 1182 iratum
2511 1125 2840 1199 discipulis,
2863 1113 2930 1182 ut
2958 1141 3054 1182 eos
3074 1124 3279 1182 timere
3306 1129 3363 1182 et
3383 1124 3575 1198 magis
3601 1142 3736 1197 pro-

2067 1216 2240 1272 ﬁcere
2287 1215 2480 1271 faciat.
2536 1215 2698 1272 Unde
2747 1215 3030 1289 Sapiens:
3064 1214 3127 1270 Si
3167 1215 3326 1286 ﬁliae,
3371 1213 3592 1287 inquit,
3629 1215 3738 1269 tibi

2066 1306 2294 1376 fuerint,
2328 1305 2446 1360 noli
2475 1305 2708 1360 hilarem
2738 1305 2951 1360 vultum
2970 1303 3246 1360 ostendere
3277 1303 3349 1358 ad
3381 1304 3508 1359 illas
3536 1303 3731 1376 (Eccli.

2066 1397 2190 1460 v11.)
2222 1393 2338 1450 Nos
2369 1392 2588 1465 itaque,
2613 1393 2822 1449 fratres
2853 1391 2989 1459 mei,
3013 1392 3308 1448 ﬁctionem
3329 1392 3734 1464 deceptoriam

2067 1486 2351 1554 tanquam
2396 1481 2615 1538 crimen
2649 1481 2969 1555 fugiamus,
3003 1485 3060 1536 et
3091 1481 3385 1537 ﬁctionem
3417 1480 3736 1553 proﬁcien-

2067 1575 2185 1626 tem
2236 1575 2601 1644 appetamus.
2653 1571 2798 1627 Nam
2852 1570 3141 1627 Dominus
3172 1587 3235 1626 se
3281 1570 3453 1643 ﬁngit
3489 1569 3736 1643 longius

2069 1661 2314 1726 iturum,
2347 1664 2411 1715 ut
2439 1661 2711 1732 probaret
2753 1659 3098 1715 charitatem
3130 1658 3582 1732 discipulorum.
3617 1659 3735 1714 Sed

2073 1749 2349 1822 quoniam
2385 1749 2491 1821 illi,
2525 1767 2656 1806 cum
2682 1748 2894 1821 quibus
2916 1749 3044 1822 ipsa
3069 1748 3326 1804 charitas
3345 1749 3740 1822 gradiebatur

2072 1839 2246 1895 alieni
2278 1856 2312 1894 a
2341 1839 2621 1894 charitate
2651 1855 2778 1894 esse
2811 1855 2926 1894 non
2959 1841 3252 1910 poterant,
3290 1837 3610 1894 Dominum
3659 1837 3734 1892 ad

2070 1928 2390 2000 hospitium
2422 1931 2652 1996 vocant,
2696 1927 2815 1984 imo
2847 1931 3084 1998 cogunt.
3121 1927 3198 1981 Ex
3226 1943 3344 1998 quo
3395 1925 3735 1998 intelligen-

2071 2018 2212 2073 dum
2243 2023 2332 2073 est
2363 2016 2638 2088 quoniam
2664 2016 2930 2089 hospites
2950 2017 3022 2074 ad
3046 2015 3366 2088 hospitium
3391 2032 3510 2072 non
3534 2014 3740 2071 solum

2069 2107 2333 2174 vocandi,
2385 2107 2487 2162 sed
2519 2107 2697 2164 etiam
2743 2105 2990 2180 cogendi
3036 2109 3196 2162 sunt.
3236 2104 3478 2176 Antiqui
3509 2105 3738 2177 quippe

2069 2199 2285 2268 patres,
2335 2195 2510 2252 etiam
2559 2194 2894 2268 hospitibus
2941 2195 3354 2262 occurrebant,
3395 2197 3452 2250 et
3479 2211 3586 2250 eos
3631 2209 3742 2266 per

2069 2285 2228 2340 vicos
2256 2289 2315 2341 et
2344 2284 2567 2358 plateas
2589 2285 2949 2356 quaerebant,
2981 2289 3040 2340 et
3061 2283 3327 2339 inventos
3352 2300 3491 2339 cum
3511 2282 3740 2358 gaudio

2072 2373 2486 2446 suscipiebant.
2537 2373 2912 2428 Prmtendunt
2958 2373 3136 2446 igitur
3174 2371 3446 2444 discipuli
3479 2371 3742 2428 Domino

2070 2480 2332 2530 causam,
2368 2478 2549 2534 quare
2569 2478 2701 2516 cum
2735 2461 2820 2517 eis
2841 2461 3051 2517 debeat
3076 2460 3380 2534 hospitari,
3417 2477 3554 2515 cum
3590 2461 3738 2517 sub-

2071 2552 2193 2606 dit:
2228 2551 2400 2618 Mane,
2452 2550 2750 2622 inquiunt,
2780 2552 3082 2616 nobiscum,
3115 2551 3374 2622 quoniam
3403 2549 3734 2622 advespera-

2068 2644 2188 2709 scit,
2221 2650 2272 2697 et
2301 2643 2570 2698 inclinata
2609 2650 2687 2696 est
2705 2643 2828 2714 jam
2856 2641 2986 2697 dies.
3019 2640 3081 2695 In
3113 2657 3227 2712 quo
3279 2645 3617 2712 arguuntur
3647 2639 3732 2694 illi

2071 2731 2172 2803 qui
2200 2729 2530 2802 hospitibus
2578 2730 2784 2785 dicunt
2832 2728 3101 2785 altiorem
3131 2729 3247 2784 dici
3290 2729 3499 2784 horam
3533 2727 3733 2784 adhuc

2071 2823 2309 2888 restare,
2344 2823 2409 2874 ut
2439 2817 2522 2874 sic
2543 2835 2643 2874 eos
2665 2835 2781 2874 non
2814 2819 2886 2874 ad
2911 2818 3356 2885 remanendum,
3390 2817 3493 2873 sed
3526 2818 3731 2890 potius

2069 2910 2140 2966 ad
2166 2908 2657 2982 progrediendum
2677 2907 2910 2980 longius
2931 2903 3196 2962 invitent.
3225 2907 3334 2962 Sed
3359 2923 3486 2973 nos,
3511 2906 3732 2962 fratres

2069 2997 2205 3065 mei,
2237 2989 2744 3070 snpervenientem
2784 2996 3076 3068 hospitem
3109 2995 3236 3052 sine
3265 2995 3496 3051 ﬁctione
3530 2995 3734 3050 imite-

306 3082 773 3140 resurrectionis.
805 3083 899 3138 Ait
923 3084 996 3138 ad
1028 3081 1178 3148 illos,
1213 3098 1312 3138 eos
1355 3081 1684 3153 increpans.
1731 3082 1770 3136 0
1801 3081 1960 3136 stulti
1989 3070 2030 3136 C
2071 3105 2222 3156 mur,
2255 3103 2550 3160 rogemus,
2591 3102 2890 3158 cogamus,
2921 3084 3416 3158 opportunitatem
3440 3085 3734 3158 temporis

305 3183 355 3230 et
396 3173 543 3230 tardi
590 3172 744 3229 corde
771 3172 842 3228 ad
879 3171 1203 3228 credendum
1232 3173 1292 3226 in
1343 3172 1593 3226 omnibus
1637 3185 1762 3241 qua:
1791 3170 1960 3226 locuti

303 3271 432 3319 sunt
454 3263 776 3334 propheta!
806 3260 1002 3328 Stulti,
1035 3260 1092 3315 id
1115 3263 1203 3314 est
1225 3258 1460 3314 hebetes
1480 3259 1552 3314 ad
1577 3257 1986 3330 spiritualiter'

307 3350 932 3426 intelligendum,tardi
949 3349 1020 3404 ad
1035 3349 1387 3404 credendum
1402 3346 1959 3403 intellectis.Deinde

307 3442 508 3498 subdit
553 3440 849 3496 instruens
881 3456 1000 3506 eos,
1035 3443 1162 3493 tum
1193 3454 1295 3510 per
1333 3437 1638 3503 rationem,
1683 3439 1810 3491 tum
1859 3453 1960 3509 per

304 3530 454 3603 legis
483 3533 540 3584 et
589 3528 1003 3601 prophetarum
1055 3525 1480 3581 auctoritatem.
1513 3526 1622 3580 Per
1651 3524 1956 3592 rationem,

309 3636 444 3676 cum
495 3615 838 3689 subjungit:
891 3615 1078 3671 Non-ne
1105 3617 1185 3670 sic
1229 3616 1467 3686 oportuit
1490 3616 1612 3687 pati
1661 3614 1957 3680 Christum,

307 3717 358 3764 et
401 3721 686 3775 resurgere
713 3722 746 3761 a
777 3707 1030 3772 mortuis,
1063 3713 1114 3760 et
1164 3707 1374 3760 intrare
1403 3705 1463 3759 in
1493 3704 1729 3773 gloriam
1756 3719 1915 3758 suam
1940 3705 1962 3757 ?

309 3794 578 3870 Oportuit
609 3794 846 3867 quippe,
867 3793 1073 3849 fratres
1104 3792 1458 3862 charissimi,
1493 3798 1558 3846 ut
1587 3792 1963 3864 quemadmo-

310 3887 452 3941 dum
484 3902 589 3957 per
617 3901 802 3940 unum
852 3883 1151 3938 hominem
1183 3882 1499 3937 intraverat
1527 3881 1845 3948 damnatio,
1878 3881 1962 3936 ita

308 3977 365 4032 et
393 3990 498 4046 per
524 3990 709 4028 unum
757 3971 1058 4028 hominem
1113 3972 1275 4027 ﬁeret
1306 3969 1647 4042 redemptio.
1694 3969 1963 4042 Oportuit

307 4063 507 4130 etiam,
530 4067 595 4118 ut
617 4061 1113 4134 quemadmodum
1136 4059 1310 4116 homo
1333 4059 1620 4116 ceciderat
1640 4075 1743 4132 per
1765 4075 1963 4131 super-

307 4153 492 4224 biam,
549 4150 631 4206 ita
674 4155 1042 4222 repararetur
1086 4166 1188 4221 per
1226 4149 1639 4205 humilitatem.
1693 4147 1964 4221 Oportuit

308 4257 542 4314 quoque
569 4244 636 4296 ut
665 4239 1166 4312 quemadmodum
1198 4255 1301 4310 per
1329 4237 1504 4310 primi
1545 4236 1800 4293 hominis
1835 4238 1961 4294 ino-

306 4328 664 4387 bedientiam
696 4329 756 4384 in
789 4345 892 4384 esu
916 4327 1079 4401 ligni,
1111 4326 1439 4383 humanum
1469 4343 1655 4400 genus
1676 4326 1964 4383 ceciderat

2067 3181 2124 3232 et
2143 3175 2253 3231 loci
2279 3192 2394 3231 non
2416 3175 2870 3247 praetendamus,
2892 3173 3008 3230 lzsti
3031 3173 3448 3246 suscipiamus,
3471 3173 3732 3228 laetiores

2068 3264 2152 3320 eis
2183 3264 2609 3320 ministremus.
2655 3263 2864 3326 Quanti
2917 3267 3112 3319 autem
3161 3261 3353 3318 meriti
3405 3261 3483 3317 sit
3526 3261 3732 3334 hospi-

2067 3353 2283 3422 talitas,
2318 3352 2450 3409 hinc
2475 3356 2715 3426 apparet
2737 3351 3014 3424 quoniam
3037 3351 3332 3407 Abraham
3355 3355 3411 3406 et
3437 3351 3566 3419 Lot,
3592 3351 3735 3423 quia

2067 3443 2337 3498 homines
2370 3442 2664 3513 suscipere
2693 3440 2850 3496 soliti
2881 3445 3067 3506 erant,
3092 3439 3350 3513 angelos,
3387 3439 3505 3496 imo
3526 3438 3733 3511 ipsum

2068 3532 2254 3588 Deum
2305 3531 2600 3602 suscipere
2647 3533 2990 3586 meruerunt
3035 3533 3191 3599 (Gen.
3237 3529 3418 3600 xvm).
3474 3528 3732 3594 Quidam

2069 3637 2302 3692 quoque
2350 3618 2790 3692 paterfamilias,
2843 3619 3086 3674 studens
3135 3617 3547 3690 hospitalitati,
3585 3619 3732 3673 dum

2069 3709 2323 3781 quadam
2356 3707 2449 3764 die
2480 3708 2852 3780 peregrinum
2883 3707 3226 3780 susciperet,
3263 3709 3320 3761 et
3349 3705 3400 3760 ei
3431 3723 3624 3778 aquas
3655 3707 3730 3762 ad

2069 3797 2392 3852 abluendas
2422 3813 2635 3852 manus
2666 3796 2790 3868 ipse
2813 3793 3106 3870 porrigam
3125 3793 3314 3863 vellet,
3340 3799 3581 3866 repente
3611 3811 3733 3850 non

2070 3884 2416 3958 comparuit,
2463 3885 2561 3941 sed
2595 3885 2655 3939 in
2699 3884 2919 3940 visione
2949 3882 3136 3938 noctis
3181 3881 3233 3938 ei
3265 3881 3448 3938 dixit:
3487 3904 3515 3932 ‹‹
3547 3883 3732 3940 Ciste-

2071 3975 2151 4031 ris
2181 3975 2388 4031 diebus
2419 3991 2511 4030 me
2545 3975 2603 4029 in
2635 3973 2916 4030 membris
2941 3971 3089 4029 meis
3120 3972 3454 4044 suscepisti,
3481 3989 3577 4028 me
3599 3989 3732 4029 sero

2071 4065 2131 4120 in
2181 4081 2312 4120 mea
2364 4063 2674 4135 suscepisti
2723 4079 2990 4136 persona.
3028 4084 3057 4112 »
3101 4061 3193 4118 Sic
3233 4061 3408 4117 etiam
3441 4061 3734 4118 Dominus

2069 4155 2128 4208 in
2153 4152 2377 4225 judieio
2409 4151 2606 4208 electis
2637 4151 2902 4208 dicturus
2933 4155 3058 4207 est:
3094 4155 3298 4223 Hospes
3327 4167 3503 4218 eram,
3534 4159 3589 4206 et
3618 4153 3734 4207 col-

2071 4243 2273 4314 legistis
2320 4258 2405 4297 me
2451 4243 2658 4309 (Matth.
2698 4243 2857 4310 xxv.)
2903 4239 3216 4296 Sectemini
3263 4239 3464 4312 igitur,
3518 4239 3734 4297 fratres

2071 4332 2206 4399 mei,
2241 4330 2717 4403 hospitalitatem.
2753 4330 2818 4385 Et
2849 4333 2914 4386 ut
2942 4330 3026 4386 ait
3051 4329 3386 4402 Apostolus,
3421 4330 3551 4386 sine
3574 4347 3736 4386 mur-

307 4420 368 4476 in
401 4419 722 4488 miseriam,
775 4418 857 4473 ita
905 4434 1008 4490 per
1056 4415 1186 4472 novi
1237 4415 1494 4473 hominis
1546 4415 1958 4482 obedientiam,
1991 4443 2038 4508 D
2072 4419 2418 4477 muratione.
2475 4419 2758 4475 Invitatus
2808 4418 2987 4492 igitur
3034 4417 3318 4475 Dominus
3355 4423 3414 4476 et
3443 4419 3732 4476 charitate

307 4509 368 4564 in
401 4511 587 4564 morte
618 4506 762 4580 ligni
812 4506 1163 4561 revelaretur
1189 4503 1250 4560 in
1282 4504 1550 4577 gloriam.
1586 4505 1690 4560 Per
1733 4503 1878 4577 legis
1908 4509 1965 4560 et

306 4597 728 4672 prophetarum
779 4594 1184 4651 auctoritatem
1235 4611 1334 4650 eos
1368 4593 1626 4660 instruit,
1659 4610 1794 4650 cum
1822 4595 1961 4650 sub-

309 4687 431 4744 dit:
489 4689 555 4743 Et
613 4687 882 4758 incipiens
921 4703 957 4740 a
1013 4683 1190 4756 Moyse
1245 4692 1298 4739 et
1350 4686 1608 4740 omnibus
1661 4685 1962 4756 pr0phetis,

308 4777 776 4849 interpretabatur
817 4776 896 4830 eis
943 4773 1276 4846 Scripturas,
1334 4788 1458 4844 qum
1504 4773 1568 4828 de
1614 4774 1729 4844 ipso
1784 4781 1960 4828 erant.

309 4865 538 4938 Moyses
581 4864 738 4920 enim
789 4863 860 4919 de
891 4862 1016 4935 ipso
1061 4860 1345 4932 praedixit.
1380 4861 1705 4933 Prophetam
1735 4863 1964 4918 suscita-

312 4956 388 5010 bit
433 4953 582 5008 vobis
631 4955 770 5008 Deus
801 4969 870 5009 ea:
912 4953 1185 5025 fratribus
1232 4952 1444 5019 vestris,
1498 4952 1658 5006 illum
1707 4959 1966 5024 tanquam

308 5059 394 5099 me
449 5041 683 5098 audietis
743 5042 924 5112 (Deut.
984 5043 1169 5112 XVIII.)
1230 5040 1528 5113 Propheta:
1592 5058 1724 5098 vero
1797 5041 1967 5114 plura

311 5131 605 5204 apertiora
655 5130 725 5185 de
777 5129 1006 5186 Christo
1061 5131 1438 5203 scripserunt.
1491 5131 1555 5186 In
1587 5148 1723 5202 quo,
1758 5131 1964 5187 fratres

311 5219 449 5292 mei,
501 5223 704 5274 nostra
752 5218 988 5292 pigritia
1035 5219 1428 5289 confunditur,
1464 5218 1564 5292 qui
1603 5221 1730 5291 jam
1774 5219 1964 5292 legem

311 5312 370 5366 et
417 5307 755 5380 pr0phetias
786 5307 846 5362 in
892 5307 1119 5362 Christo
1157 5307 1503 5379 adimpletas
1537 5307 1810 5377 scientes,
1859 5323 1964 5364 nec

312 5396 386 5454 ad
413 5394 604 5466 ipsam
654 5412 882 5453 sacram
931 5394 1295 5466 Scripturam
1340 5395 1964 5467 spiritualiterintelli-

311 5483 588 5562 gendam,
621 5502 726 5544 nec
755 5485 828 5543 ad
861 5499 1031 5560 opere
1075 5482 1482 5558 conplendam,
1533 5484 1836 5560 invigilare
1867 5503 1966 5544 cu-

314 5589 542 5639 ramus.

2073 4513 2307 4566 coactus
2340 4525 2373 4564 a
2403 4507 2546 4574 suis,
2581 4507 2887 4564 concessit.
2919 4509 2984 4563 Et
3015 4509 3242 4564 intravit
3269 4525 3396 4564 cum
3423 4507 3567 4564 illis.
3595 4507 3734 4564 Dul-

2074 4599 2384 4655 cissimum
2433 4597 2650 4670 quippe
2701 4600 2792 4652 est
2819 4596 3007 4652 amico
3039 4613 3174 4652 cum
3218 4596 3426 4653 amicis
3477 4596 3731 4670 epulari,

2073 4693 2130 4744 et
2160 4704 2292 4743 cum
2326 4685 2539 4742 invidis
2571 4690 2628 4741 et
2658 4685 2878 4742 odiosis
2907 4685 3132 4760 epulari
3166 4702 3434 4742 amarum
3465 4689 3576 4742 est.
3615 4686 3734 4742 Nos

2074 4793 2230 4850 ergo,
2281 4776 2512 4843 fratres,
2561 4791 2696 4830 cum
2755 4774 2924 4830 bonis
2971 4779 3028 4830 et
3057 4773 3263 4831 amicis
3320 4775 3538 4830 nostris
3582 4791 3735 4847 epu-

2073 4864 2181 4921 lari
2215 4863 2616 4938 gaudeamus;
2669 4862 2894 4935 epulari
2939 4880 3072 4919 vero
3126 4880 3258 4918 cum
3307 4863 3480 4919 malis
3529 4869 3590 4919 et
3619 4863 3736 4919 ini-

2074 4953 2243 5009 micis
2299 4952 2536 5023 nostris,
2588 4951 2702 5008 nisi
2753 4954 2900 5009 forte
2930 4969 3109 5008 causa
3153 4969 3253 5009 eos
3291 4957 3406 5010 Deo
3437 4951 3737 5024 lucrandi,

2071 5042 2391 5116 fugiamus.

2145 5132 2422 5203 Sequitur
2451 5148 2586 5204 pars
2617 5131 2843 5203 quinta,
2878 5129 2939 5187 in
2969 5147 3087 5204 qua
3108 5130 3379 5204 discipuli
3400 5135 3741 5205 agnoscunt

2073 5221 2388 5278 Dominum
2447 5220 2507 5275 in
2555 5220 2835 5276 fractione
2893 5220 3083 5293 panis,
3125 5237 3260 5276 cum
3317 5220 3639 5277 subditur:
3673 5222 3739 5278 Et

2071 5313 2278 5382 factum
2307 5318 2405 5379 est,
2456 5311 2585 5366 dum
2633 5310 2964 5366 recumberet
2991 5327 3116 5366 cum
3145 5312 3242 5375 eis,
3276 5312 3481 5382 accepit
3505 5327 3736 5382 parma,

2074 5399 2369 5468 benedixit,
2415 5400 2599 5471 fregit,
2646 5407 2696 5454 et
2733 5400 3048 5472 porrigebat
3095 5399 3229 5455 illis.
3261 5399 3330 5455 Et
3378 5399 3564 5473 aperti
3594 5403 3741 5456 sunt

2074 5489 2227 5547 oculi
2241 5504 2464 5555 eorum,
2489 5492 2544 5544 et
2560 5494 2957 5561 cognoverunt
2972 5505 3129 5545 eum.
3155 5487 3327 5560 Dum,
3350 5503 3514 5544 more
3535 5487 3736 5556 solito,

2073 5577 2359 5643 Dominus
2403 5592 2617 5656 panem
2658 5577 2948 5659 benedicit
2978 5582 3036 5660 et
3064 5576 3304 5658 frangit,
3333 5578 3738 5659 cognoscitur,
