3982 6082
157 281 308 345 1861

822 282 1176 346 HOMILL‘E
1215 283 1295 344 IN
1340 283 1592 346 EPIST.
1637 284 1742 345 ET
1784 283 2074 350 EVANG.
2120 287 2476 350 DOMINIC.
2506 320 2584 330 —
2611 286 2808 348 PARS
2852 286 2901 347 Ι.

3405 290 3562 352 1862

156 414 344 472 multo
377 412 601 470 felicius
629 412 864 470 illorum
900 414 1084 471 oculis
1115 416 1332 488 apertis
1351 417 1424 472 ad
1456 432 1804 490 cognoscen-
1831 419 1888 486 Α
1919 419 2044 475 sine
2076 418 2606 491 invidia,gaudium
2639 418 2764 475 sine
2797 417 3052 484 tristitia,
3067 419 3428 478 abundantia
3444 422 3570 478 sine

157 505 300 560 dum
331 507 551 559 naturae
581 519 700 558 sua:
732 503 793 558 in
831 503 1060 560 Christo
1091 503 1598 578 gloriﬁcationem,
1632 524 1808 579 quam

154 593 483 666 primorum
535 596 844 664 parentum
892 594 965 649 ad
1011 595 1484 668 cognoscendum
1529 597 1812 669 concupi-

154 681 390 739 scentia:
423 699 541 737 sua;
571 681 996 739 confusionem.
1030 683 1102 740 Et
1148 700 1330 756 quare
1377 685 1662 742 Dominus
1693 702 1810 741 non

153 771 214 827 in
246 787 423 828 sacra:
455 770 768 844 Scriptura:
817 771 1198 845 expositione,
1232 775 1334 830 sed
1381 774 1441 830 in
1491 773 1660 848 panis
1691 775 1812 830 fra-

154 859 345 917 ctione
375 859 793 934 cognoscitur?
818 861 965 925 Quia
995 861 1184 918 bonus
1213 867 1414 935 pastor
1442 862 1576 936 plus
1604 879 1813 937 cogno-

155 949 342 1006 scitur
368 950 662 1022 operando
685 965 860 1022 quam
884 950 1274 1023 praedicando,
1293 951 1428 1024 plus
1447 951 1508 1007 in
1530 952 1812 1008 charitate

155 1055 340 1111 quam
367 1038 426 1093 in
458 1054 746 1106 sermone,
775 1038 908 1112 plus
939 1057 1000 1096 se
1031 1043 1089 1095 et
1117 1057 1226 1096 sua
1254 1058 1359 1114 pro
1390 1041 1669 1098 fratribus
1699 1045 1813 1096 tra-

155 1127 566 1199 dendo,quam
599 1126 722 1183 solo
755 1143 1022 1185 sermone
1051 1129 1136 1185 eis
1168 1129 1811 1201 praedicando.Majoris

153 1215 316 1273 enim
355 1215 624 1273 efficacia:
675 1220 814 1273 sunt
861 1217 922 1272 in
973 1218 1255 1290 subjectis
1301 1219 1585 1292 exempla,
1633 1235 1811 1290 quam

151 1305 353 1361 verba.
383 1306 711 1378 Propterea,
744 1307 952 1363 fratres
984 1307 1120 1376 mei,
1154 1308 1203 1364 si
1254 1309 1326 1364 ad
1375 1309 1520 1364 bene
1566 1307 1812 1380 loquen-

153 1396 323 1462 dum,
355 1393 548 1468 magis
588 1398 785 1451 tamen
835 1396 1178 1452 studeamus
1211 1398 1281 1452 ad
1317 1398 1463 1453 bene
1495 1398 1810 1470 agendum.

152 1485 224 1540 Et
247 1486 380 1556 ipse,
414 1483 626 1556 inquit,
657 1487 882 1541 evanuit
907 1487 976 1541 ab
1013 1487 1184 1542 oculis
1230 1502 1436 1543 eorum.
1471 1487 1583 1542 Sed
1635 1503 1815 1560 quare

153 1573 466 1640 Dominus,
503 1573 712 1629 fratres
771 1573 1122 1642 charissimi,
1155 1575 1460 1648 discipulis
1507 1575 1632 1632 suis
1683 1575 1818 1632 fecit

153 1664 356 1717 tamen
388 1661 559 1717 breve
589 1661 896 1734 gaudium,
924 1667 989 1718 ut
1019 1680 1152 1718 mox
1182 1664 1422 1737 agnitus
1451 1680 1586 1720 mox
1614 1681 1816 1720 evane-

154 1751 392 1807 sceret?
419 1750 492 1806 Ut
533 1766 632 1806 eos
683 1756 920 1824 propter
963 1752 1246 1825 gaudium
1277 1757 1334 1808 et
1363 1770 1532 1810 suam
1563 1754 1814 1810 tardita-

152 1843 277 1896 tem
309 1839 571 1896 nondum
614 1839 826 1912 dignos
871 1840 1168 1914 longa‘sui
1195 1842 1416 1898 visione
1447 1843 1814 1898 demonstra-

155 1935 268 1996 ret,
300 1934 366 1984 ut
393 1945 491 1985 eos
521 1929 817 2002 propriam
875 1930 1210 1986 tarditatem
1260 1947 1532 1988 accusare
1581 1931 1812 1999 faceret,

155 2023 228 2074 ut
257 2018 341 2075 eis
372 2017 692 2092 agilitatem
734 2022 791 2074 et
838 2017 1164 2075 libertatem
1213 2025 1434 2076 naturae
1482 2021 1814 2093 glorificataa

157 2109 610 2174 demonstraret,
644 2107 703 2162 in
735 2107 819 2164 eis
867 2109 1062 2181 majus
1093 2108 1186 2165 sui
1215 2110 1573 2166 desiderium
1606 2127 1817 2166 accen-

156 2197 343 2254 deret.
397 2196 558 2252 Unde
615 2200 672 2253 et
729 2196 1004 2254 subditur
1049 2215 1147 2254 eos
1195 2199 1460 2256 dixisse:
1496 2201 1684 2256 Nonne
1725 2215 1818 2256 cor

155 2294 405 2343 nostrum
435 2285 630 2342 ardens
659 2294 777 2342 erat
805 2288 864 2342 in
892 2288 1049 2344 nobis
1072 2288 1138 2345 de
1161 2291 1290 2346 Iesu
1320 2289 1452 2361 (44),
1479 2287 1612 2344 dum
1641 2290 1818 2361 loque-

157 2384 317 2433 retur
343 2376 497 2432 nobis
528 2378 586 2431 in
617 2377 726 2441 via,
760 2384 812 2432 et
856 2378 1094 2450 aperiret
1121 2379 1279 2434 nobis
1325 2379 1635 2450 Scripturas
1658 2381 1686 2432 ?
1713 2379 1816 2432 Ar-

158 2466 308 2521 dens
339 2464 577 2537 quidem
626 2468 752 2520 erat
797 2481 898 2521 cor
947 2483 1148 2522 eorum
1198 2467 1269 2522 de
1315 2467 1478 2534 Jesu,
1508 2468 1650 2522 dum
1681 2483 1816 2522 eum

158 2557 548 2626 exponentem
577 2553 906 2626 Scripturas
928 2555 1218 2624 audirent,
1238 2557 1340 2612 sed
1363 2556 1663 2612 ardentius
1687 2556 1816 2627 fuit,

160 2645 307 2700 dum
339 2643 576 2716 agnitus
607 2643 678 2699 ab
710 2643 892 2700 oculis
923 2661 1125 2699 eorum
1155 2644 1409 2700 evanuit.
1424 2645 1540 2701 Nos
1563 2662 1817 2718 quoque,

161 2733 374 2788 fratres
405 2731 540 2801 mei,
574 2748 708 2787 cum
740 2733 1014 2789 audimus
1059 2733 1357 2790 Christum
1389 2733 1449 2790 in
1499 2733 1818 2806 Seripturis

159 2821 526 2894 loquentem,
559 2821 829 2878 ardentes
860 2838 1011 2894 saepe
1040 2839 1266 2878 sumus.
1303 2823 1434 2890 Sed,
1469 2823 1516 2879 si
1548 2840 1650 2896 per
1681 2839 1817 2880 con-

157 2909 630 2984 templationem,
661 2909 748 2966 vel
779 2928 882 2983 per
929 2911 1187 2983 aliquam
1237 2911 1644 2968 revelationem
1691 2913 1818 2984 ejus

160 2999 535 3056 dulcedinem
583 2999 843 3073 apertius
889 3003 1220 3074 gustamus,
1257 3005 1476 3073 quanto
1509 3002 1697 3074 magis
1727 3019 1817 3058 ar-

161 3089 459 3146 dentiores
487 3089 822 3145 efﬁcimur?
847 3090 960 3146 Sed
991 3091 1225 3162 quando
1256 3090 1382 3164 ipse
1411 3095 1636 3146 remota
1665 3091 1821 3146 nube

1919 509 2168 577 defectu,
2203 509 2484 564 securitas
2515 509 2641 564 sine
2670 512 2850 574 metu,
2881 508 3001 563 vita
3040 508 3167 564 sine
3197 514 3403 576 morte,
3434 511 3569 565 bea-

1917 597 2107 653 titudo
2139 597 2265 652 sine
2296 597 2529 653 ﬁne.Ad
2564 614 2740 670 quam
2771 597 3053 668 perducat
3071 596 3180 653 hos
3200 597 3573 671 omnipotens

1920 690 1976 742 et
2003 686 2338 743 misericors
2368 686 2672 743 Dominus.
2703 688 2906 742 Amen.

2506 828 2811 884 HOMILIA
2850 829 2988 884 LIV.

2267 935 2542 974 DOMINICA
2581 935 2764 974 PRIMA
2802 935 2941 974 POST
2979 935 3214 974 PASCHA.

1994 1041 2162 1098 Omne
2202 1042 2344 1114 quod
2397 1051 2590 1098 natum
2639 1050 2716 1098 est
2771 1058 2840 1098 ex
2893 1043 3022 1107 Deo,
3079 1043 3255 1098 vincit
3307 1041 3575 1098 mundum

1923 1131 2096 1203 (Ioan.
2129 1130 2204 1203 v),
2255 1134 2364 1186 etc.
2415 1131 2722 1198 Quoniam,
2775 1131 2982 1187 fratres
3030 1130 3168 1198 mei,
3219 1129 3574 1203 quibusdam

1921 1235 2093 1292 grave
2139 1219 2369 1276 videtur
2422 1220 2651 1276 vincere
2710 1219 2996 1276 malitiam
3045 1219 3272 1289 mundi,
3321 1219 3578 1276 ostendit

1918 1308 2254 1381 Apostolus,
2286 1309 2346 1366 in
2378 1309 2487 1365 hac
2540 1309 2806 1377 lectione,
2852 1308 3044 1382 primo
3093 1309 3228 1381 quis
3275 1309 3354 1365 sit
3395 1308 3582 1366 victor

1922 1398 2154 1455 mundi.
2185 1399 2452 1454 Secundo
2485 1415 2587 1470 per
2617 1415 2742 1471 quas
2771 1399 2968 1454 vincat
3009 1415 3166 1454 eum.
3201 1398 3395 1454 Tertio
3443 1415 3576 1471 pro-

1922 1487 2024 1543 bat
2053 1487 2406 1544 testimoniis
2435 1505 2566 1543 eum
2601 1492 2832 1543 tantum
2855 1491 2912 1544 et
2939 1487 3117 1544 talem
3140 1504 3268 1544 esse
3289 1486 3390 1559 qui
3411 1503 3578 1542 muns

1923 1577 2064 1632 dum
2095 1576 2282 1650 possit
2307 1577 2557 1632 vincere.
2593 1576 2920 1633 Ostendens
2951 1593 3086 1650 ergo
3118 1576 3308 1649 primo
3339 1575 3471 1648 quis
3502 1575 3580 1632 sit

1920 1665 2104 1721 victor
2132 1666 2360 1734 mundi,
2395 1667 2523 1722 ait:
2557 1669 2730 1726 Omne
2777 1665 2918 1738 quod
2960 1673 3156 1722 natum
3202 1674 3281 1722 est
3327 1683 3396 1722 ea:
3444 1670 3575 1735 Deo,

1923 1757 2095 1810 vincit
2123 1755 2408 1810 mundum.
2444 1755 2594 1811 Sunt
2637 1759 2852 1822 autem,
2887 1755 3095 1811 fratres
3139 1755 3274 1822 mei,
3305 1759 3425 1810 tres
3470 1772 3578 1810 na-

1922 1842 2196 1911 tivitates,
2231 1843 2422 1916 prima
2441 1842 2656 1909 divina,
2681 1843 2940 1899 secunda
2968 1843 3240 1912 carnalis,
3263 1843 3435 1898 tertia
3464 1842 3579 1914 spi-

1923 1931 2170 1988 ritualis.
2203 1931 2539 1988 Secundum
2573 1931 2846 2004 primam,
2881 1935 3054 1988 natus
3102 1936 3193 1988 est
3240 1933 3312 1988 ab
3363 1937 3576 1988 aeterno

1924 2019 2296 2076 inell‘abiliter
2324 2025 2381 2076 et
2409 2021 2526 2076 Deo
2558 2020 2724 2076 Patre
2753 2020 2856 2076 Dei
2889 2020 3068 2076 Filius
3093 2039 3106 2089 ;
3135 2021 3461 2076 secundum
3492 2035 3579 2076 se-

1925 2109 2199 2178 cundam,
2250 2109 2513 2164 nascitur
2558 2107 2817 2180 quotidie
2867 2109 3177 2165 carnaliter
3223 2109 3294 2164 de
3340 2109 3579 2165 homine

1924 2197 2135 2265 homo;
2171 2198 2492 2254 secundum
2524 2197 2778 2261 tertiam,
2807 2197 3066 2270 quotidie
3113 2215 3216 2270 per
3263 2215 3477 2271 aquam
3521 2202 3580 2254 et

1925 2287 2207 2360 Spiritum
2240 2286 2725 2354 sanctum,homo
2755 2303 2958 2342 servus
2990 2286 3209 2359 peccati
3231 2286 3576 2353 renascitur,

1925 2381 1991 2431 ut
2019 2375 2095 2431 sit
2124 2376 2430 2448 adoptivus
2457 2375 2558 2431 Dei
2589 2375 2788 2432 Filius.
2811 2376 2891 2430 De
2921 2375 3112 2448 prima
3137 2375 3278 2431 dicit
3306 2376 3476 2432 Pater
3504 2376 3578 2432 ad

1925 2463 2132 2520 Filium
2167 2482 2179 2520 :
2211 2467 2347 2520 Ante
2395 2466 2688 2536 luciferum
2715 2467 2886 2534 genui
2912 2473 2962 2520 te
2991 2465 3162 2532 (Psal.
3209 2466 3342 2533 CIX).
3376 2465 3456 2520 De
3489 2481 3580 2521 se-

1927 2555 2120 2609 cunda
2149 2553 2287 2608 dicit
2336 2553 2520 2608 David
2557 2569 2568 2608 :
2601 2555 2666 2609 In
2707 2556 2944 2625 peccatis
2989 2555 3229 2626 concepit
3273 2569 3360 2608 me
3403 2560 3583 2610 mater

1925 2660 2045 2700 mea
2076 2643 2246 2714 (Psal.
2283 2643 2356 2714 L).
2391 2642 2472 2698 De
2501 2641 2673 2697 tertia
2703 2641 2920 2697 dicitur
2945 2659 2960 2697 :
2989 2647 3259 2715 Quotquot
3283 2651 3466 2699 autem
3495 2658 3580 2698 re-

1926 2739 2183 2804 ceperunt
2234 2747 2378 2799 eum,
2429 2729 2650 2786 scilicet
2696 2729 3018 2797 Christum,
3058 2731 3206 2787 dedit
3233 2734 3312 2788 eis
3357 2739 3583 2804 potestw

1927 2830 2032 2877 tem
2060 2821 2204 2891 ﬁlios
2235 2822 2331 2875 Dei
2359 2821 2523 2890 ﬁeri;
2551 2820 2636 2875 his
2667 2821 2765 2892 qui
2811 2819 3038 2875 credunt
3084 2822 3146 2875 in
3190 2822 3414 2877 nomine
3440 2822 3578 2894 ejus,

1927 2911 2025 2981 qui
2053 2927 2161 2966 non
2191 2925 2261 2964 ex
2286 2910 2672 2978 sanguinibus,
2718 2925 2892 2981 neque
2932 2925 3004 2964 ea:
3050 2909 3326 2966 voluntate
3371 2911 3576 2977 carnis,

1926 2999 2018 3054 sed
2047 3015 2116 3054 ea:
2144 2999 2250 3054 Deo
2278 2999 2402 3053 nati
2427 3005 2558 3054 sunt
2586 2998 2763 3068 (Ioan.
2799 2999 2904 3069 In).
2939 2999 3161 3068 Itaque,
3202 2998 3410 3054 fratres
3440 2998 3579 3066 mei,

1928 3088 2180 3144 carnalis
2220 3087 2536 3160 generatio,
2569 3086 2710 3159 quia
2756 3087 2822 3142 ﬁt
2868 3103 2971 3160 per
3019 3085 3312 3143 carnalem
3361 3104 3580 3143 concu-

160 3178 331 3234 dabit
360 3195 422 3234 se
452 3178 622 3234 nobis
652 3178 797 3234 facie
828 3179 899 3233 ad
932 3179 1137 3234 faciem
1191 3179 1252 3234 in
1301 3183 1582 3234 aeternum
1611 3179 1815 3247 videri,
1848 3169 1890 3236 C
1929 3177 2298 3250 piscentiam,
2323 3194 2438 3232 non
2468 3175 2648 3232 vincit
2671 3176 2879 3231 mundi
2906 3175 3579 3248 concupiscentiam,sed

163 3271 387 3341 quanto
419 3265 628 3340 magis,
653 3267 882 3337 fratres,
909 3271 1048 3325 tunc
1078 3268 1299 3324 erimus
1331 3267 1728 3324 ardentissimi
1758 3268 1817 3324 in

161 3372 366 3414 amore
393 3357 522 3428 ejus
541 3357 570 3412 ‘?

238 3444 513 3517 Sequitur
545 3461 681 3517 pars
713 3449 894 3514 sexta,
927 3444 987 3501 in
1019 3463 1136 3518 qua
1165 3463 1227 3502 se
1256 3445 1572 3501 Dominum
1603 3445 1820 3503 vidisse

161 3538 476 3592 recurrunt
503 3549 638 3590 eum
669 3535 972 3608 discipulis
1003 3535 1292 3591 nuntiare.
1327 3535 1371 3592 Ο
1407 3552 1541 3592 vera
1565 3535 1819 3591 eharitas

159 3639 419 3696 veraque
450 3622 805 3692 fraternitas,
840 3640 1016 3695 quam
1047 3639 1154 3680 nec
1201 3640 1364 3680 caena
1395 3624 1680 3696 apposita,
1714 3641 1820 3680 nec

163 3728 285 3767 nox
315 3711 543 3767 instans
573 3711 763 3784 potuit
795 3712 1108 3778 retardare,
1143 3711 1286 3784 quin
1331 3712 1611 3785 gaudium
1644 3729 1818 3768 suum

166 3803 536 3856 recurrerent
577 3817 712 3856 mox
751 3800 1140 3856 confratribus
1187 3800 1310 3856 suis
1353 3801 1817 3858 communicare!

167 3889 288 3956 Sic,
321 3890 530 3945 fratres
561 3889 699 3956 mei,
732 3889 817 3945 sic
855 3889 1025 3946 debet
1071 3889 1258 3946 facere
1287 3907 1421 3946 vera
1448 3890 1724 3959 eharitas,
1755 3895 1822 3946 ut

166 3977 454 4051 gaudium
467 3977 870 4050 prosperitatis
882 3995 1000 4033 sua:
1012 3979 1360 4050 quantocius
1373 3978 1611 4036 festinet
1630 3979 1820 4035 amico

163 4065 461 4133 nuntiare,
477 4071 542 4122 ut
557 4066 772 4139 pariter
785 4068 1079 4139 gaudeant
1098 4068 1197 4140 qui
1215 4085 1341 4124 sese
1358 4068 1576 4140 pariter
1598 4072 1816 4124 amant.

159 4155 369 4227 Itaque
396 4163 677 4225 surgentes
703 4155 890 4213 eadem
917 4157 1072 4224 hora,
1121 4159 1327 4213 reversi
1353 4165 1482 4214 sunt
1516 4159 1572 4212 in
1599 4157 1820 4214 Ierusa-

160 4245 293 4309 lem,
323 4253 375 4301 et
409 4247 737 4302 invenerunt
781 4254 1130 4316 congregatos
1177 4246 1449 4313 undecim,
1499 4253 1551 4302 et
1593 4263 1678 4303 eos
1725 4248 1822 4318 qui

153 4350 284 4390 cum
316 4335 452 4407 ipsis
481 4342 660 4402 erant,
691 4334 926 4392 dicentes
963 4337 1091 4408 quia
1114 4337 1354 4392 surrexit
1383 4337 1645 4392 Dominus
1673 4352 1816 4402 vere,

150 4431 214 4480 et
241 4426 501 4497 apparuit
529 4426 760 4481 Simoni.
783 4426 850 4481 Et
870 4427 981 4497 ipsi
997 4427 1304 4481 narrabant
1333 4440 1458 4498 qua:
1484 4433 1636 4494 gesta
1663 4433 1820 4481 erant

149 4514 222 4569 in
263 4514 376 4580 via,
427 4521 477 4569 et
535 4513 796 4584 quomodo
851 4521 1217 4584 cognoverunt
1269 4530 1394 4570 eum
1442 4516 1504 4572 in
1549 4516 1819 4586 fractione
1845 4537 1892 4602 D

145 4605 340 4676 panis.
372 4602 517 4657 Hinc
563 4606 622 4657 et
664 4601 800 4658 inde
848 4603 1159 4659 manifesta
1205 4601 1420 4660 Christi
1468 4603 1812 4659 resurrectio

151 4707 442 4749 novorum
473 4689 738 4746 cumulat
763 4692 1071 4748 materiam
1093 4692 1464 4765 gaudiorum,
1480 4696 1536 4748 et
1555 4709 1815 4748 commu-

160 4779 316 4836 niter
357 4780 637 4852 gaudent,
672 4779 772 4852 qui
823 4796 1196 4836 communem
1247 4781 1540 4854 gaudendi
1575 4798 1816 4837 causam

159 4868 404 4924 habent.
438 4867 531 4924 Sic
562 4868 690 4936 erit,
726 4868 932 4924 fratres
964 4868 1100 4931 mei,
1131 4869 1191 4923 in
1239 4868 1342 4925 illa
1388 4870 1642 4942 generali
1681 4872 1818 4926 bea-

161 4960 364 5011 torum
396 4956 838 5014 resurrectione.
873 4957 1214 5013 Communis
1264 4975 1440 5014 causa
1483 4960 1821 5016 communia

166 5043 386 5119 gaudia
413 5045 733 5117 generabit.
762 5047 833 5102 Et
862 5062 1233 5102 communem
1263 5045 1498 5118 quidem
1531 5048 1657 5105 dico
1688 5065 1822 5104 cau-

164 5149 318 5198 sam,
345 5150 523 5190 unam
556 5133 616 5189 in
645 5133 920 5192 omnibus
951 5133 1316 5202 charitatem,
1336 5152 1462 5208 quae
1493 5137 1664 5193 faciet
1693 5155 1820 5210 pro-

163 5222 296 5296 pria
317 5221 687 5296 singulorum
709 5223 862 5280 bona
882 5241 986 5298 per
1005 5223 1348 5280 charitatem
1369 5226 1644 5282 omnibus
1667 5244 1819 5284 com-

160 5311 390 5368 munia.
421 5311 574 5368 Dum
627 5311 877 5386 quisque
922 5313 1143 5371 amabit
1189 5311 1433 5387 gloriam
1483 5319 1713 5371 tantum
1755 5315 1816 5373 in

156 5399 448 5474 proximo,
481 5406 770 5473 quantum
802 5402 862 5458 in
894 5403 1231 5476 semetipso.
1269 5403 1355 5458 Ad
1385 5401 1485 5459 illa
1514 5419 1670 5478 ergo,
1701 5405 1815 5462 fra-

156 5493 282 5550 tres
314 5489 666 5561 charissimi,
701 5491 1047 5550 festinemus
1077 5491 1311 5567 gaudia,
1345 5491 1446 5549 ubi
1492 5493 1602 5550 erit
1631 5493 1818 5567 gloria

233 5578 348 5659 (44)
376 5578 551 5656 Vulg.
585 5596 704 5640 non
732 5579 870 5640 hab.
904 5583 976 5642 de
1001 5584 1151 5644 Iesu.

1928 3267 1979 3322 ei
2009 3267 2454 3322 confcederatur.
2486 3264 2622 3322 Sola
2650 3263 2846 3320 divina
2888 3264 3182 3333 nativitas,
3216 3268 3274 3321 et
3303 3264 3581 3337 spiritua-

1927 3355 2000 3412 lis
2030 3354 2322 3420 nativitas,
2356 3355 2497 3426 quia
2543 3352 2810 3410 fortiores
2860 3357 3001 3410 sunt
3046 3353 3288 3422 mundo,
3336 3353 3582 3410 vincunt

1927 3445 2238 3500 mundum.
2273 3443 2435 3498 Unde
2465 3441 2750 3498 Dominus
2779 3442 2860 3498 ait
2893 3459 2906 3497 :
2943 3443 3006 3498 1η
3033 3442 3238 3499 mundo
3265 3459 3580 3515 pressuram

1927 3534 2218 3602 habebitis,
2247 3532 2339 3588 sed
2365 3533 2634 3604 conﬁdite,
2667 3533 2800 3604 quia
2827 3548 2921 3602 ego
2947 3533 3060 3588 vici
3084 3531 3354 3588 mundum
3389 3535 3576 3602 (Ioan.

1925 3625 2061 3692 xw).
2095 3623 2206 3678 Sed
2234 3621 2415 3677 Filius
2444 3621 2544 3677 Dei
2579 3619 2862 3677 naturalis
2893 3637 2996 3693 per
3025 3637 3088 3676 se
3117 3625 3175 3676 et
3203 3619 3424 3677 viribus
3454 3621 3579 3678 suis

1925 3711 2104 3768 vincit
2133 3712 2444 3778 mundum,
2481 3708 2636 3766 ﬁlius
2674 3727 2806 3766 vero
2863 3709 2959 3765 Dei
2990 3710 3299 3782 adoptivus
3331 3727 3445 3766 non
3477 3727 3581 3783 per

1929 3801 2126 3870 se,sed
2159 3817 2262 3873 per
2291 3799 2502 3855 Filium
2535 3798 2861 3854 naturalem
2892 3799 3070 3854 vincit
3091 3799 3577 3856 mundum.Unde

1927 3889 2107 3946 Filius
2139 3890 2239 3945 Dei
2271 3887 2555 3944 naturalis
2585 3887 2722 3942 filiis
2770 3887 3056 3960 adoptivis
3103 3887 3247 3943 dixit
3279 3905 3292 3942 :
3323 3889 3454 3944 Sine
3490 3906 3579 3946 me

1925 3981 2072 4035 nihil
2115 3980 2335 4051 potestis
2390 3982 2572 4049 facere
2625 3977 2781 4049 (Ioan
2837 3979 2950 4045 xv).
3002 3977 3324 4045 Quomodo,
3369 3979 3577 4034 fratres

1929 4069 2066 4134 mei,
2083 4065 2426 4122 Vincentius
2456 4070 2514 4121 et
2542 4065 2914 4132 Laurentius,
2938 4065 3244 4137 ceterique
3270 4070 3574 4138 martyres,

1927 4157 2028 4230 qui
2059 4157 2262 4228 utique
2291 4159 2456 4212 erant
2500 4171 2632 4210 caro
2677 4153 2922 4226 fragilis,
2973 4159 3214 4227 possent
3254 4159 3340 4211 tot
3389 4158 3578 4212 tenta-

1927 4249 2127 4302 menta
2154 4249 2212 4300 et
2239 4248 2530 4300 tormenta
2581 4243 2785 4298 mundi
2832 4243 3080 4310 vincere,
3113 4244 3228 4300 nisi
3276 4243 3431 4300 Deus
3478 4261 3578 4302 eos

1925 4338 2235 4400 armasset,
2269 4336 2326 4388 et
2355 4349 2459 4405 per
2505 4349 2604 4388 eos
2652 4331 2934 4388 vicisset?
2979 4332 3346 4390 Nullomodo.
3397 4335 3577 4391 Nemo

1927 4423 2106 4497 igitur
2149 4422 2314 4479 fortis
2362 4421 2618 4478 confidat
2655 4421 2726 4477 de
2771 4421 2997 4477 viribus
3041 4421 3325 4495 propriis;
3359 4439 3496 4478 nam
3527 4423 3578 4479 si

1927 4513 2035 4569 hoc
2068 4512 2223 4578 facit,
2257 4511 2527 4567 vincitur.
2548 4511 2676 4583 Ipse
2707 4510 2934 4583 primus
2964 4515 3165 4583 pastor
3193 4511 3417 4578 Petrus,
3435 4513 3578 4568 dum

1923 4603 1994 4658 de
2023 4619 2085 4658 se
2115 4599 2438 4674 praesumit,
2473 4599 2738 4672 negando
2770 4599 3008 4655 corruit.
3041 4599 3366 4656 Ostendens
3400 4601 3581 4673 igitur

1922 4691 2223 4760 apostolus
2255 4690 2406 4762 quod
2435 4688 2700 4744 Christus
2731 4685 2894 4743 solus
2912 4686 3096 4743 vincit
3117 4688 3580 4756 mundum,sub-

1923 4781 2046 4850 dit;
2079 4782 2144 4836 Et
2171 4781 2288 4836 haec
2341 4787 2418 4833 est
2463 4779 2691 4833 victoria
2739 4792 2864 4849 quae
2910 4778 3080 4832 vincit
3127 4777 3415 4846 mundum,
3447 4778 3578 4849 ﬁdes

1923 4879 2129 4936 nostra,
2161 4868 2219 4923 id
2251 4873 2340 4923 est
2370 4865 2637 4922 Christus
2670 4883 2844 4938 quem
2893 4865 3208 4922 credimus.
3240 4867 3310 4922 Et
3338 4883 3454 4922 non
3485 4884 3576 4924 so-

1927 4959 2050 5015 lum
2083 4959 2228 5032 ipse,
2258 4957 2359 5012 sed
2389 4956 2564 5011 etiam
2596 4955 2692 5010 ille
2723 4954 2823 5027 qui
2871 4955 2922 5010 ei
2971 4955 3226 5010 adhaeret
3275 4972 3411 5012 vera
3442 4957 3574 5026 ﬁde,

1925 5047 2107 5102 vincit
2149 5045 2458 5101 mundum.
2492 5043 2656 5099 Unde
2704 5047 2761 5097 et
2809 5042 3054 5098 subdit:
3088 5045 3154 5098 Et
3198 5045 3322 5114 quis
3372 5053 3451 5100 est
3481 5047 3580 5117 qui

1923 5138 2094 5192 vincit
2119 5133 2405 5200 mundum,
2437 5133 2551 5188 nisi
2579 5133 2677 5204 qui
2704 5130 2893 5197 credit,
2925 5131 3038 5187 fide
3084 5148 3188 5205 per
3232 5131 3578 5190 charitatem

1926 5228 2200 5298 operante
2234 5223 2372 5295 (Gal.
2405 5221 2484 5292 v),
2515 5222 2646 5293 quia
2679 5219 2926 5276 Christus
2955 5222 3108 5277 Iesus
3137 5228 3215 5278 est
3251 5223 3432 5278 Filius
3457 5223 3576 5278 Dei.

1926 5313 2192 5372 Secundo
2247 5328 2348 5384 per
2405 5327 2531 5382 quae
2574 5308 2840 5365 Christus
2884 5309 3080 5366 vincat
3116 5310 3429 5379 mundum,
3480 5327 3581 5366 os-

1925 5403 2110 5460 tendit
2140 5399 2446 5475 Apostolus
2477 5399 2736 5456 subdens
2770 5416 2784 5454 :
2817 5401 2916 5455 Hic
2961 5407 3041 5456 est
3086 5401 3184 5470 qui
3229 5400 3399 5465 venit,
3441 5398 3584 5454 sub-

1925 5491 2095 5552 audis
2144 5490 2370 5547 vincere
2432 5488 2742 5558 mundum,
2765 5504 2867 5562 per
2911 5505 3118 5563 aquam
3171 5497 3222 5548 et
3261 5487 3588 5560 sanguinem
