3982 6082
443 267 598 328 1963

1450 269 1846 330 ADDENDA.
1884 303 1958 312 —
1995 269 2385 330 [{ADUH’HI
2433 270 2845 332 AllDl‘INTIS.

3728 269 3904 328 {864

438 399 751 474 passionis.
785 398 998 457 Tribus
1028 400 1238 469 modis,
1274 400 1480 458 fratres
1533 401 1888 471 charissimi,
1922 401 2085 458 Chri-
2115 405 2166 471 Α
2198 401 2494 460 debemus.
2530 403 2609 457 Ac
2639 401 2688 458 si
2719 402 2937 459 diceret
2968 417 2981 458 :
3016 403 3074 459 Si
3106 401 3510 460 testimonium
3543 403 3906 458 hominum

439 495 568 547 stus
598 489 779 546 vincit
807 490 1825 562 mundum,patiendo,convertendo
1847 495 1903 547 et
1931 492 2092 546 dam-

439 580 652 636 nando.
685 579 749 635 In
781 579 969 650 primo
1001 579 1217 651 quippe
1248 581 1497 635 adventu
1547 580 1726 635 vincit
1776 580 2086 649 mundum,

437 667 897 742 persecutiones,
949 667 1352 736 contumelias,
1397 673 1454 724 et
1498 668 1726 742 ﬂagella
1774 667 2086 736 malorum,

435 756 839 830 aequanimiter
867 773 935 812 ea
967 757 1282 812 tolerando.
1301 759 1365 812 Et
1393 758 1568 813 etiam
1592 757 1770 813 vincit
1799 757 2086 814 malitiam

435 847 849 919 quorumdam,
883 863 986 918 per
1046 845 1390 902 charitatem
1447 864 1545 902 eos
1593 848 1978 903 convertendo
2031 851 2088 902 et

432 936 875 993 sanctiﬁcando.
912 935 1236 1010 Utrumque
1265 953 1419 999 vero,
1451 937 1508 992 id
1541 941 1630 993 est
1661 937 2006 1010 patientiam
2029 940 2087 992 et

432 1025 777 1082 charitatem
809 1026 868 1081 in
899 1025 1170 1097 passione
1218 1027 1495 1082 ostendit.
1529 1027 1591 1081 In
1644 1027 1903 1082 secundo
1953 1042 2084 1082 vero

430 1115 679 1171 adventu
711 1114 902 1170 vincet
948 1115 1237 1170 mundum
1281 1133 1383 1188 per
1404 1115 1720 1186 justitiam,
1756 1115 1943 1171 malos
1973 1114 2084 1170 sci-

431 1203 566 1259 licet
609 1203 963 1271 damnando,
997 1207 1054 1259 et
1101 1203 1314 1260 electos
1364 1205 1715 1260 coronando.
1760 1204 1876 1260 Nos
1923 1220 2079 1277 ergo,

427 1293 636 1349 fratres
667 1292 803 1357 mei,
839 1292 888 1348 si
946 1292 1049 1348 ﬁlii
1080 1293 1180 1348 Dei
1229 1309 1356 1349 esse
1403 1293 1696 1360 volumus,
1745 1297 1970 1366 oportet
2019 1297 2085 1348 ut

429 1381 714 1454 unigeniti
747 1381 875 1437 Filii
931 1384 1059 1452 ejus
1096 1381 1340 1455 vestigia
1389 1398 1728 1454 sequamur.
1762 1381 2082 1438 Vincamus

427 1470 608 1544 igitur
631 1469 894 1540 exemplo
925 1469 1138 1525 Christi
1189 1472 1500 1538 mundum,
1550 1471 1609 1527 id
1659 1476 1747 1528 est
1793 1471 2081 1527 malitiam

431 1559 886 1623 mundanorum,
909 1575 1006 1614 eos
1037 1559 1444 1630 aequanimiter
1471 1559 1792 1616 tolerando.
1811 1561 1954 1616 Nam
1981 1559 2082 1631 qui

427 1647 622 1703 deficit
681 1646 740 1701 in
790 1645 1270 1703 tribulationibus
1318 1653 1376 1704 et
1418 1649 1948 1720 persecutionibus,
1981 1648 2080 1720 qui

426 1739 776 1803 murmurat,
811 1735 912 1808 qui
959 1735 1240 1792 ultionem
1289 1737 1514 1809 quaerit,
1541 1738 1667 1809 jam
1717 1755 1831 1794 non
1882 1737 2080 1806 vincit,

425 1825 527 1880 sed
559 1825 747 1880 victus
780 1829 888 1892 est,
924 1826 1249 1880 secundum
1283 1825 1424 1882 illud
1459 1843 1471 1882 :
1501 1827 1628 1882 Noli
1674 1829 1824 1882 vinci
1855 1844 1888 1882 a
1918 1828 2083 1894 malo,

423 1913 516 1969 sed
536 1915 691 1969 vince
710 1915 771 1969 in
795 1915 996 1969 bonum
1017 1914 1224 1969 malum
1245 1916 1422 1986 (Rom.
1437 1917 1558 1987 x11).
1574 1915 1892 1971 Vincamus
1908 1916 2084 1971 etiam

429 2001 714 2057 malitiam
746 2003 1204 2072 mundanorum,
1237 2020 1336 2060 eos
1367 2005 1437 2060 ad
1491 2004 1804 2060 Dominum
1847 2021 2083 2060 conver-

424 2092 599 2146 tendo
630 2092 782 2146 bono
817 2091 991 2146 verbo
1024 2097 1082 2146 et
1111 2093 1516 2166 exemplo,pro
1548 2093 1699 2150 malo
1733 2095 2084 2165 bonum,pro

426 2181 734 2236 maledicto
755 2181 1124 2236 benedictum
1142 2183 1225 2237 eis
1241 2183 1533 2238 reddendo
1547 2188 1603 2238 et
1617 2200 1718 2254 pro
1736 2182 1820 2238 eis
1841 2184 2080 2250 orando,

417 2272 589 2342 juxta
619 2269 764 2324 illud
796 2269 1056 2341 Apostoli
1082 2286 1093 2324 :
1119 2271 1466 2327 Si'csurierit
1497 2273 1756 2326 inimitus
1786 2281 1928 2338 tuus,
1960 2273 2083 2328 ciba

424 2360 582 2415 illum
607 2379 627 2425 ;
657 2360 707 2413 si
731 2360 869 2426 sitit,
896 2367 1086 2429 potum
1115 2361 1188 2415 da
1219 2361 1325 2415 illi.
1358 2363 1462 2415 Hoc
1507 2363 1654 2415 enim
1699 2363 1907 2432 facie-ns
1953 2377 2081 2416 con-

420 2463 569 2519 geres
597 2448 857 2502 carbones
887 2463 1051 2510 super
1078 2455 1240 2519 caput
1270 2449 1386 2520 ejus
1414 2449 1617 2517 (ibid).
1653 2449 1714 2503 Si
1745 2448 1852 2504 hoc
1886 2451 2078 2516 modo,

422 2537 633 2592 fratres
690 2536 826 2602 mei,
874 2536 1188 2592 vicerimus
1239 2538 1527 2592 mundum
1578 2538 1634 2592 in
1687 2538 1794 2593 hoc
1845 2538 2076 2604 εωευιο,

422 2624 624 2698 procul
659 2625 836 2681 dubio
869 2625 926 2679 in
959 2625 1155 2682 futuro
1185 2627 1486 2683 vincemus
1516 2627 1872 2682 dominando
1902 2633 1958 2683 et
1979 2629 2051 2700 ju

425 2714 674 2770 dicando
724 2714 929 2781 malos,
966 2715 1064 2787 qui
1094 2714 1188 2771 hic
1219 2732 1253 2772 a
1283 2715 1506 2771 malitia
1538 2733 1645 2772 sua
1673 2716 1926 2772 converti
1977 2733 2079 2772 no-

424 2803 683 2860 luerunt.
731 2803 1026 2876 Scriptum
1072 2809 1161 2860 est
1204 2805 1359 2861 enim
1395 2823 1407 2861 :
1439 2806 1504 2862 Et
1531 2805 1964 2862 dominabuntur
1991 2822 2078 2862 eo-

423 2910 549 2948 rum
569 2893 711 2965 justi
751 2894 810 2948 in
841 2895 1116 2949 matutino
1145 2895 1319 2963 (Psal.
1352 2893 1569 2967 XLVIII),
1594 2895 1651 2950 id
1685 2898 1773 2951 est
1801 2895 1862 2950 in
1892 2912 2081 2951 resur-

423 2981 700 3038 rectione.
715 2981 878 3038 Unde
899 2985 954 3038 et
976 2981 1260 3038 Dominus
1282 2983 1553 3056 promisit
1583 2983 1885 3055 discipulis
1917 2985 2075 3040 suis:

427 3072 562 3126 Cum
589 3067 808 3137 sederit,
842 3071 1056 3143 inquit,
1084 3071 1265 3127 Filius
1293 3074 1532 3128 hominis
1561 3075 1619 3128 in
1649 3074 1928 3144 majestate
1956 3091 2077 3144 sua,

422 3159 674 3216 sedebitis
703 3167 755 3216 et
782 3177 871 3216 vos
915 3176 1077 3232 super
1103 3161 1251 3216 sedes
1281 3160 1584 3226 duodecim,
1608 3161 1918 3233 judicantes
1947 3161 2078 3218 duo-
2109 3151 2151 3218 C

423 3249 598 3305 decim
629 3250 804 3305 tribus
834 3249 1004 3305 Israel
1036 3250 1255 3321 (Matth.
1301 3253 1440 3318 xxx).
1473 3249 1663 3305 Tertio
1692 3267 1825 3306 vero
1870 3250 2080 3323 probat

426 3337 726 3410 apostolus
756 3338 910 3410 quod
943 3337 1211 3394 Christus
1242 3337 1378 3394 talis
1408 3343 1465 3394 et
1495 3342 1694 3395 tantus
1723 3344 1832 3406 est,
1857 3339 1955 3411 qui
1979 3356 2082 3412 per

424 3444 488 3483 se
519 3427 809 3482 mundum
864 3427 1094 3482 vincere
1145 3428 1352 3498 possit,
1402 3428 1662 3484 subdens
1694 3445 1707 3484 :
1738 3428 1976 3500 Spiritus
2003 3437 2080 3485 est

423 3518 574 3573 enim
603 3517 700 3586 qui
729 3516 1050 3585 testiﬁcatur
1078 3518 1336 3586 quoniam
1373 3517 1618 3572 Christus
1646 3525 1725 3572 est
1768 3519 1985 3584 veritas,
2018 3517 2076 3572 id

422 3609 513 3660 est
559 3622 731 3660 verus
780 3604 956 3667 Deus,
990 3609 1047 3658 et
1103 3621 1273 3659 verus
1323 3604 1517 3660 homo.
1565 3605 1817 3676 Spiritus
1863 3605 2079 3677 quippe

425 3697 688 3760 sanctus,
722 3691 823 3766 qui
851 3692 910 3746 in
942 3692 1134 3764 specie
1164 3692 1444 3747 columba:
1476 3693 1636 3747 venit
1655 3710 1832 3765 super
1852 3698 2080 3759 eum,et

425 3781 523 3853 qui
560 3780 631 3836 ab
662 3781 790 3852 ipso
820 3780 1042 3836 missus
1072 3784 1160 3835 est
1184 3797 1361 3852 super
1390 3780 1704 3853 apostolos,
1734 3781 2081 3839 testificatur

423 3870 703 3943 quoniam
735 3869 1006 3926 Christus
1037 3873 1126 3926 est
1155 3870 1387 3936 veritas,
1420 3869 1478 3924 id
1509 3875 1598 3926 est
1625 3887 1796 3926 verus
1827 3871 2078 3937 Deus,et

421 3961 664 4034 spiritus
695 3961 1016 4026 humanus,
1050 3977 1224 4033 quem
1256 3959 1452 4016 emisit
1481 3958 1540 4014 in
1585 3959 1876 4032 passione,
1914 3961 2074 4016 testi-

420 4051 646 4119 ficatur,
682 4050 959 4122 quoniam
993 4049 1262 4106 Christus
1292 4053 1380 4104 est
1411 4048 1645 4117 veritas,
1677 4049 1736 4104 id
1767 4053 1856 4105 est
1904 4067 2075 4106 verus

418 4139 753 4195 homo.Nisi
775 4139 933 4195 enim
955 4157 1126 4195 verus
1157 4139 1332 4195 homo
1362 4143 1536 4208 esset,
1567 4156 1767 4195 verum
1798 4138 2072 4211 Spiritum

420 4232 478 4284 et
505 4244 702 4284 veram
733 4244 969 4282 carnem
1002 4244 1118 4282 non
1150 4226 1410 4283 haberet.
1444 4228 1514 4284 Et
1545 4244 1659 4282 non
1692 4231 1922 4284 tantum
1954 4227 2074 4300 spi-

416 4317 567 4372 ritus
595 4315 706 4372 hoc
751 4317 1122 4384 testiﬁcatur,
1155 4315 1274 4372 imo
1323 4315 1499 4372 etiam
1528 4321 1647 4372 tres
1677 4315 1831 4373 idem
1861 4317 2073 4372 testifi-

419 4407 646 4462 cantur.
682 4405 950 4474 Quoniam
979 4413 1084 4461 tres
1111 4413 1240 4461 sunt
1273 4407 1371 4479 qui
1398 4407 1793 4464 testimonium
1840 4407 1983 4462 dant
2013 4407 2073 4462 in

416 4496 556 4552 caelo
576 4514 595 4550 :
625 4498 828 4563 Pater,
865 4495 1144 4560 Verbum,
1175 4503 1231 4549 et
1257 4493 1508 4566 Spiritus
1533 4501 1790 4552 sanctus.
1815 4494 1883 4549 Hi
1914 4495 2070 4550 enim
2104 4523 2148 4588 D

417 4588 538 4640 tres
569 4583 958 4639 testificantur
987 4583 1045 4638 in
1078 4583 1352 4652 Jordane,
1383 4587 1439 4639 et
1485 4584 1543 4638 in
1589 4588 1785 4640 monte
1815 4583 2068 4654 Thabor,

419 4671 558 4745 quia
587 4671 855 4728 Christus
877 4676 968 4728 est
988 4689 1158 4728 verus
1189 4671 1363 4728 Deus.
1383 4675 1460 4727 Et
1482 4672 1549 4730 hi
1571 4681 1689 4729 tres
1715 4690 1895 4730 unum
1917 4681 2072 4743 sunt,

421 4779 538 4819 non
568 4766 799 4817 tantum
832 4761 891 4817 in
947 4761 1306 4829 testimonio,
1342 4761 1443 4816 sed
1493 4762 1668 4818 etiam
1709 4762 1767 4818 in
1797 4765 2070 4821 essentia.

419 4855 496 4907 Et
525 4860 643 4907 tres
669 4860 802 4907 sunt
832 4853 935 4924 qui
963 4851 1368 4906 testimonium
1411 4851 1558 4906 dant
1601 4853 1664 4907 in
1691 4857 1882 4920 terra,
1917 4855 2071 4924 quod

420 4939 686 4996 Christus
713 4941 790 4996 sit
818 4957 990 4996 verus
1023 4939 1218 5007 homo,
1252 4937 1515 5010 spiritus,
1541 4956 1692 5012 aqua
1721 4945 1776 4996 et
1807 4942 2073 5014 sanguis,

418 5027 686 5084 videlicet
718 5029 960 5101 spiritus
990 5029 1309 5095 humanus,
1334 5032 1392 5084 et
1415 5045 1585 5100 aqua,
1615 5032 1672 5085 et
1701 5031 1942 5103 sanguis
1972 5031 2072 5104 qui

421 5116 718 5172 ﬂuxerunt
749 5118 818 5172 de
849 5117 1028 5174 latere
1059 5117 1292 5174 Christi.
1341 5118 1404 5172 Et
1437 5117 1504 5172 hi
1531 5126 1650 5174 tres
1694 5135 1869 5174 unum
1916 5131 2071 5188 sunt,

419 5204 704 5263 subaudis
736 5204 796 5260 in
852 5207 1206 5272 testimonio,
1241 5210 1299 5262 et
1347 5205 1476 5262 ideo
1524 5207 1879 5264 credendum
1908 5210 2074 5266 testi—

422 5293 619 5351 monio
650 5309 873 5349 eorum.
905 5297 973 5351 Si
1011 5296 1374 5362 testimonio,
1403 5293 1616 5366 inquit,
1649 5295 1950 5354 hominum
1978 5315 2074 5355 ac-

331 5404 335 5408 ·
421 5385 697 5456 cipimus,
731 5384 1057 5440 secundum
1089 5384 1244 5456 quod
1277 5383 1563 5456 scriptum
1592 5388 1681 5441 est
1709 5385 1768 5442 in
1800 5386 1926 5460 lege
1957 5405 1970 5444 :
2012 5390 2076 5448 Ut

422 5475 489 5529 in
513 5489 614 5530 ore
653 5474 909 5531 duorum
938 5473 1033 5528 vel
1077 5474 1260 5530 trium
1289 5477 1398 5528 stet
1425 5489 1593 5530 omne
1621 5476 1855 5532 verbum
1887 5479 2071 5545 (Deut.

422 5561 538 5641 xxx)
573 5578 588 5622 :
621 5561 1026 5625 testimonium
1068 5560 1190 5633 Dei,
1227 5561 1382 5637 quod
1432 5563 1626 5637 maius
1675 5568 1784 5637 est,
1815 5565 2074 5645 accipere

2114 1780 2162 1844 B

2200 491 2298 564 qui
2331 491 2534 563 utique
2565 491 2796 547 mentiri
2819 492 3662 565 possunt,recipimus,multo
3689 491 3902 564 magis

2198 581 2606 636 testimonium
2635 581 2760 647 Dei,
2793 581 2893 654 qui
2942 580 3173 638 mentiri
3206 599 3322 638 non
3351 587 3568 654 potest,
3609 583 3898 654 recipere

2197 669 2501 724 debemus.
2533 669 2678 733 Quia
2703 669 2885 742 igitur
2913 669 3179 726 Christus
3208 687 3380 726 verus
3407 673 3499 726 est
3530 671 3740 734 Deus,
3767 676 3902 725 tan-

2196 760 2294 813 tus
2322 761 2412 814 est
2441 758 2540 830 qui
2569 758 2714 814 bene
2762 758 2950 832 potuit
2997 759 3226 815 vincere
3270 760 3585 815 mundum.
3627 760 3711 814 Et
3747 760 3898 830 quia

2193 863 2368 902 verus
2399 851 2488 902 est
2521 847 2718 918 homo,
2754 847 2890 904 talis
2923 852 3014 903 est
3042 848 3144 920 qui
3175 833 3377 920 potuit
3419 865 3526 921 pro
3577 865 3660 904 eo
3722 848 3892 904 redi-

2195 935 2408 991 mendo
2435 935 2576 1008 pati.
2623 936 2738 992 Nos
2786 953 3040 1009 quoque,
3083 937 3310 1006 fratres,
3354 936 3400 992 si
3450 937 3560 992 ﬁlii
3610 937 3734 992 Dei
3789 954 3892 1008 per

2192 1025 2442 1096 gratiam
2475 1042 2701 1090 sumus,
2717 1029 2774 1081 et
2803 1024 2853 1080 si
2883 1025 3310 1081 humanitatem
3344 1031 3616 1082 nostram
3659 1043 3886 1098 puram

2191 1118 2246 1169 et
2279 1114 2562 1170 mundam
2592 1131 2915 1181 servamus,
2947 1115 3008 1170 in
3038 1115 3264 1171 Christo
3297 1115 3594 1170 mundum
3635 1116 3881 1170 vincere

2192 1202 2537 1274 poterimus.
2573 1205 2688 1274 Qui
2712 1204 2920 1272 credit,
2956 1203 3168 1274 inquit,
3191 1205 3256 1259 in
3285 1204 3504 1260 Filium
3536 1204 3881 1274 Dei,habet

2190 1293 2587 1347 testimonium
2617 1293 2722 1348 Dei
2747 1293 2808 1346 in
2833 1308 2913 1360 se,
2933 1291 2990 1346 id
3013 1297 3103 1348 est
3132 1309 3252 1348 rem
3285 1293 3701 1361 testiﬁcatam,
3721 1292 3884 1347 Chri-

2191 1384 2348 1436 stum
2379 1380 2646 1436 videlicet
2675 1385 2730 1436 et
2761 1381 2890 1452 ejus
2919 1381 3118 1436 fidem.
3160 1381 3346 1438 Habet
3370 1381 3552 1437 etiam
3586 1383 3878 1437 testimo-

2190 1468 2356 1524 nium
2388 1469 2488 1524 Dei
2518 1470 2576 1524 in
2609 1487 2694 1538 se,
2726 1475 2790 1526 ut
2819 1469 3041 1526 scilicet
3068 1470 3473 1526 testimonium
3527 1487 3659 1543 quo
3709 1471 3880 1525 testi-

2192 1559 2400 1614 ﬁcatus
2434 1562 2524 1614 est
2551 1559 2722 1614 Pater
2749 1559 2820 1614 de
2851 1557 3012 1625 Filio,
3055 1559 3211 1631 quod
3243 1558 3423 1615 Filius
3462 1560 3597 1630 ejus
3657 1560 3750 1615 sit
3779 1577 3882 1632 per

2191 1652 2484 1716 naturam,
2511 1648 2858 1704 testiﬁcetur
2887 1649 2957 1705 de
2989 1665 3343 1722 unoquoque
3372 1649 3689 1717 credente,
3719 1649 3876 1722 quod

2194 1737 2270 1791 sit
2300 1735 2480 1792 Filius
2511 1738 2638 1808 ejus
2683 1753 2785 1808 per
2830 1737 3102 1810 gratiam.
3135 1738 3356 1810 Itaque,
3388 1738 3603 1794 fratres
3649 1739 3802 1803 mei,
3835 1739 3877 1792 si

2195 1841 2389 1881 veram
2437 1826 2608 1882 fidem
2658 1825 3060 1896 habuerimus,
3093 1827 3151 1882 in
3197 1845 3266 1883 ea
3310 1827 3515 1882 mundi
3567 1827 3877 1883 malitiam

2193 1913 2421 1969 vincere
2479 1914 2827 1987 poterimus,
2885 1916 3172 1986 quosdam
3224 1915 3515 1972 malorum
3575 1917 3773 1972 verbo
3827 1923 3878 1974 et

2193 2001 2456 2076 exemplo
2485 2002 2790 2072 vincendo,
2824 2008 2881 2059 et
2909 2005 2980 2059 ad
3012 2003 3309 2060 Christum
3354 2005 3678 2071 trahendo,
3723 2005 3877 2061 alios

2194 2110 2297 2164 per
2324 2092 2666 2164 patientiam
2717 2093 3124 2165 aequanimiter
3169 2092 3490 2160 tolerando,
3527 2101 3587 2149 et
3630 2095 3699 2150 in
3734 2113 3872 2166 pro-

2194 2183 2410 2236 fectum
2470 2186 2737 2237 nostrum
2803 2199 3004 2237 eorum
3075 2181 3361 2238 malitiam
3433 2186 3868 2248 convertenda,

2193 2270 2338 2325 alios
2371 2275 2426 2325 et
2457 2270 2834 2340 dijudicando
2885 2276 2940 2326 et
2989 2273 3334 2343 separando,
3367 2277 3426 2326 et
3463 2272 3560 2328 hic
3594 2291 3633 2327 a
3668 2275 3866 2328 socie—

2192 2363 2307 2414 tate
2357 2359 2646 2428 Ecclesiaa,
2680 2365 2736 2416 et
2793 2360 2851 2414 in
2913 2361 3111 2415 futuro
3168 2361 3502 2416 damnando
3561 2368 3624 2418 et
3689 2379 3864 2434 sepa-

2192 2449 2374 2504 rando
2408 2466 2441 2503 a
2473 2455 2808 2504 sanctorum
2857 2449 3152 2505 societate.
3204 2450 3268 2504 Et
3300 2451 3381 2506 ita
3429 2452 3548 2506 veri
3599 2451 3862 2506 victores

2191 2538 2397 2592 mundi
2455 2555 2587 2592 cum
2648 2538 2878 2594 Christo
2931 2542 2988 2593 et
3046 2539 3400 2611 martyribus
3446 2541 3599 2610 ejus,
3636 2541 3858 2596 trium-

2189 2626 2373 2699 phum
2404 2625 2657 2682 victoriee
2689 2625 3066 2699 accipiemus,
3101 2627 3224 2698 ipso
3254 2633 3569 2699 praestante
3617 2629 3729 2700 qui
3771 2631 3856 2684 vi-

2187 2715 2270 2770 vit
2300 2718 2358 2770 et
2387 2719 2592 2788 regnat
2633 2715 2787 2770 Deus
2834 2732 2938 2788 per
2981 2715 3182 2772 omnia
3210 2715 3422 2772 saecula
3469 2715 3854 2773 saeculorum.

2188 2805 2394 2860 Amen.

2783 2892 3081 2948 HOMILIA
3121 2893 3234 2949 LV.

2538 2998 2812 3037 DOMINICA
2856 2999 3037 3037 PRIMA
3076 2999 3215 3038 POST
3253 2999 3491 3051 PASCHA.

2261 3071 2397 3127 Cum
2423 3087 2543 3127 sero
2571 3078 2706 3127 esset
2730 3071 2819 3126 die
2846 3072 2964 3138 illo,
3015 3088 3128 3127 una
3175 3071 3561 3140 Sabbatorum,
3611 3081 3668 3129 et
3710 3076 3852 3145 fore:

2187 3169 2362 3216 essent
2391 3161 2613 3227 clausae,
2649 3159 2745 3215 ubi
2771 3168 2930 3215 erant
2957 3158 3221 3232 discipuli
3265 3165 3584 3232 congregati
3625 3175 3852 3236 propter

2188 3258 2392 3305 metum
2439 3248 2776 3316 Iudaeorum,
2809 3251 2954 3304 stetit
3007 3250 3159 3306 Iesus
3214 3252 3275 3306 in
3330 3251 3508 3306 medio
3553 3268 3775 3318 eorum,
3805 3262 3853 3308 et

2191 3337 2333 3394 dixit
2359 3339 2440 3395 eis
2469 3356 2488 3393 :
2517 3339 2640 3392 Pax
2669 3337 2818 3393 vobis
2875 3338 3052 3409 (Joan.
3105 3339 3218 3411 xx).
3274 3339 3438 3394 Sicut
3483 3356 3558 3395 ex
3601 3340 3852 3398 lectione

2187 3431 2524 3484 sanctorum
2569 3425 3010 3499 Evangeliorum
3059 3427 3423 3500 collegimus,
3457 3428 3676 3486 fratres
3718 3430 3850 3486 cha-

2192 3516 2432 3583 rissimi,
2467 3533 2566 3571 sex
2595 3515 2820 3572 vicibus
2860 3515 3144 3572 Dominus
3173 3518 3447 3590 apparuit
3476 3517 3610 3590 ipsa
3637 3519 3740 3576 die
3769 3537 3849 3575 re-

2187 3605 2589 3662 surrectionis.
2624 3605 2821 3660 Primo
2851 3605 3042 3661 Mariae
3077 3606 3452 3680 Magdalena-z,
3480 3612 3548 3662 ut
3588 3608 3845 3666 Joannes

2187 3694 2380 3761 refert,
2415 3693 2670 3749 secundo
2719 3693 2830 3765 ipsi
2872 3693 2925 3749 et
2976 3692 3109 3748 aliis
3154 3694 3386 3750 duabus
3424 3694 3789 3754 mulieribus
3815 3716 3844 3753 ι

2185 3786 2568 3837 monumento
2601 3781 3002 3848 redeuntibus,
3036 3782 3108 3838 de
3140 3783 3358 3854 quibus
3387 3785 3682 3857 scriptum
3715 3793 3838 3842 est:

2187 3871 2327 3940 Quia
2355 3879 2693 3927 accesserunt
2721 3879 2773 3927 et
2801 3879 3094 3927 tenuerunt
3117 3872 3277 3944 pedes
3306 3875 3445 3945 ejus,
3476 3883 3530 3930 et
3575 3876 3838 3931 adorare-

2183 3968 2311 4015 ruat
2338 3976 2461 4016 eum
2500 3959 2718 4029 (Matth.
2750 3959 2971 4032 xxvm).
3002 3960 3192 4016 Tertio
3221 3961 3460 4030 Jacobo,
3491 3967 3560 4018 ut
3609 3971 3840 4037 aposto-

2183 4048 2277 4104 lus
2315 4048 2508 4115 refert,
2542 4049 2612 4103 de
2643 4065 2756 4120 quo
2787 4048 2964 4104 etiam
2996 4052 3196 4105 narrat
3227 4050 3606 4123 Evangelium
3657 4054 3842 4109 Naza-

2181 4153 2410 4203 renam,
2444 4136 2583 4210 quia
2611 4137 2917 4194 devoverat
2946 4155 3008 4194 se
3035 4155 3151 4194 non
3208 4145 3614 4197 comesturum
3660 4143 3842 4201 donec

2179 4227 2401 4282 videret
2447 4243 2583 4282 eum
2633 4227 3041 4283 resurrexisse.
3091 4227 3307 4291 Quarto
3334 4229 3590 4300 duobus,
3641 4231 3705 4288 id
3738 4237 3839 4300 est,

2183 4316 2241 4372 in
2272 4316 2366 4372 via
2385 4316 2689 4372 Emmaus.
2721 4314 2934 4380 Quinto
2964 4317 3170 4386 Petro;
3206 4323 3369 4374 sexto
3398 4335 3532 4376 vero
3566 4323 3842 4379 omnibus

2183 4408 2390 4476 praeter
2418 4403 2702 4460 Thomam
2733 4405 3102 4477 congregatis
3133 4406 3316 4473 domi,
3350 4410 3416 4463 ut
3442 4407 3539 4463 hic
3586 4409 3842 4468 Joannes

2184 4493 2376 4550 refert.
2411 4493 2527 4548 Nos
2558 4508 2718 4565 ergo,
2749 4492 2979 4560 fratres,
3011 4493 3202 4566 primo
3233 4513 3360 4568 qua
3409 4496 3483 4552 ad
3533 4497 3840 4556 historiam

2183 4581 2492 4654 pertinent,
2514 4581 2768 4637 secundo
2791 4599 2804 4650 ;
2829 4599 2956 4654 qua
2989 4583 3061 4638 ad
3091 4583 3481 4656 tropologiam
3511 4587 3836 4644 videamus.

2183 4673 2254 4728 Et
2281 4671 2453 4743 juxta
2500 4669 2809 4725 historiam
2861 4671 3099 4743 quidem
3149 4672 3361 4745 ingerit
3409 4672 3504 4730 hic
3555 4675 3838 4733 Dominus

2182 4761 2464 4835 gaudium
2495 4776 2614 4815 suae
2644 4759 3090 4816 resurrectionis
3148 4761 3455 4835 discipulis
3499 4765 3653 4833 suis,
3686 4783 3751 4821 se
3789 4771 3840 4822 et

2181 4867 2313 4906 vere
2343 4847 2734 4905 resurrexisse
2766 4848 2969 4904 multis
3014 4851 3224 4922 prohat
3271 4853 3665 4924 argumentis.
3701 4856 3838 4911 Sunt

2183 4944 2377 4996 autem
2412 4937 2591 5008 hujus
2621 4936 2888 4994 lectionis
2926 4943 3179 5010 quatuor
3207 4945 3422 5012 partes.
3457 4941 3662 4999 Primo
3693 4945 3836 5001 enim

2181 5027 2509 5085 ostenditur
2537 5026 2842 5093 Dominus,
2869 5028 3076 5099 januis
3105 5027 3341 5096 clausis,
3374 5029 3696 5103 discipulis
3729 5035 3835 5089 suis

2184 5115 2564 5190 apparuisse;
2617 5117 2873 5172 secundo
2924 5117 3064 5189 quid
3125 5117 3430 5190 discipulis
3489 5122 3832 5190 contulerit;

2184 5207 2373 5274 tertio,
2391 5204 2684 5278 quomodo
2707 5203 3070 5260 dubitantem
3094 5205 3453 5280 discipulum
3475 5209 3537 5264 in
3570 5211 3694 5267 ﬁde
3723 5229 3835 5267 cou-

2183 5294 2535 5361 ﬁrmaverit;
2569 5298 2801 5366 quarto,
2833 5293 3121 5367 discipulo
3152 5295 3292 5368 quia
3331 5296 3480 5353 vidit
3525 5299 3834 5357 conﬁdenti

2182 5388 2385 5443 beatos
2424 5382 2634 5440 asserit
2681 5381 2783 5456 qui
2831 5401 2947 5439 non
3007 5385 3279 5441 viderunt
3333 5391 3392 5442 et
3437 5389 3830 5446 crediderunt.

2180 5475 2376 5534 Primo
2409 5471 2590 5546 igitur
2617 5471 2758 5528 dicit
2786 5473 3145 5547 evangelista
3169 5475 3486 5532 Dominum
3534 5477 3831 5554 discipulis

2183 5563 2528 5643 apparuisse
2549 5560 2755 5636 januis
2775 5560 3012 5637 clausis.
3025 5563 3192 5636 Unde
3211 5563 3398 5626 oritur
3419 5568 3682 5654 quastio
