3982 6082
115 297 143 354 1
157 296 278 356 865

804 295 1158 355 ΗΟΜΙΙᾸΕ
1203 295 1279 354 lN
1324 295 1576 356 EPIST.
1623 295 1727 356 ET
1764 294 2048 355 EVANG.
2096 297 2446 357 DOMINIC.
2479 328 2556 341 --
2587 297 2784 358 PARS
2829 299 2878 357 l.

111 419 322 498 tiplex,
348 426 538 499 primo
564 427 855 498 quomodo
884 442 1086 482 verum
1111 443 1322 498 corpus
1354 425 1464 482 fuit
1501 428 1652 499 quod
1678 427 1769 498 ja-
1799 426 1855 493 Α
1888 426 2217 494 exhibebat,
2248 427 2442 500 qualis
2473 429 2545 484 ab
2572 429 2678 498 eis,
2703 427 2905 496 videri,
2939 426 3184 501 palpari,
3217 428 3427 496 audiri,
3458 430 3545 488 lo-

114 515 255 571 nuis
285 515 501 572 clausis
535 515 852 571 intraverit.
867 515 968 570 Vel
1002 516 1050 571 si
1085 517 1212 571 ideo
1244 515 1354 571 fuit
1384 515 1528 571 illud
1561 534 1772 589 corpus
1882 515 2003 588 qui,
2024 521 2080 571 et
2098 517 2401 572 comedere
2431 522 2648 590 posset.
2670 517 2817 572 Vere
2842 533 2978 591 ergo
3006 517 3078 573 ab
3111 516 3194 574 eis
3214 517 3541 590 videbatur,

112 603 334 660 subtile
356 605 510 676 quod
531 604 736 674 januis
759 603 975 660 clausis
997 603 1312 669 intraverit,
1340 605 1630 678 quomodo
1653 623 1774 661 cor-

112 693 418 766 poralibus
449 693 632 749 oculis
663 693 843 749 videri
874 693 963 748 vel
995 693 1269 750 manibus
1300 693 1534 749 tractari
1566 699 1769 766 potue-

1879 622 2010 661 vere
2048 606 2420 678 palpabatur,
2445 623 2576 661 vere
2615 606 2984 678 loquebatur,
3008 623 3139 663 vere
3169 606 3538 680 audiebatur,

1876 710 2011 749 vere
2051 695 2409 751 comedebat.
2440 695 2616 751 Cibus
2644 700 2838 751 tamen
2872 693 2968 752 ille
2990 713 3102 751 non
3125 696 3536 766 descendebat,

113 783 315 851 rit,vel
349 783 642 856 quomodo
683 783 936 856 potuerit
965 782 1305 855 loqui,cum
1352 783 1423 838 ad
1473 784 1771 854 grossiora
1879 799 1944 839 eo
1978 785 2133 855 quod
2168 783 2350 840 nostri
2401 785 2787 853 descendunt,
2812 786 2908 842 sed
2941 784 3002 840 in
3051 785 3180 858 ipsa
3226 802 3534 843 consume-

112 876 171 928 et
219 873 558 928 humidiora
604 872 909 928 conveniat
935 872 1217 928 membra.
1242 872 1541 936 Quomodo
1589 871 1768 928 etiam

113 979 329 1036 corpus
359 961 771 1036 gloriﬁcatum,
793 977 926 1016 cum
958 961 1034 1016 sit
1076 959 1442 1032 splendidius
1482 959 1620 1028 sole,
1656 960 1767 1016 hu-

113 1051 278 1108 mani
308 1049 461 1107 oculi
504 1054 820 1124 potuerunt
851 1049 1157 1106 sustinere.
1183 1050 1480 1113 Quomodo
1513 1053 1570 1105 et
1599 1067 1765 1105 man-

114 1141 436 1207 ducaverit,
460 1139 751 1213 quomodo
781 1142 838 1194 et
867 1155 1067 1194 verum
1117 1155 1329 1211 corpus
1383 1138 1574 1208 fuerit,
1610 1139 1765 1211 quod

113 1249 274 1288 nunc
303 1246 600 1304 apparere,
634 1245 789 1284 nunc
839 1243 1181 1284 evanescere
1228 1228 1500 1300 potuerit.
1533 1229 1617 1284 Ad
1665 1229 1766 1284 ho-

115 1338 248 1377 rum
299 1318 672 1382 solutionem,
722 1317 933 1373 fratres
990 1316 1124 1381 mei,
1175 1316 1619 1390 intelligendum
1678 1322 1766 1373 est

115 1411 271 1484 quod
304 1409 363 1464 in
394 1405 817 1464 resurrectione
861 1423 1074 1478 corpus
1121 1410 1343 1478 septem
1395 1406 1565 1462 donis
1595 1408 1762 1463 deco-

116 1500 359 1556 rabitur.
390 1496 654 1553 Primum
701 1493 812 1551 erit
859 1494 1174 1550 subtilitas.
1203 1495 1358 1550 Adeo
1409 1495 1565 1550 enim
1622 1500 1763 1552 tunc

117 1587 329 1646 subtile
360 1585 469 1643 erit
516 1601 748 1657 corpus,
779 1584 934 1656 quod
965 1583 1257 1639 obstantia
1289 1600 1530 1656 corpora
1579 1585 1764 1657 possit

115 1682 450 1752 penetrare,
508 1690 613 1729 nec
669 1671 918 1727 vinculis
976 1689 1082 1728 nec
1140 1671 1410 1728 claustris
1469 1673 1760 1745 prohiberi

115 1771 308 1840 queat.
328 1759 491 1820 Unde
519 1766 575 1818 et
605 1778 816 1834 corpus
864 1760 1077 1817 Christi
1127 1760 1538 1834 gloriﬁcatum,
1572 1761 1764 1834 potuit

115 1856 312 1912 clauso
342 1852 609 1926 sepulcro
631 1849 805 1917 exire,
827 1848 1376 1922 clausisquejanuis
1401 1850 1638 1906 intrare.
1664 1851 1766 1907 Se-

115 1945 372 2000 cundum
407 1941 518 1998 erit
553 1939 858 2007 velocitas;
892 1955 1027 1993 nam
1085 1941 1256 1994 tanta:
1285 1937 1610 1995 velocitatis
1657 1939 1766 1995 erit

116 2049 326 2106 corpus
355 2030 766 2105 gloriﬁcatum,
789 2028 942 2099 quod
985 2027 1042 2081 in
1089 2032 1384 2084 momento
1417 2029 1486 2084 de
1519 2027 1659 2084 ccelo
1691 2030 1763 2084 ad

107 2121 394 2189 terras,de
421 2117 593 2176 terris
627 2118 699 2172 ad
733 2115 944 2172 coelum
998 2116 1068 2171 de
1121 2116 1342 2172 oriente
1373 2117 1432 2172 in
1464 2133 1760 2185 occasum,

113 2211 204 2267 vel
235 2227 264 2266 e
292 2223 567 2266 converso
609 2205 692 2260 ire
739 2204 942 2276 possit.
974 2203 1112 2258 llinc
1145 2207 1234 2260 est
1264 2206 1418 2276 quod
1479 2205 1763 2262 Dominus

118 2315 406 2373 apparens
453 2296 684 2351 duobus
715 2295 774 2348 in
808 2293 1085 2348 Emmaus
1108 2293 1256 2365 (Luc.
1293 2294 1464 2364 xxnv),
1492 2311 1624 2349 mox
1656 2312 1763 2368 ap-

117 2391 309 2462 paruit
330 2387 495 2442 Petrc
521 2383 582 2439 in
621 2381 968 2450 Jerusalem,
993 2399 1126 2436 cum
1158 2382 1286 2438 loca
1317 2382 1618 2455 sexaginta
1648 2388 1762 2439 sta-

115 2479 228 2536 diis
273 2477 507 2532 distent.
547 2471 811 2529 Tertium
869 2470 977 2526 erit
1025 2470 1562 2543 incorruptibilitas.
1597 2474 1761 2528 Tunc

111 2567 268 2625 enim
301 2579 544 2638 corpora
572 2579 687 2618 non
733 2563 1007 2633 poterunt
1056 2559 1371 2632 corrumpi,
1399 2577 1502 2616 nec
1551 2565 1760 2630 morte,

110 2673 218 2715 nec
264 2654 447 2721 senio,
480 2668 587 2708 nec
631 2651 855 2717 morbo,
890 2665 995 2704 nec
1043 2648 1258 2721 gladio,
1293 2666 1398 2704 nec
1449 2650 1622 2716 fame,
1655 2667 1759 2706 nec

107 2746 228 2814 siti,
253 2761 356 2800 nec
387 2741 583 2814 aliquo
615 2738 1006 2795 incommodo.
1033 2738 1194 2793 Unde
1214 2738 1468 2794 Joannes
1494 2756 1506 2792 :
1530 2739 1760 2794 Abster-

106 2840 207 2912 get
240 2836 387 2890 Deus
419 2847 651 2888 omnem
692 2828 1010 2900 lacrymam
1063 2827 1134 2882 ab
1185 2826 1370 2883 oculis
1421 2831 1756 2883 sanctorum

102 2926 292 2998 (Apoc.
330 2925 467 2991 xxi),
489 2924 596 2976 etc.
622 2918 785 2974 Unde
825 2917 1093 2984 Christus,
1129 2915 1339 2988 inquit,
1372 2932 1660 2986 resurgens
1690 2933 1760 2973 ea:

102 3015 338 3072 mortuis
376 3011 495 3082 jam
545 3024 656 3064 non
694 3008 932 3063 moritur
975 3006 1149 3075 (Rom.
1181 3005 1281 3075 v1).
1314 3007 1597 3071 Quartum
1649 3005 1759 3060 erit

104 3102 408 3161 fortitudo.
431 3101 597 3156 Tunc
627 3097 783 3154 enim
813 3099 987 3150 tanta:
1012 3094 1372 3150 fortitudinis
1405 3094 1515 3149 erit
1545 3111 1756 3166 corpus

1881 873 2054 928 batur
2085 873 2506 930 masticatione.

1947 961 2228 1033 Sequitur
2273 979 2410 1034 pars
2449 962 2725 1029 secunda,
2759 961 2818 1017 in
2851 979 2968 1035 qua
3013 962 3342 1018 ostenditur
3386 963 3529 1036 quid

1876 1050 2160 1106 Dominus
2207 1051 2266 1106 in
2313 1051 2422 1106 hac
2453 1050 2820 1123 apparitione
2867 1049 3178 1107 contulerit
3223 1050 3530 1124 discipulis

1877 1139 2023 1196 suis.
2059 1140 2320 1196 Primum
2358 1140 2596 1212 quidem
2629 1139 2910 1212 quoniam
2944 1139 3137 1196 moesti
3175 1144 3362 1207 erant,
3390 1157 3528 1196 con-

1875 1227 2014 1285 tulit
2036 1228 2119 1285 eis
2141 1227 2622 1298 consolationem,
2639 1228 2722 1284 eis
2746 1228 3170 1296 annuntiando,
3189 1245 3324 1285 cum
3347 1228 3529 1293 dixit:

1873 1323 1997 1374 Pan:
2024 1318 2193 1373 vobis.
2218 1319 2320 1372 Est
2349 1316 2505 1373 enim
2538 1334 2603 1373 ac
2637 1316 2686 1372 si
2719 1317 2953 1374 diceret.
2978 1317 3103 1372 Non
3128 1316 3393 1385 deleatis,
3427 1317 3527 1374 sed

1873 1407 2068 1479 potius
2125 1409 2393 1479 gaudete,
2419 1408 2722 1479 quoniam,
2764 1424 2867 1480 per
2919 1407 3252 1480 passionem
3311 1424 3528 1476 meam,

1875 1513 1985 1568 pax
2017 1496 2168 1552 inter
2201 1501 2383 1553 Deum
2419 1500 2474 1552 et
2503 1495 2805 1552 hominem
2832 1500 2921 1553 est
2952 1497 3284 1552 reformata.
3309 1496 3528 1554 Deinde

1875 1584 2154 1656 quoniam
2189 1585 2483 1641 missurus
2516 1588 2641 1640 erat
2683 1585 3002 1658 discipulos
3032 1585 3102 1642 ad
3144 1584 3294 1642 hanc
3326 1586 3528 1660 praedi-

1873 1675 2222 1742 candum,et
2251 1675 2498 1730 daturus
2529 1679 2654 1730 erat
2688 1675 2771 1731 eis
2803 1678 3150 1748 potestatem
3182 1673 3401 1748 ligandi
3435 1680 3526 1733 at-

1874 1779 1986 1835 que
2019 1763 2301 1833 solvendi,
2324 1765 2631 1820 conﬁrmat
2673 1781 2792 1833 eos,
2816 1764 3007 1837 primo
3039 1765 3096 1819 in
3129 1763 3242 1822 ﬁde
3271 1781 3525 1822 resurre-

1873 1852 2385 1920 ctionis,secundo
2418 1853 2603 1925 aperit
2646 1853 2731 1910 eis
2785 1869 3046 1920 sensum,
3062 1853 3232 1925 juxta
3281 1853 3520 1924 Lucam,

1873 1945 1937 1997 ut
1957 1941 2348 2015 intelligerent
2378 1942 2710 2014 Scripturas
2732 1943 2882 2012 (Luc.
2903 1945 3076 2012 xxxv).
3100 1941 3294 1999 Tertio
3319 1943 3524 2016 praeci-

1873 2030 1957 2103 pit
1986 2048 2084 2087 eos
2117 2048 2251 2086 cum
2284 2031 2400 2087 Deo
2451 2035 2508 2086 et
2551 2047 2686 2086 cum
2727 2031 2990 2104 proximo
3021 2047 3222 2104 pacem
3251 2036 3311 2088 et
3338 2031 3524 2090 chari-

1870 2123 2048 2176 tatem
2092 2120 2325 2175 habere.
2355 2122 2569 2186 Quarto
2601 2137 2701 2176 eos
2745 2119 2927 2176 mittit
2955 2120 3027 2176 ad
3059 2119 3518 2194 praedicandum.

1871 2209 2084 2275 Quinto
2108 2208 2191 2264 eis
2213 2209 2434 2265 confert
2459 2208 2741 2282 Spiritum
2777 2213 3068 2282 sanctum,
3088 2213 3146 2266 et
3174 2209 3259 2267 sic
3288 2211 3361 2267 ad
3391 2210 3521 2268 ulti-

1873 2314 2035 2353 mum
2065 2298 2166 2353 dat
2198 2298 2283 2354 eis
2313 2297 2530 2372 ligandi
2563 2302 2738 2370 atque
2769 2297 3029 2354 solvendi
3062 2302 3431 2370 potestatem.
3451 2299 3523 2357 Et

1870 2387 2059 2460 primo
2092 2387 2328 2459 quidem
2362 2387 2785 2455 convenienter,
2813 2403 2961 2459 quos
2991 2387 3062 2442 ad
3094 2386 3352 2444 ofﬁcium
3383 2405 3524 2463 prae-

1870 2475 2180 2531 dicationis
2209 2479 2266 2531 et
2297 2475 2606 2555 sacerdotii
2638 2475 2931 2532 missurus
2963 2479 3105 2542 erat,
3127 2475 3188 2530 in
3231 2475 3346 2532 ﬁde
3385 2492 3522 2533 con-

1870 2565 2085 2630 ﬁrmat,
2103 2564 2378 2637 quoniam
2415 2565 2602 2637 primo
2627 2563 2684 2619 in
2719 2581 2780 2620 se
2811 2564 2982 2620 debet
3011 2580 3138 2621 esse
3169 2564 3398 2632 ﬁrmus,
3423 2564 3522 2637 qui

1869 2657 1958 2709 est
1979 2653 2124 2709 alios
2143 2653 2946 2709 conﬁrmaturus.Conﬁrmat
2967 2657 3164 2710 autem
3181 2669 3280 2708 eos
3302 2652 3362 2708 in
3385 2653 3524 2723 ﬁde,

1868 2760 2003 2799 cum
2036 2743 2120 2798 eis
2152 2758 2364 2797 manus
2394 2747 2450 2798 et
2479 2741 2634 2797 latus
2665 2743 3048 2798 demonstrat.
3080 2742 3152 2798 Et
3188 2742 3522 2813 cum,juxta

1869 2833 2110 2898 Lucam,
2133 2847 2267 2887 cum
2305 2830 2390 2886 eis
2432 2831 2748 2886 manducat
2776 2831 2981 2899 (ibid.),
3009 2831 3324 2887 ostendens
3354 2829 3514 2888 illam

1865 2922 2132 2978 eamdem
2188 2936 2442 2989 carnem,
2477 2936 2605 2991 quae
2664 2918 2891 2976 conﬁxa
2943 2918 3072 2988 fuit,
3105 2918 3512 2989 resurrexissc,

1865 3028 1992 3083 qua:
2022 3009 2276 3065 rediviva
2304 3013 2360 3064 et
2389 3008 2626 3064 tractari
2659 3011 2852 3081 potest
2891 3012 2948 3064 et
2977 3006 3220 3080 epulari.
3244 3007 3511 3064 Secundo

1863 3114 1994 3153 vero
2047 3095 2454 3152 convenienter
2509 3095 2737 3168 aperuit
2785 3093 3090 3168 discipulis
3137 3112 3400 3163 sensum,
3445 3100 3512 3153 ut

103 3192 521 3268 gloriﬁcatum,
557 3187 712 3260 quod
745 3189 974 3241 montes
1004 3173 1200 3239 etiam'
1226 3183 1414 3256 possit
1460 3188 1748 3254 evertere;
1781 3171 1825 3238 C
1860 3184 2252 3257 intelligerent
2291 3183 2644 3255 Scripturas,
2677 3184 2955 3256 quoniam
2996 3186 3097 3257 qui
3129 3183 3274 3240 alios
3304 3185 3506 3242 doctu-

105 3282 262 3358 quod
287 3296 443 3336 nunc
460 3276 698 3350 angelos
720 3291 890 3348 posse
909 3273 1225 3329 credimus.
1242 3272 1404 3328 Unde
1423 3276 1478 3327 et
1497 3273 1751 3345 lapidem

105 3373 182 3429 ab
214 3369 359 3426 ostio
393 3363 780 3430 monumenti,
804 3363 904 3435 qui
935 3361 1101 3418 valde
1130 3379 1380 3434 magnus
1412 3367 1559 3430 erat,
1582 3363 1753 3434 quasi

103 3461 369 3535 plumam
392 3455 634 3531 angelus
652 3470 807 3509 unus
828 3451 1048 3507 evertit.
1065 3451 1343 3518 Quintum
1365 3451 1477 3508 erit
1500 3451 1755 3524 pulchri-

101 3549 482 3606 tudo.Tantaa
514 3544 672 3600 enim
719 3539 1194 3614 pulchritudinis,
1216 3544 1510 3611 tantisque
1557 3540 1751 3612 glorizn

101 3644 246 3695 tunc
276 3637 385 3693 erit
413 3649 645 3706 corpus,
675 3635 736 3686 ut
761 3629 979 3703 fulgeat
1009 3628 1163 3684 sicut
1194 3628 1279 3684 sol
1303 3629 1454 3700 (Sap.
1479 3628 1754 3698 m).Unde

100 3730 164 3782 et
194 3724 474 3781 Dominus
507 3739 518 3777 :
556 3721 883 3790 Fulgebunt,
935 3716 1148 3789 inquit,
1190 3719 1334 3789 justi
1380 3719 1521 3773 sicut
1566 3719 1647 3773 sol
1694 3719 1755 3773 in

99 3816 260 3871 domo
289 3815 475 3870 Patris
502 3813 614 3866 mei
652 3807 857 3879 (Matth.
881 3811 1023 3874 xm).
1057 3807 1127 3861 Et
1175 3806 1224 3862 si
1275 3805 1540 3879 gloriam,
1575 3823 1753 3879 quam

99 3904 389 3962 Dominus
421 3902 491 3957 ad
535 3899 741 3955 horam
799 3895 1053 3952 ostendit
1109 3895 1169 3950 in
1228 3900 1446 3962 monte,
1480 3894 1754 3952 mortales

100 3992 257 4049 oculi
301 3990 590 4048 sustinere
632 4004 748 4043 non
797 3989 1132 4058 potuerunt,
1166 3985 1458 4056 quomodo
1507 3984 1754 4057 gloriam

99 4083 234 4153 ejus
253 4077 559 4155 gloriﬁcati
585 4077 731 4132 ferre
763 4074 1046 4148 possent?
1067 4078 1304 4129 Sextum
1337 4072 1446 4130 erit
1467 4073 1752 4146 voluptas.

101 4174 272 4228 Tunc
303 4170 459 4228 enim
491 4183 694 4224 omnes
725 4164 983 4237 corporei
1017 4179 1226 4219 sensus
1261 4163 1412 4219 veris
1441 4167 1497 4218 et
1527 4163 1757 4219 aeternis

99 4257 506 4332 voluptatibus
552 4253 1020 4311 delectabantur.
1052 4252 1230 4308 Visus
1277 4251 1661 4308 delectabitur
1698 4252 1756 4307 in

100 4347 418 4422 splendore
441 4350 669 4401 aeterna;
693 4341 994 4398 claritatis.
1017 4340 1268 4396 Auditus
1299 4340 1356 4396 in
1389 4341 1554 4396 suavi
1585 4340 1760 4397 melo-

103 4438 209 4493 dia
230 4437 582 4510 hymnorum
605 4431 1184 4489 coelestiumﬂustus
1217 4430 1274 4484 in
1305 4429 1613 4486 dulcedine
1645 4447 1756 4486 cce-

1864 3293 1965 3331 rus
1998 3278 2105 3343 est,
2130 3291 2244 3330 non
2278 3272 2469 3329 solum
2501 3273 2675 3328 ﬁdem
2704 3273 2875 3328 debet
2903 3272 3137 3343 habere,
3161 3274 3262 3330 sed
3292 3277 3348 3330 et
3377 3289 3507 3330 eam

1863 3363 2217 3421 testimoniis
2249 3361 2682 3435 Scripturarum
2715 3363 2888 3418 debet
2927 3362 2988 3418 in
3029 3361 3174 3419 alias
3204 3363 3511 3420 conﬁrma-

1863 3469 1953 3521 re;
1985 3460 2048 3507 ut
2075 3450 2359 3517 videlicet,
2390 3451 2561 3522 juxta
2591 3450 2747 3522 quod
2792 3451 2994 3508 Petrus
3042 3451 3144 3519 ait,
3165 3453 3238 3508 sit
3279 3459 3512 3525 paratus

1862 3541 1926 3597 de
1954 3557 2018 3597 ea
2047 3540 2151 3611 ﬁde
2180 3548 2229 3595 et
2275 3556 2386 3612 spe,
2421 3555 2546 3612 qua:
2577 3541 2637 3594 in
2665 3540 2822 3596 nobis
2849 3548 2946 3608 est,
2979 3539 3200 3596 reddere
3246 3542 3514 3597 rationem

1861 3633 1917 3701 (Ι
1942 3636 2088 3686 Petr.
2115 3631 2221 3698 III).
2246 3629 2317 3684 Et
2346 3627 2475 3696 hoc,
2501 3628 2709 3684 fratres
2741 3628 2878 3695 mei,
2911 3633 3114 3686 contra
3141 3628 3272 3686 illos
3303 3633 3393 3685 est
3412 3627 3514 3702 qui

1863 3720 1936 3776 ad
1966 3718 2224 3775 ofﬁcium
2275 3716 2702 3790 praedicationis
2755 3721 2811 3774 et
2866 3717 3174 3774 sacerdotii
3207 3718 3514 3787 accedunt,

1864 3825 1998 3864 cum
2030 3808 2150 3864 sint
2190 3806 2378 3880 ignari
2411 3806 3077 3878 Scripturarum.Tertio
3113 3824 3348 3880 quoque
3379 3823 3514 3864 con-

1863 3913 2005 3970 grue
2028 3895 2289 3968 praecipit
2306 3894 2614 3968 discipulis
2631 3894 2868 3963 habere,
2885 3912 2990 3968 per
3008 3895 3516 3965 charitatem,cum

1863 3986 1978 4042 Deo
2004 3990 2060 4041 et
2089 3985 2352 4058 proximo
2375 4000 2598 4057 pacem,
2616 3983 2894 4056 quoniam
2918 3985 3018 4056 qui
3052 3985 3338 4041 Mediator
3367 3985 3516 4040 inter

1865 4075 2050 4131 Deum
2083 4077 2140 4129 et
2170 4076 2500 4146 peccatores
2541 4071 2939 4141 constituitur,
2965 4076 3191 4145 oportet
3231 4072 3422 4146 primo
3452 4076 3518 4129 ut

1864 4164 1990 4237 ipse
2023 4167 2233 4220 etcum
2258 4163 2373 4218 Deo
2397 4166 2452 4217 et
2471 4178 2606 4216 cum
2629 4160 2886 4230 homine,
2908 4179 3012 4235 per
3031 4161 3394 4232 charitatem,
3419 4179 3518 4235 pa-

1865 4252 2070 4310 ciﬁcus
2101 4256 2158 4307 et
2190 4250 2498 4306 familiaris
2537 4250 2842 4306 habeatur.
2866 4251 3011 4307 Nam
3043 4253 3338 4324 quomodo
3368 4251 3517 4309 duos

1867 4343 2139 4399 adversos
2198 4339 2570 4396 reconciliare
2621 4343 2811 4412 potest
2839 4340 2939 4412 qui
2980 4341 3052 4396 ab
3111 4345 3359 4414 utroque
3414 4357 3520 4414 per

1868 4432 2066 4488 odium
2089 4429 2175 4487 vel
2207 4446 2310 4502 per
2340 4429 2732 4502 ignorantiam
2764 4428 2988 4486 divisus
3019 4430 3149 4486 est?
3178 4429 3287 4487 hoc
3317 4434 3520 4487 contra

100 4525 346 4582 lestium
380 4525 665 4580 bonorum
689 4525 745 4577 et
770 4524 1137 4576 aeternorum.
1166 4519 1454 4576 Odoratus
1485 4519 1544 4575 in
1573 4519 1763 4576 suavi-
1794 4546 1840 4610 Β
1874 4521 2004 4578 illos
2035 4525 2123 4576 est
2152 4520 2251 4592 qui
2282 4535 2417 4574 cum
2449 4517 2568 4573 sint
2603 4519 2713 4574 Deo
2745 4518 2927 4591 ignoti
2959 4535 3062 4591 per
3094 4519 3403 4592 reprobam
3432 4518 3524 4576 vi-

99 4619 225 4672 tate
249 4614 515 4670 omnium
543 4614 876 4668 aromatum
909 4614 965 4664 et
995 4610 1528 4665 odoramentorum.
1553 4610 1764 4665 Tactus
1794 4607 1828 4610 “
1871 4615 2014 4677 tam,
2050 4626 2153 4682 pro
2185 4607 2589 4682 peccatoribus
2632 4612 2998 4680 praesumunt
3037 4607 3223 4664 facere
3253 4608 3520 4665 renonci-

101 4701 388 4760 ineffabili
410 4702 698 4758 suavitate
730 4703 786 4754 et
807 4696 1070 4752 mollitie.
1091 4697 1419 4770 Septimum
1448 4699 1557 4752 erit
1587 4697 1759 4755 liber-

101 4800 220 4849 tas.
244 4793 396 4847 Adeo
420 4791 577 4847 enim
605 4805 816 4860 corpus
851 4785 1239 4859 gloriﬁcatum
1264 4787 1371 4842 erit
1401 4787 1672 4855 liberum,
1699 4793 1764 4844 ut

106 4899 182 4939 ea
198 4897 322 4952 qua
338 4880 506 4936 nobis
525 4875 1180 4940 contrariavidentur,in
1201 4892 1328 4946 quae
1351 4876 1519 4932 nobis
1545 4894 1604 4932 sc
1626 4895 1762 4950 pos-

108 4971 192 5028 sit
210 4970 769 5035 ostendere,ut,cum
791 4965 870 5021 sit
888 4963 1100 5019 subtile
1122 4964 1180 5018 in
1204 4964 1293 5019 sui
1320 4969 1550 5032 natura,
1567 4984 1628 5022 se
1644 4985 1764 5023 cor-

109 5058 422 5134 pulentum
441 5062 499 5114 et
515 5055 804 5130 palpabile
825 5054 1011 5128 possit
1027 5055 1413 5119 ostendere,et
1429 5072 1560 5110 cum
1576 5055 1765 5112 volue-

111 5149 191 5204 rit
212 5149 809 5215 evanescere,ut,cum
833 5141 1151 5217 gloriosum
1170 5146 1225 5198 et
1243 5142 1469 5215 fulgens
1488 5145 1565 5199 sit
1585 5145 1640 5199 in
1661 5163 1768 5201 sua

112 5241 346 5306 natura,
367 5254 429 5292 se
452 5236 561 5292 sub
581 5235 896 5292 obscurum
915 5236 971 5289 et
985 5231 1214 5288 visibile
1235 5232 1420 5304 possit
1441 5235 1764 5301 ostendere,

113 5343 252 5384 cum
283 5323 484 5382 nullus
516 5324 628 5381 cibi
664 5328 767 5380 aut
795 5322 973 5380 vestis
1003 5321 1280 5395 indigeat,
1304 5321 1490 5394 possit
1521 5324 1768 5379 mandu-

113 5432 248 5472 care
278 5419 335 5471 et
363 5431 490 5472 esse
519 5413 814 5470 vestitum.
841 5413 1002 5479 Quod
1036 5415 1092 5467 et
1122 5412 1191 5467 de
1223 5411 1444 5485 angelis
1495 5411 1764 5485 legimus.

113 5503 264 5572 Quia
284 5517 418 5578 ergo
441 5503 728 5560 Dominus
746 5501 974 5558 volebat
997 5502 1241 5575 probare
1274 5501 1622 5557 mortalibus
1652 5519 1767 5558 car-

115 5610 255 5654 nem
312 5610 479 5652 suam
512 5608 644 5649 vere
673 5609 707 5649 a
736 5590 984 5649 mortuis
1042 5591 1448 5663 resurrexisse,
1472 5589 1651 5650 talem
1709 5609 1770 5651 se

443 5721 710 5786 Punon.
756 5718 927 5784 CLV.

1867 4698 2126 4754 liationis
2159 4697 2527 4770 legationem.
2553 4697 2766 4764 Quinto
2797 4697 2972 4753 etiam
3005 4695 3277 4769 discipuli
3310 4713 3522 4771 oppor-

1869 4793 2012 4844 tune
2044 4788 2116 4842 ad
2166 4786 2604 4859 praedicandum
2655 4785 2990 4855 mittuntur,
3019 4785 3299 4858 quoniam
3331 4784 3430 4858 qui
3463 4785 3523 4842 in

1873 4878 1985 4933 ﬁde
2016 4881 2156 4933 sunt
2189 4876 2363 4946 firmi,
2388 4875 2525 4930 etin
2552 4875 2866 4949 Scripturis
2895 4875 3129 4945 eruditi,
3158 4879 3216 4931 et
3242 4891 3376 4932 cum
3406 4874 3524 4931 Deo

1873 4971 1930 5022 et
1959 4984 2092 5022 cum
2125 4965 2363 5020 homine
2394 4981 2497 5036 per
2527 4965 2876 5022 charitatem
2907 4963 3154 5038 paciﬁci,
3178 4964 3526 5020 convenien-

1875 5060 1961 5113 ter
1991 5056 2064 5111 ad
2097 5055 2532 5128 praadicandum
2567 5059 2812 5127 possunt
2838 5054 3011 5110 mitti.
3036 5053 3161 5110 Non
3184 5057 3380 5110 autem
3411 5053 3526 5128 ipsi

1875 5162 1979 5218 per
2009 5162 2071 5201 se
2103 5143 2361 5200 ofﬁcium
2394 5142 2824 5215 prmdicationis
2846 5147 3177 5212 assumunt,
3203 5144 3303 5200 sed
3329 5143 3526 5216 potius

1877 5252 1911 5290 a
1941 5234 2182 5291 Domino
2215 5233 2550 5301 mittuntur,
2573 5232 2852 5304 quoniam
2881 5249 3052 5290 nemo
3085 5250 3146 5290 se
3171 5233 3342 5290 debet
3370 5232 3529 5307 inge-

1877 5341 2021 5380 rere.
2055 5325 2125 5378 Et
2182 5339 2353 5379 nemo
2386 5325 2554 5393 (teste
2586 5321 2784 5396 Paulo)
2829 5322 3002 5380 debet
3057 5321 3170 5380 sibi
3227 5337 3530 5379 assumere

1877 5414 2181 5480 honorem,
2205 5412 2307 5468 sed
2353 5410 2452 5483 qui
2495 5414 2735 5470 vocatus
2783 5416 2871 5469 est
2900 5429 2934 5468 a
2962 5412 3214 5469 Domino
3244 5413 3309 5465 ut
3340 5412 3532 5466 Aaron

1879 5504 2059 5575 (Hebr.
2081 5503 2156 5575 v).
2180 5501 2251 5556 Et
2279 5501 2390 5556 hoc
2420 5503 2621 5556 contra
2661 5499 2794 5558 illos
2843 5501 2965 5574 qui,
3001 5517 3106 5573 per
3155 5495 3539 5557 ambitionem

1881 5595 1938 5650 et
1985 5589 2313 5650 Simoniam
2363 5587 2623 5647 ofﬁcium
2682 5586 3122 5663 praedicationis
3187 5586 3551 5660 praesumunt

3172 5708 3257 5778 69

3389 299 3544 360 1860
3603 321 3608 326 ’
