3982 6082
419 279 574 341 1867

1427 276 1823 338 ADDENDA.
1854 307 1934 320 —
1965 271 2361 337 RADULPHI
2403 270 2823 336 ARDENTIS.

3683 222 3943 357 iml

414 428 699 484 usurpare
737 410 869 467 sibi.
904 409 1116 478 Quinto
1146 426 1379 483 quoque
1425 407 1835 464 convenienter
1863 405 2063 463 missis
2090 410 2147 478 Α
2174 405 2288 476 lus,
2317 423 2424 463 nec
2454 411 2692 479 propter
2712 405 3030 474 occultum,
3056 400 3158 461 sed
3189 404 3428 477 propter
3456 401 3688 459 crimen
3724 418 3843 458 ma-
3936 440 3943 471 ι

413 501 487 557 ad
518 500 954 573 praedicandum
979 500 1153 556 datur
1172 498 1426 571 Spiritus
1447 502 1707 569 sanctus,
1732 497 1834 569 qui
1865 512 2070 570 sugge-

410 593 502 645 rat
529 588 613 645 eis
633 589 835 646 omnia
854 604 982 661 quae
1010 587 1123 660 ipsi
1153 587 1405 644 locuturi
1438 591 1594 655 sunt,
1621 586 1838 659 quique
1859 586 1956 641 det
1984 585 2070 641 eis

410 682 469 735 et
483 694 825 734 sermonum
845 677 1293 746 afﬂuentiam,et
1307 676 1706 749 persuasionis
1724 674 2068 731 efficaciam.

412 767 653 823 Frustra
672 767 829 823 enim
860 765 1269 838 praedicatores
1297 766 1643 838 loquuntur,
1669 763 1783 820 nisi
1806 764 1866 819 in
1895 763 2070 819 verbo

411 855 515 912 Dei
536 860 594 912 et
612 855 673 911 in
692 854 904 928 spiritu
929 854 1048 911 oris
1071 856 1200 927 ejus
1226 859 1349 910 rete
1376 853 1805 928 praedicationis
1824 853 2066 908 laxetur.

412 945 485 1003 Et
510 944 623 1001 hoc
642 947 848 1001 contra
872 943 1007 1000 illos
1038 949 1129 1001 est
1158 944 1260 1016 qui
1307 961 1376 1000 ex
1419 960 1547 1012 suo,
1573 960 1688 998 non
1720 958 1787 998 ex
1819 942 1919 997 Dei
1953 940 2071 1013 spi-

416 1033 555 1103 ritu,
588 1033 904 1106 praedicare
956 1037 1267 1101 conantur,
1300 1049 1416 1089 non
1465 1032 1793 1105 profectum
1842 1029 2074 1087 audito-

416 1137 572 1189 rum,
597 1122 699 1178 sed
740 1138 909 1178 suam
959 1121 1155 1195 potius
1185 1121 1493 1179 scientiam
1543 1124 1835 1177 ostentare
1866 1119 2074 1191 quieri-

412 1211 818 1276 tantes.Sexto
840 1210 1017 1267 etiam
1043 1211 1454 1267 convenienter
1488 1210 1663 1266 datur
1702 1210 1786 1266 eis
1818 1212 2076 1281 potestas

414 1290 642 1373 ligandi
685 1303 861 1371 atque
907 1298 1193 1367 solvendi,
1218 1302 1283 1354 ut
1312 1297 1581 1354 videlicet
1610 1314 1760 1370 quos
1791 1314 1826 1354 a
1854 1295 2076 1368 Spiritu

417 1387 581 1444 intus
609 1386 976 1445 illuminatos
1006 1387 1420 1453 intellexerint,
1444 1386 1767 1454 absolvent,
1784 1391 1841 1442 et
1865 1402 2014 1457 quos
2045 1401 2080 1441 a

417 1481 536 1534 Deo
564 1480 899 1545 excecatos,
937 1477 1142 1550 ligent.
1184 1478 1345 1545 Ecce,
1370 1477 1579 1532 fratres
1606 1476 1743 1544 mei,
1778 1475 1847 1531 ad
1883 1492 2075 1547 quan-

419 1569 543 1623 tam
574 1566 921 1640 dignitatem
949 1566 1235 1623 Dominus
1266 1563 1590 1638 discipulos
1619 1580 1762 1621 suos
1789 1568 1845 1619 et
1874 1581 2077 1619 eorum

422 1671 708 1728 sequaces
736 1655 797 1711 in
829 1655 938 1712 hoc
961 1655 1173 1713 saeculo
1203 1654 1563 1722 sublimavit,
1586 1658 1651 1710 ut
1675 1671 1775 1710 eos
1800 1657 1995 1726 patres
2023 1656 2082 1707 et

2178 496 2480 552 nifestum.
2514 502 2592 551 De
2640 496 2866 552 caeteris
2897 494 3116 567 quippe
3144 493 3303 550 vitiis
3348 508 3589 549 monere
3617 495 3839 565 potest,

2178 602 2296 641 non
2328 585 2853 641 excommunicare.
2876 583 3041 639 Unde
3070 582 3325 639 Paulus:
3349 583 3412 639 Si
3440 583 3588 654 quis,
3622 580 3841 653 inquit,

2176 676 2376 747 fratres
2422 676 2744 731 nominatur
2794 674 2942 729 inter
2989 689 3083 729 vos
3129 673 3453 744 fornicator,
3487 678 3587 727 aut
3613 686 3841 735 avarus,

2178 781 2304 818 cum
2332 762 2644 835 hujusmodi
2679 779 2779 819 nec
2816 762 2999 818 cibum
3038 762 3241 817 sumite
3272 762 3484 832 (Ephes.
3516 764 3597 827 v).
3632 758 3845 814 Nomi-

2179 856 2357 909 natur
2385 856 2583 908 autem
2615 868 2749 908 eum
2780 850 3133 924 divulgatur.
3172 849 3399 906 Rursus
3436 865 3543 905 nec
3586 847 3841 920 ligatum

2181 941 2479 998 absolvere
2509 942 2698 1013 debet,
2726 940 2839 997 nisi
2869 944 3177 1012 peccatum
3199 939 3430 1011 abjuret
3459 941 3759 1011 peccator,
3790 940 3842 992 et

2182 1030 2296 1086 nisi
2329 1029 2670 1099 satisfaciat,
2685 1034 2745 1087 et
2775 1029 2890 1086 nisi
2919 1026 3649 1102 gemitibus,suspiriis,et
3675 1023 3839 1081 vultu

2182 1119 2518 1191 pmnitentis
2542 1120 2813 1176 ostendat
2830 1117 3167 1175 interiorem
3189 1116 3603 1174 contritionem
3624 1113 3836 1170 cordis.

2182 1208 2349 1265 Juste
2372 1225 2603 1281 quoque
2625 1208 2915 1265 sententia
2929 1205 3319 1263 absolutionis
3334 1203 3421 1261 vel
3441 1204 3843 1261 excommuni-

2185 1298 2432 1355 cationis
2462 1298 2811 1370 proferenda
2840 1302 2948 1364 est,
2969 1300 3037 1351 ut
3064 1294 3333 1351 videlicet
3361 1311 3479 1349 non
3511 1293 3590 1350 ob
3619 1292 3844 1361 odium,

2182 1386 2273 1444 vel
2304 1386 2576 1460 gratiam,
2611 1387 2711 1443 sed
2746 1389 2977 1442 tantum
3007 1385 3080 1441 ob
3114 1382 3311 1440 meriti
3331 1382 3635 1455 justitiam
3664 1382 3849 1455 profe-

2185 1481 2368 1533 ratur.
2401 1476 2519 1532 Hoc
2549 1480 2752 1532 contra
2792 1473 2924 1531 illos
2955 1478 3048 1531 est
3089 1472 3194 1546 qui
3240 1472 3301 1528 in
3351 1470 3741 1537 absolvendo,
3771 1470 3851 1527 vel

2186 1565 2445 1639 ligando,
2479 1564 2755 1620 affectum
2787 1562 2970 1619 animi
3002 1562 3221 1636 proprii
3259 1566 3537 1634 pensant,
3567 1578 3693 1617 non
3741 1577 3853 1617 me-

2187 1654 2365 1710 ritum
2398 1653 2668 1724 subjecti.
2695 1653 2938 1725 PrOpter
2968 1652 3170 1708 odium
3214 1649 3643 1707 absolvendum
3674 1650 3857 1724 ligan-

422 1748 707 1845 pastores,
739 1744 858 1801 imo
907 1744 1084 1801 etiam
1117 1745 1256 1800 deos
1316 1743 1614 1851 hominem
1642 1742 2077 1851 icons‘titueret,
2112 1785 2161 1851 Β
2188 1741 2409 1851 teszel
2438 1746 2679 1841 propter
2704 1740 2961 1851 gratiam
2984 1737 3724 1851 ligandumjabsolvenit‘es,
3749 1738 3856 1795 alio

425 1837 485 1890 et
523 1833 609 1890 eis
637 1833 762 1890 vice
821 1851 951 1903 sua,
985 1837 1331 1907 potestatem
1392 1832 1689 1889 relaxandi
1744 1832 1833 1887 vel
1890 1830 2084 1903 impu-

425 1921 591 1979 tandi
648 1926 889 1996 peecata
941 1923 1246 1979 conferret.
1281 1922 1444 1988 Quod
1507 1921 1711 1993 utique
1770 1920 1900 1976 ideo
1956 1918 2092 1976 fecit

427 2011 626 2068 divina
674 2011 1104 2082 misericordia,
1137 2015 1203 2066 ut
1260 2015 1598 2083 peccatores
1652 2026 1770 2065 non
1817 2010 2090 2081 despera-

428 2103 579 2169 rent,
613 2116 750 2157 cum
796 2102 967 2173 juxta
996 2116 1060 2156 se
1090 2099 1401 2155 consilium
1451 2104 1509 2155 et
1557 2097 1846 2155 medelam
1888 2114 2089 2170 pecca-

426 2191 626 2245 torum
673 2204 918 2244 suorum
960 2186 1308 2253 invenirent,
1340 2190 1398 2242 et
1427 2189 1492 2240 ut
1536 2184 1807 2241 homines
1837 2183 2090 2240 homini-

426 2277 542 2334 bus
574 2293 636 2333 se
664 2275 1055 2341 humiliando,
1089 2278 1146 2330 et
1197 2278 1436 2347 peccata
1465 2291 1575 2330 sua
1602 2273 1956 2337 conﬁtendo,
1990 2289 2092 2344 per

424 2362 825 2421 humilitatem
857 2363 969 2419 sibi
995 2369 1179 2419 Deum
1210 2362 1530 2435 placarent.
1556 2378 1733 2434 quem
1760 2378 1864 2433 per
1894 2378 2093 2435 super.

422 2453 585 2511 biam
618 2453 996 2519 oﬂ‘enderent,
1021 2457 1079 2508 et
1108 2456 1173 2508 nt
1202 2451 1472 2508 homines
1501 2450 1864 2517 hominibus,
1893 2467 2092 2523 pecca-

422 2545 583 2600 tores
642 2541 1052 2615 peccatoribus
1110 2544 1614 2614 compaterentur,
1678 2556 1782 2610 pro
1842 2540 2089 2596 invicem

427 2631 669 2700 orando,
692 2635 751 2688 et
777 2629 924 2687 alter
975 2629 1212 2687 alterias
1248 2646 1425 2686 onera
1472 2630 1778 2702 portando.
1804 2629 2087 2685 Caeterum

429 2735 809 2794 summopere
831 2718 1140 2776 attendant
1177 2718 1529 2787 sacerdotes,
1554 2717 1678 2790 qui,
1701 2734 1870 2790 quos,
1893 2717 2087 2790 quali-

428 2811 542 2878 ter,
563 2811 621 2864 et
657 2825 773 2880 quo
819 2808 1037 2877 animo,
1061 2811 1119 2864 et
1148 2808 1208 2862 in
1240 2824 1358 2879 qua
1397 2806 1743 2864 auctoritate
1791 2806 2088 2864 absolvere

434 2896 687 2953 debeant
710 2896 799 2953 vel
828 2896 1030 2971 ligare.

507 2985 617 3053 Qui
647 2985 862 3042 debent
909 2985 1206 3043 absolvere
1234 2984 1323 3043 vel
1350 2985 1571 3060 ligare?
1601 2985 1701 3059 qui
1750 3002 1855 3058 per
1905 2984 2085 3058 Spiri-

432 3077 564 3132 tum
593 3079 864 3133 sanctum
893 3092 928 3132 a
955 3075 1208 3148 peccatis
1237 3076 1365 3132 suis
1395 3074 1648 3131 absoluti
1680 3078 1738 3130 et
1766 3074 2081 3130 illuminati

2192 1830 2418 1903 judicio
2440 1829 2720 1898 amicum,
2744 1828 2857 1886 alio
2882 1828 3188 1885 inimicum
3211 1827 3571 1899 judicantes.
3595 1827 3714 1883 Sed
3739 1843 3858 1900 pro-

2200 1919 2351 1976 fecto
2383 1936 2585 1976 eorum
2628 1917 2921 1976 sententia
2950 1921 3085 1974 aute
3130 1932 3434 1973 summum
3472 1915 3751 1987 judicem
3782 1931 3855 1972 re-

2199 2009 2506 2081 probanda
2535 2012 2645 2077 est,
2671 2006 2972 2079 quoniam,
3000 2011 3068 2062 ut
3095 2005 3180 2063 ait
3208 2004 3483 2062 Salomon
3518 2021 3532 2060 :
3564 2005 3798 2061 Panda:
3816 2013 3857 2061 et

2193 2097 2428 2169 pondus,
2457 2114 2719 2154 mensura
2753 2105 2805 2152 et
2846 2112 3125 2163 mensura,
3158 2103 3448 2167 utrumque
3490 2094 3858 2150 abominabile

2197 2194 2273 2243 est
2302 2187 2448 2259 apud
2474 2188 2645 2243 Deum
2672 2187 2854 2254 (Prov.
2878 2185 3053 2257 xxvr),
3076 2184 3369 2256 Subjectis
3398 2187 3601 2239 tamen
3633 2188 3858 2240 senten-

2197 2274 2282 2330 tia
2310 2275 2563 2347 pastoris
2604 2276 2771 2346 justa
2798 2273 2888 2330 vel
2939 2274 3164 2345 injusta
3194 2272 3459 2328 timenda
3488 2275 3601 2341 est,
3625 2288 3702 2328 ne
3729 2288 3854 2344 pro-

2198 2367 2328 2436 pter
2356 2368 2780 2436 contemptum,
2806 2363 2982 2434 culpa
3010 2379 3137 2434 quae
3168 2378 3287 2417 non
3317 2364 3440 2417 erat
3469 2361 3594 2416 ﬁat.

2270 2453 2392 2517 Quo
2423 2452 2623 2509 animo
2652 2456 2852 2524 pastor
2892 2450 3321 2508 ecclesiasticus
3360 2448 3663 2507 absolvere
3691 2451 3853 2508 debet

2194 2541 2285 2598 vel
2332 2541 2550 2615 ligare?
2578 2542 2733 2597 Laeta
2782 2544 2977 2597 mente
3025 2538 3323 2596 absolvere
3368 2538 3562 2607 debet,
3595 2544 3656 2595 et
3701 2540 3849 2597 tristi

2196 2629 2397 2704 ligare.
2428 2632 2736 2703 Propterea
2765 2647 2881 2687 non
2914 2628 3027 2685 nisi
3054 2629 3148 2685 vix
3178 2634 3237 2685 et
3265 2627 3326 2683 in
3357 2643 3577 2701 magna
3604 2630 3850 2685 necessi-

2196 2721 2314 2776 tate
2342 2725 2399 2777 et
2428 2719 2646 2776 dolenti
2678 2719 2875 2775 animo
2905 2718 3081 2774 debet
3109 2716 3850 2784 excommunicare.Quem-

2193 2809 2515 2865 admodum
2533 2808 2768 2881 aliquod
2790 2807 3122 2864 membrum
3140 2808 3213 2863 de
3227 2805 3488 2879 corporis
3504 2805 3695 2863 nostri
3714 2807 3851 2863 inte-

2191 2898 2422 2970 gritate,
2444 2915 2561 2955 non
2590 2898 2705 2954 nisi
2727 2914 2861 2953 cum
2884 2896 3063 2953 fuerit
3082 2896 3313 2953 aridum
3335 2900 3392 2950 et
3411 2895 3639 2951 cateris
3661 2912 3843 2952 mem-

2191 2986 2313 3043 bris
2344 2987 2643 3056 nocivum;
2676 2991 2734 3043 et
2760 2990 2901 3043 tunc
2929 2984 3042 3055 vix,
3057 2990 3114 3042 et
3141 3002 3276 3040 cum
3298 2983 3495 3041 dolore
3514 3001 3738 3059 magno
3760 3002 3844 3043 so-

2190 3073 2382 3133 lemus
2411 3078 2731 3148 amputare.
2763 3079 2884 3131 Hoc
2914 3079 3119 3130 contra
3165 3073 3299 3130 illos
3327 3077 3416 3129 est
3446 3074 3549 3146 qui
3592 3072 3766 3130 facile
3790 3078 3843 3131 et

430 3166 590 3220 sunt.
610 3163 756 3221 Nam
777 3163 1071 3236 quomodo
1087 3163 1262 3237 digne
1282 3162 1499 3237 ligatus
1520 3162 1734 3236 poterit
1753 3162 1966 3237 ligatos
1983 3163 2079 3219 ab-
2109 3151 2153 3219 C
2190 3163 2459 3221 alacriter
2484 3167 2542 3220 et
2570 3164 2705 3232 cito,
2730 3164 2939 3220 fratres
2981 3179 3122 3220 suos
3161 3166 3495 3235 peccatores
3524 3161 3723 3219 solent
3749 3180 3838 3220 ex-

427 3250 651 3311 solvere
670 3251 757 3309 vel
776 3251 978 3326 ligare,
997 3251 1088 3308 vel
1113 3252 1455 3308 immundus
1476 3252 1814 3308 immundos
1836 3252 2082 3308 munda-

425 3357 489 3399 re
515 3340 604 3398 vel
633 3341 953 3399 damnare?
984 3340 1131 3398 Hine
1160 3341 1444 3398 Dominus
1477 3341 1917 3398 accusatoribus
1946 3358 2078 3397 mu.

424 3428 588 3487 lieris
619 3430 896 3488 adulterae
929 3429 1076 3486 dixit
1107 3447 1120 3486 :
1155 3431 1263 3499 Qui
1305 3433 1425 3487 sine
1466 3439 1682 3503 peccato
1712 3439 1787 3487 est
1814 3439 2075 3500 vestrum,

419 3521 637 3591 primus
668 3519 907 3591 lapidem
938 3521 998 3575 in
1015 3536 1138 3576 eam
1165 3522 1344 3577 mittat
1365 3521 1542 3592 (Joon.
1570 3520 1709 3592 VIII).
1739 3521 1879 3575 Hinc
1898 3519 2075 3577 etiam

425 3606 713 3680 scriptum
755 3611 845 3664 est
876 3624 889 3662 ε
923 3608 1148 3677 Medice,
1181 3625 1317 3665 cura
1353 3610 1585 3680 teipsum
1614 3609 1762 3679 (Luc.
1796 3610 1892 3676 ιν).
1921 3611 2076 3675 Quos

425 3695 641 3753 debent
668 3695 965 3753 absolvere
987 3696 1077 3753 vel
1105 3696 1329 3771 ligare?
1358 3696 1606 3771 populos
1636 3696 1747 3752 sibi
1778 3697 2076 3769 subjectos

426 3800 543 3841 non
575 3782 817 3842 alienos.
853 3786 996 3843 [lino
1043 3786 1104 3842 in
1149 3785 1275 3861 lege
1324 3785 1688 3859 prohibitum
1721 3790 1810 3842 est
1839 3803 1911 3842 ne
1941 3789 2075 3861 quis

425 3872 624 3930 mittat
651 3872 858 3930 falcem
888 3873 949 3931 in
980 3891 1235 3932 messem
1279 3873 1560 3943 alienam;
1596 3879 1653 3931 et
1694 3874 1922 3944 fratres,
1956 3894 2072 3934 non

423 3960 882 4021 inﬂdeles.Unde
898 3963 1212 4037 Apostolus
1232 3981 1245 4019 :
1271 3963 1421 4037 Quid
1440 3964 1583 4019 mihi
1600 3964 1666 4021 de
1686 3966 1802 4021 illis
1822 3968 1919 4039 qui
1933 3968 2072 4037 foris

418 4060 548 4109 sunt
589 4051 965 4125 judicare?(l
993 4054 1113 4110 Cor.
1144 4052 1224 4125 v.)
1247 4053 1315 4108 Et
1371 4051 1421 4109 si
1476 4053 1653 4111 fuerit
1681 4054 1833 4127 quis,
1866 4053 1924 4110 id
1985 4059 2073 4112 est

419 4140 648 4214 privata
674 4157 952 4214 persona;
984 4141 1290 4213 principen
1331 4140 1488 4198 enim
1518 4146 1575 4199 et
1603 4141 1703 4214 qui
1733 4158 1931 4198 secum
1960 4142 2068 4199 ha-

419 4228 519 4286 bet
546 4229 786 4298 sociam,
806 4220 1250 4286 multitudinem
1279 4247 1397 4287 non
1418 4229 1941 4299 excommunicare,
1965 4232 2067 4287 sed

418 4318 618 4391 potius
648 4318 799 4374 ferre
822 4318 1127 4385 debemus,
1148 4336 1220 4375 ne
1257 4319 1405 4376 forte
1433 4319 1798 4376 eradieantes
1825 4319 2064 4390 zizania,

415 4406 785 4464 eradicemus
811 4405 991 4462 simul
1022 4410 1081 4464 et
1118 4407 1379 4465 tritieum
1413 4407 1616 4481 (Matth.
1639 4411 1784 4477 xm).
1810 4407 2068 4474 Qualiter

2187 3253 2643 3310 communicare.
2667 3257 2950 3309 Ceterum
2989 3268 3125 3308 cum
3157 3251 3493 3308 membrum
3543 3252 3622 3307 ab
3661 3251 3839 3308 eccle-

2186 3342 2428 3399 siastica
2456 3341 2671 3399 unione
2694 3341 3008 3398 abscidunt
3026 3340 3154 3397 sine
3173 3338 3355 3396 animi
3382 3340 3605 3413 preprii
3623 3339 3833 3409 dolore,

2187 3433 2506 3489 ostendunt
2535 3449 2597 3488 se
2628 3430 2896 3488 Ecclesia
2940 3427 3224 3486 membris
3272 3446 3390 3485 non
3436 3430 3833 3502 compaginari

2187 3521 2403 3578 unione
2433 3520 2755 3578 charitatis.
2788 3521 2850 3576 In
2885 3537 3004 3592 qua
3041 3518 3387 3575 auctoritate
3414 3518 3717 3574 absolvere
3746 3519 3830 3575 de-

2185 3611 2324 3668 bent
2344 3611 2771 3676 sacerdotes,in
2794 3608 3012 3677 divina,
3037 3626 3152 3666 non
3186 3626 3313 3666 sua.
3328 3611 3597 3664 Potestas
3622 3608 3827 3680 quippe

2184 3705 2421 3773 peccata
2452 3699 2745 3757 relaxandi
2779 3698 2966 3756 solius
2998 3699 3097 3754 Dei
3127 3702 3236 3755 est.
3269 3696 3658 3753 Ministeriam
3680 3713 3822 3765 vero,

2183 3790 2339 3861 quod
2397 3789 2714 3861 improprie
2762 3789 2940 3845 etiam
2989 3792 3252 3861 potestas
3295 3789 3556 3853 vocatur,
3602 3786 3825 3842 vicariis

2182 3876 2307 3933 suis
2328 3876 2743 3949 concessit,qui
2765 3877 2938 3933 modo
2969 3893 3075 3933 suo
3100 3875 3288 3949 ligant
3304 3873 3394 3931 vel
3415 3873 3747 3941 absolvunt,
3768 3875 3825 3929 id

2180 3970 2270 4022 est
2298 3965 2508 4042 ligatos
2527 3965 2615 4023 vel
2638 3964 2941 4023 absolutos
2970 3981 3099 4022 esse
3119 3964 3458 4021 ostendunt.
3485 3962 3654 4019 Prius
3673 3962 3825 4018 enim

2180 4055 2336 4113 Deus
2357 4056 2603 4112 interius
2620 4058 2983 4128 peccatorcm
3000 4070 3105 4126 per
3118 4052 3630 4124 compunctionem
3646 4051 3831 4108 absol—

2177 4144 2279 4213 vit,
2305 4146 2575 4201 sacerdos
2604 4161 2738 4200 vero
2758 4130 3047 4211 exterius,
3071 4139 3424 4198 sententiam
3462 4140 3827 4213 proferendo,

2177 4250 2313 4289 cum
2344 4250 2473 4290 esse
2502 4232 2841 4289 absolutum
2869 4230 3144 4289 ostendit.
3168 4230 3335 4297 Quod
3367 4231 3515 4286 bene
3543 4230 3832 4303 signiﬁca-

2175 4325 2274 4378 tur
2302 4339 2406 4394 per
2434 4323 2739 4390 Lazarum,
2776 4320 2878 4394 qui
2925 4321 3092 4394 prius
3124 4320 3184 4375 in
3216 4318 3446 4375 tumulo
3500 4336 3535 4375 a
3582 4319 3829 4375 Domine

2175 4411 2510 4479 suscitatur,
2530 4416 2587 4467 et
2610 4415 2762 4483 post,
2790 4409 3118 4465 ministerio
3139 4407 3594 4481 discipulorum,
3619 4425 3656 4464 a
3676 4408 3831 4464 vitiis

414 4493 629 4551 debent
658 4494 955 4586 absolvere
984 4493 1074 4552 vel
1104 4495 1455 4586 ligare,inon
1488 4495 1936 4586 praecipitanter,
1962 4497 2063 4586 sed
2094 4519 2142 4586 D
2176 4499 2393 4571 quibus
2424 4498 2642 4571 ligatus
2673 4499 2881 4568 fuerat,
2905 4496 3247 4554 absolvitur.

412 4598 665 4651 morose,
697 4580 971 4651 discreta,
1006 4587 1062 4639 et
1095 4585 1278 4657 juste.
1312 4585 1536 4640 Morose
1594 4584 1810 4656 quippe
1868 4584 2059 4657 profe-

2243 4587 2522 4660 Sequitur
2540 4604 2677 4660 pars
2696 4586 2888 4652 tertia,
2909 4587 2967 4642 in
2992 4603 3111 4659 qua
3137 4586 3425 4642 Dominus
3453 4585 3831 4643 dubitantem

409 4672 592 4729 renda
617 4674 707 4729 est
739 4671 1031 4729 sententia
1058 4672 1700 4743 excommunicationis,
1732 4677 1789 4728 et
1817 4690 1851 4728 a
1879 4690 2064 4731 sacer-
2170 4676 2527 4749 discipulum
2574 4676 2638 4731 in
2678 4676 2791 4731 ﬁde
2824 4674 3151 4743 conﬁrmat,
3174 4692 3310 4733 cum
3339 4675 3576 4732 subdit:
3607 4677 3833 4733 Thomas

409 4762 562 4831 dote,
585 4764 643 4820 et
672 4778 776 4835 per
803 4777 889 4828 se,
920 4765 980 4818 et
1027 4779 1131 4835 per
1159 4761 1322 4818 alios.
1356 4760 1551 4818 Tertio
1601 4764 2062 4821 commonendus
2169 4782 2316 4822 unus
2341 4782 2411 4822 ex
2439 4764 2742 4835 duodecim,
2768 4767 2879 4820 etc.
2903 4765 2965 4821 Si
2998 4764 3276 4839 quaeritis,
3309 4765 3519 4821 fratres
3554 4764 3834 4822 charissi-

408 4852 498 4905 est
523 4854 813 4922 peccator,
836 4855 894 4905 et
916 4850 1085 4922 prius
1105 4850 1303 4907 omnia
1323 4850 1581 4906 remedia
1600 4854 1740 4906 sunt
1760 4852 2059 4923 tentanda,
2171 4855 2273 4923 mi,
2299 4872 2479 4928 quare
2513 4852 2797 4911 Dominus
2828 4854 3080 4911 electum
3109 4853 3467 4926 discipulum
3498 4854 3558 4910 in
3594 4854 3712 4910 ﬁde
3740 4871 3833 4910 vo-

409 4941 725 5010 antequam
748 4939 822 4996 ad
845 4940 1199 4997 sententiam
1228 4938 1844 4998 excommunicationis
1873 4941 2063 4997 venia-
2167 4943 2342 5001 luerit
2362 4943 2648 5012 dubitare,
2670 4959 2887 5017 magna
2918 4944 3121 5015 utique
3141 4943 3603 5016 dispensatione.
3630 4944 3833 4999 Minus

402 5029 522 5082 tur.
544 5026 615 5081 Et
652 5027 763 5084 hoc
783 5036 988 5087 contra
1016 5030 1146 5087 illos
1188 5035 1295 5098 est,
1323 5030 1420 5102 qui
1464 5027 1895 5101 praecipitanter
1924 5047 2061 5086 mox
2168 5032 2384 5106 quippe
2413 5031 2596 5089 Maria
2626 5032 2969 5107 Magdalene
2998 5032 3169 5088 nobis
3200 5031 3437 5104 profuit,
3460 5048 3645 5103 quam
3682 5033 3833 5088 Tho-

401 5115 917 5174 excommunicant
961 5123 1310 5192 peccatores,
1337 5135 1454 5173 non
1494 5118 1885 5186 attendentes,
1918 5135 2061 5191 quo—
2165 5139 2293 5178 mas
2315 5122 2415 5195 qui
2439 5121 2540 5177 diu
2561 5120 2866 5179 dubitavit.
2893 5120 2993 5177 Ille
3013 5120 3233 5177 etenim
3255 5118 3563 5176 vulnerum
3591 5120 3828 5176 cicatrio

399 5200 562 5260 niam
582 5203 741 5275 quod
761 5205 941 5263 nimis
964 5208 1077 5263 cito
1102 5208 1168 5262 ﬁt
1190 5205 1341 5262 male
1362 5208 1445 5261 ﬁt.
1472 5206 1732 5262 Diserete
1752 5206 1909 5262 enim
1928 5225 2056 5279 pro-
2162 5227 2259 5267 ces
2288 5211 2498 5285 tetigit,
2521 5215 2578 5267 et
2607 5211 2679 5267 de
2718 5214 2950 5283 pectore
3002 5213 3205 5266 nostro
3232 5208 3447 5265 vulnus
3499 5208 3827 5265 dubietatis

394 5294 640 5352 ferenda
681 5299 775 5353 est
821 5297 1129 5366 sententia,
1150 5296 1239 5354 vel
1289 5295 1697 5364 absolutionis,
1717 5295 1797 5353 vel
1827 5314 2052 5354 excom-
2162 5300 2505 5372 amputavit,
2535 5299 2825 5357 Dubitavit
2854 5298 2953 5355 ille
2972 5316 3045 5355 ne
3067 5315 3196 5356 mos
3218 5298 3653 5355 dubitaremus.
3678 5299 3827 5355 Tan-

390 5382 835 5443 municationis.
855 5386 981 5443 Non
1002 5386 1161 5443 enim
1184 5386 1438 5458 aliquem
1461 5387 1635 5443 debet
1657 5387 2052 5444 excommuni-
2158 5391 2350 5463 gendo
2381 5390 2761 5447 confirmatus
2790 5392 2883 5444 est
2905 5387 3026 5455 ille,
3048 5394 3116 5451 ut
3145 5406 3253 5445 nos
3275 5389 3337 5444 in
3356 5404 3423 5444 eo
3444 5386 3827 5443 conﬁrmam-

387 5488 523 5532 care
543 5474 816 5532 sacerdos
837 5477 1076 5548 propter
1094 5473 1319 5531 veniale
1339 5479 1788 5546 peccatum,nec
1810 5481 2048 5549 propter
2157 5495 2311 5534 mur.
2336 5478 2654 5535 Conﬁrmat
2695 5479 2892 5533 autem
2925 5493 3061 5533 eum
3104 5478 3165 5533 in
3208 5477 3324 5533 ﬁde
3365 5476 3823 5533 resurrectionis

386 5559 657 5642 ignotum
688 5560 993 5635 vitium,ut
1020 5561 1070 5621 si
1101 5563 1233 5637 quis
1266 5562 1443 5621 fuerit
1468 5563 1693 5621 irrosus
1722 5562 1810 5620 vel
1841 5580 2047 5638 garru-
2154 5585 2276 5626 suae
2312 5565 2609 5637 Dominus,
2647 5581 2781 5623 cum
2827 5565 3138 5642 subjungit
3168 5582 3182 5623 :
3214 5567 3368 5641 Infer
3389 5565 3637 5638 digitum
3666 5574 3825 5624 tum
