3982 6082
437 230 591 304 {87-1

1437 244 1833 306 ADDENDA.
1872 278 1945 289 —
1978 226 2379 308 RADULPHI
2419 243 2835 309 ABDENTIS.

3690 238 3865 302 {872

437 375 756 433 catorihus.
790 375 1005 432 Passus
1048 379 1138 433 est
1169 376 1367 448 itaque
1396 376 1552 434 Deus
1581 393 1685 449 pro
1715 350 2077 447 horninibus,
2108 378 2164 446 Α
2191 376 2562 434 venientibus
2582 392 2717 435 vero
2739 375 3166 451 erat,quo'niam
3194 390 3300 448 per
3315 373 3543 449 lignum
3570 372 3863 429 diabolus

436 464 721 523 Dominus
752 482 856 538 pro
884 464 1333 535 servis,'sanctus
1352 483 1456 538 pro
1479 467 2076 539 peccatoribus.Ecce,

436 553 665 624 fratres,
695 552 845 611 mira
873 558 931 611 et
961 554 1225 611 inaudita
1248 555 1614 627 compassio;
1648 555 1798 612 mira
1827 561 1883 612 et
1912 557 2079 613 inau-

434 641 559 699 dita
587 641 1236 717 dignatio.Erubescant
1256 642 1437 717 igitur
1466 644 1700 700 Domini
1730 644 2082 718 temporales

432 728 742 787 inhumani
771 736 830 788 et
858 731 1122 788 crudeles
1154 731 1213 787 in
1244 749 1439 789 servos
1470 750 1629 803 suos,
1651 732 1752 806 qui
1782 749 2082 790 servorum

434 822 491 876 et
517 836 843 893 pauperum
875 820 1084 877 nolunt
1115 820 1380 878 misereri
1411 823 1768 892 excessibus,
1795 839 1900 879 nec
1932 839 2085 879 com-

435 908 556 981 pati
587 908 1054 980 inﬁrmitatibus,
1089 909 1208 967 imo
1238 915 1295 967 et
1328 910 1731 984 delinquentes
1763 911 2085 968 inhumane

435 997 725 1072 afﬂigunt,
754 1006 812 1055 et
837 1003 1202 1074 aegrotantes,
1235 1000 1447 1073 frigore
1478 1005 1535 1056 et
1564 1001 1759 1056 inedia
1788 1001 1976 1073 perire
2005 999 2085 1058 si-

437 1086 746 1161 nunt,plus
780 1086 1044 1146 dolentes
1067 1090 1138 1146 de
1158 1089 1500 1146 infirmitate
1514 1090 1771 1162 jumenti
1793 1090 1883 1147 sui
1908 1105 2085 1162 quam

436 1175 588 1232 servi
619 1177 731 1233 sui.
765 1177 913 1244 Quid
944 1182 1033 1235 est
1062 1177 1215 1235 hoc?
1244 1178 1399 1236 Deus
1447 1196 1793 1252 compassus
1842 1184 1930 1235 est
1977 1176 2085 1235 tibi

437 1264 653 1322 misero
684 1265 910 1323 homini
939 1272 995 1324 et
1024 1267 1334 1340 peccatori,
1362 1271 1419 1325 et
1455 1271 1519 1323 tu
1571 1286 1687 1325 non
1735 1267 2086 1341 compateris

437 1353 614 1412 homo
636 1354 885 1424 homini,
910 1373 1113 1414 servus
1147 1374 1444 1414 conservo.
1470 1357 1579 1424 Qui
1610 1357 1833 1414 nullius
1864 1357 2088 1430 indiget

436 1443 546 1500 tibi
576 1443 859 1519 indigenti
884 1450 975 1502 est
1004 1446 1303 1504 misertus.
1335 1447 1406 1502 Et
1435 1451 1499 1503 tu
1532 1446 1632 1520 qui
1668 1445 2086 1521 indiges,indi-

437 1533 595 1606 genti
626 1550 743 1590 non
774 1534 1328 1604 misereris.Quanta
1357 1553 1570 1609 passus
1592 1536 1721 1592 est?
1752 1536 2010 1592 defectus
2030 1538 2089 1590 et

437 1621 706 1695 injurias.
729 1623 1002 1681 Defectus
1034 1628 1230 1681 autem
1262 1642 1476 1698 passus
1508 1628 1616 1693 est,
1651 1628 1709 1680 et
1737 1622 1911 1692 rei,ut
1942 1640 2086 1696 pau-

436 1714 723 1784 pertatem
754 1716 813 1769 et
860 1714 1168 1786 penuriam
1217 1713 1497 1786 corporis,
1536 1717 1598 1769 ut
1626 1714 1863 1781 famem,
1898 1712 2082 1780 sitim,
2116 1750 2163 1815 Β

435 1799 869 1859 lassitudinem.
903 1802 1174 1859 Defectus
1220 1803 1399 1859 etiam
1432 1806 1645 1859 mentis
1677 1807 1742 1859 ut
1785 1801 2082 1858 tristitiam

435 1892 494 1946 et
520 1889 804 1947 dolorem.
840 1891 1093 1963 Injurias
1130 1891 1306 1948 etiam
1356 1909 1569 1965 passus
1601 1896 1709 1961 est,
1742 1895 1864 1947 tam
1901 1908 1933 1946 a
1963 1889 2086 1947 suis

438 1994 617 2050 quam
646 1979 720 2036 ab
750 1979 1062 2050 extraneis,
1097 1980 1428 2037 exactiones
1457 1980 1520 2036 in
1568 1997 1712 2044 rem,
1745 1978 1998 2036 convitia
2025 1978 2085 2034 in

434 2068 610 2125 verbo
641 2071 859 2139 (Matth.
892 2072 1029 2140 XXI),
1065 2070 1411 2127 afﬂictiones
1440 2071 1502 2125 in
1543 2085 1800 2142 corpore,
1836 2066 2085 2124 exactio-

436 2158 709 2231 nes,quia
737 2162 976 2215 exactus
1005 2159 1292 2215 tributum
1322 2158 1578 2215 reddidit
1615 2158 1826 2214 Caesari
1860 2176 1873 2213 :
1905 2156 2084 2213 vesti-

439 2249 639 2302 menta
667 2247 794 2319 ejus
815 2246 1014 2319 partiti
1035 2251 1177 2304 sunt
1198 2247 1501 2315 milites,ct
1520 2263 1699 2320 super
1717 2251 1934 2303 vestem
1958 2246 2085 2317 ejus

438 2334 728 2391 miserunt
756 2339 971 2392 sortem
1000 2335 1317 2408 (Joamxrx).
1351 2336 1615 2392 Convitia
1639 2335 1814 2392 etiam
1847 2335 1898 2392 ei
1929 2334 2084 2391 intu-

436 2421 653 2491 lerunt,
679 2427 954 2481 vocantes
985 2441 1119 2481 eum
1150 2424 1340 2480 ﬁlium
1373 2424 1813 2493 fabri,voracem
1840 2429 1897 2481 et
1923 2427 2086 2497 pota-

441 2513 626 2568 torem
654 2512 797 2581 vini,
818 2517 1136 2571 amatorem
1165 2513 1536 2570 meretricum
1558 2517 1616 2570 et
1637 2512 2084 2587 publicanorum

441 2600 647 2674 (Matth.
689 2602 790 2676 x1).
841 2602 1127 2660 Vocantes
1183 2602 1359 2659 etiam
1414 2620 1547 2659 eum
1607 2603 1995 2671 seductorem,
2030 2605 2087 2659 et

435 2688 901 2765 improperantes
930 2691 982 2749 ei
1008 2709 1021 2748 :
1048 2694 1208 2749 Alios
1236 2692 1415 2749 salvos
1444 2694 1593 2764 fecit,
1615 2694 1855 2765 seipsum
1872 2693 2087 2747 salvum

432 2779 616 2851 facere
642 2795 756 2837 non
792 2789 969 2853 potest
1020 2781 1240 2853 (Matth.
1272 2784 1466 2850 xxvn).
1498 2781 1858 2837 Afflictiones
1905 2780 2083 2836 etiam

432 2865 495 2923 in
542 2883 783 2942 corpore
828 2886 1040 2943 passus
1090 2874 1199 2937 est,
1234 2874 1299 2926 ut
1339 2868 1560 2943 alapas,
1602 2874 1797 2942 sputa,
1827 2868 2081 2937 vincula,

432 2954 681 3030 ﬂagella,
715 2960 1224 3016 mortem.Fratres
1256 2959 1395 3027 mei,
1419 2960 1469 3016 si
1501 2960 1655 3015 Deus
1689 2957 1971 3015 sustinuit
1997 2961 2085 3015 tot

432 3048 492 3103 et
520 3048 688 3103 tanta
714 3046 957 3122 indigna
986 3065 1089 3122 pro
1138 3048 1309 3105 nobis
1356 3048 1637 3121 indignis,
1672 3047 1813 3121 quid
1843 3065 1949 3105 nos
1977 3048 2083 3104 de-

2189 467 2373 523 Adam
2390 471 2711 524 tentaverat
2725 472 2783 524 et
2800 464 3537 523 vicerat.Convenientibus
3559 479 3713 536 ergo
3734 466 3867 519 erat

2190 559 2257 611 ut
2284 555 2385 629 qui
2417 573 2519 629 per
2548 556 2775 630 lignum
2806 555 3109 613 hominem
3138 554 3486 627 vicerat,per
3504 551 3761 627 lignum
3794 552 3865 606 ab

2190 644 2429 701 homine
2474 645 2823 702 vinceretur.
2856 643 3218 702 Conveniens
3268 645 3392 700 erat
3436 646 3504 697 ut
3534 641 3731 698 homo
3763 640 3865 713 qui

2192 738 2528 806 peccaverat
2548 752 2652 808 per
2679 734 2822 810 ligni
2849 732 3564 800 dulcedinem,sanaretur
3583 747 3704 804 per
3720 728 3866 803 ligni

2191 825 2835 892 amaritudinem.Quod
2853 828 3051 881 autem
3072 821 3553 895 triumphaturus
3575 822 3750 876 esset
3772 823 3866 875 De.
3962 821 3963 891 ξ

2193 914 2393 971 minus
2423 914 2492 971 de
2521 913 3120 987 diabolo,przedictum
3154 914 3279 969 erat
3306 928 3341 966 a
3373 908 3711 966 Psalmista
3735 926 3751 965 :
3773 910 3863 966 Di-
3962 924 3963 937 π

2190 1004 2314 1071 cite,
2346 1002 2556 1075 inquit,
2610 1005 2669 1059 in
2718 1004 2990 1073 gentibus,
3041 1003 3170 1075 quia
3218 1001 3484 1057 Dominus
3532 1000 3860 1068 regnarita

2195 1092 2341 1164 ligno
2371 1093 2541 1162 (Psal.
2564 1092 2688 1164 xcv)
2720 1091 2854 1165 (45).
2890 1090 3193 1159 Quomodo
3218 1106 3431 1163 passus
3462 1088 3605 1144 est?
3652 1090 3859 1160 sponte

2193 1184 2250 1235 et
2277 1179 2636 1236 innocenter.
2661 1178 3189 1253 Sponte,quoniam
3209 1176 3443 1235 tradidit
3465 1175 3789 1247 judicanti
3808 1190 3861 1231 se

2194 1267 2415 1339 injuste
2443 1269 2490 1341 (ι
2515 1267 2935 1341 Petr.u).Unde
2965 1267 3122 1324 idem
3155 1264 3237 1323 ait
3268 1283 3283 1322 :
3315 1267 3479 1323 Nemo
3530 1266 3694 1322 tollit
3724 1283 3761 1320 α
3790 1280 3863 1321 me

2194 1359 2441 1413 animam
2486 1374 2683 1425 meam,
2715 1357 2808 1414 sed
2855 1373 2950 1430 ego
2992 1373 3135 1430 pono
3180 1373 3320 1424 eam,
3351 1362 3405 1412 et
3446 1356 3668 1411 iterem:
3718 1370 3863 1411 sum

2194 1461 2315 1501 eam
2346 1446 2522 1517 (Joan.
2553 1448 2631 1517 x).
2667 1446 3030 1514 Innocenter,
3082 1444 3363 1518 quoniam
3408 1451 3715 1517 peceatum
3766 1459 3862 1500 nos

2192 1537 2341 1607 fecit,
2372 1552 2470 1592 nec
2514 1538 2763 1592 inventus
2809 1542 2889 1592 est
2931 1530 3089 1592 dolui:
3139 1537 3199 1590 in
3239 1551 3333 1590 ore
3359 1535 3477 1607 ejus
3505 1535 3561 1603 (ι
3589 1535 3758 1590 Petr.
3790 1536 3860 1605 ιι).

2196 1624 2490 1680 Patienter
2518 1624 2820 1698 quoniam,
2849 1640 2975 1680 cum
3001 1622 3438 1692 malediceretur,
3467 1638 3587 1679 non
3624 1622 3862 1679 maledi-

2195 1713 2365 1779 cebat,
2396 1729 2520 1768 cum
2545 1721 2823 1785 pateretur
2858 1728 2969 1769 non
3020 1714 3458 1768 comminabatur
3484 1711 3714 1782 (ibid.).
3750 1711 3859 1768 Ima

2197 1801 2429 1857 Petrum
2462 1800 2778 1874 redarguit,
2802 1804 2860 1857 et
2880 1817 3083 1858 aurem
3114 1816 3293 1872 quam
3325 1803 3861 1872 amputaverat,sa-

2196 1889 2375 1946 navit.
2408 1889 2524 1945 Nos
2569 1906 2826 1963 quoque,
2858 1890 3090 1958 fratres,
3122 1888 3386 1962 Magistri
3436 1888 3629 1945 nostri
3685 1888 3861 1947 vesti-

2195 1978 2292 2052 gia
2340 1994 2675 2051 sequentes,
2707 1978 2999 2052 patiemur
3047 1982 3257 2051 sponte
3302 1994 3506 2034 amara
3555 1981 3616 2033 et
3666 1977 3860 2035 tristia

2195 2067 2377 2139 hujus
2407 2067 2633 2137 mundi,
2668 2067 2947 2141 quoniam
2980 2067 3133 2124 sicut
3162 2067 3435 2123 inﬁrmus
3485 2083 3610 2122 non
3656 2083 3859 2140 perve-

2196 2155 2281 2211 nit
2331 2156 2402 2211 ad
2455 2155 2787 2229 sanitatem,
2818 2155 2931 2212 nisi
2974 2155 3165 2212 trisiia
3221 2155 3497 2228 patiendo
3550 2158 3611 2212 et
3656 2172 3860 2213 amara

2195 2244 2509 2317 gustando,
2538 2244 2623 2301 ita
2673 2262 2782 2301 nos
2839 2244 3060 2301 inﬁrmi
3118 2245 3372 2318 peccatis
3431 2243 3550 2300 nisi
3607 2245 3769 2301 dura
3806 2249 3857 2301 et

2196 2351 2397 2390 amara
2426 2334 2721 2408 patiendo,
2752 2335 2823 2391 ad
2854 2351 3051 2391 veram
3101 2333 3352 2390 salutem
3399 2334 3714 2407 pervenire
3744 2351 3851 2389 non

2193 2423 2803 2492 valemus.Patiamur,
2821 2428 3113 2496 quantum
3143 2439 3485 2496 possumus,
3506 2422 3855 2479 innocenter

2195 2513 2266 2568 ad
2298 2512 2628 2586 exemplum
2662 2512 2888 2569 Domini
2918 2511 3141 2582 nostri;
3175 2516 3241 2567 ut
3268 2529 3450 2585 poenae
3490 2511 3851 2584 temporales

2194 2619 2311 2658 non
2342 2603 2463 2658 sint
2493 2602 2660 2658 nobis
2691 2619 2864 2675 poena
2891 2601 3097 2676 culpae,
3127 2602 3229 2658 sed
3262 2600 3542 2657 meritum
3596 2618 3847 2657 corona.

2195 2691 2306 2747 Sed
2332 2691 2382 2747 si
2414 2691 2767 2765 quandoque
2796 2707 2900 2764 pro
2933 2689 3187 2764 peccatis
3209 2688 3430 2746 nostris
3452 2688 3849 2763 flagellamur,

2190 2778 2252 2835 in
2283 2779 2429 2853 ipsis
2463 2777 2730 2853 flagellis,
2764 2796 2925 2836 more
2954 2779 3139 2835 dextri
3172 2778 3437 2846 latronis,
3462 2794 3574 2834 nos
3603 2777 3847 2834 meritos

2192 2869 2556 2936 confitentes,
2590 2868 2854 2942 puriores
2899 2868 3236 2936 reddamur,
3269 2884 3386 2924 non
3417 2882 3584 2924 more
3616 2864 3845 2924 sinistri

2190 2957 2436 3014 latronis
2466 2956 2526 3013 in
2559 2957 2869 3030 iniquitate
2900 2962 3102 3014 nostra
3128 2956 3495 3024 induremur,
3522 2960 3584 3012 et
3613 2956 3693 3013 de
3719 2973 3849 3013 cor-

2192 3046 2557 3120 reptionibus
2573 3047 2800 3119 pejores
2817 3045 3466 3103 efﬁciamur.Patiamur
3480 3050 3541 3101 et
3558 3046 3850 3118 patienter

432 3135 643 3193 bemus
692 3136 879 3193 facere
926 3154 1030 3211 pro
1079 3155 1169 3206 eo,
1200 3137 1317 3193 imo
1360 3154 1463 3210 pro
1495 3136 1710 3194 nobis?
1745 3141 1894 3194 Deus
1925 3137 2084 3194 dives
2114 3122 2157 3190 C
2192 3152 2307 3192 non
2340 3139 2863 3205 remurmurantes,
2880 3152 2996 3191 non
3019 3133 3313 3208 judicium
3343 3133 3445 3190 Dei
3472 3138 3845 3201 accusantes,

435 3224 702 3281 omnium
733 3224 922 3282 factus
953 3230 1042 3282 est
1070 3242 1174 3298 pro
1204 3230 1261 3282 te
1282 3243 1523 3299 pauper.
1558 3226 1624 3280 Et
1654 3228 1718 3281 tu
1749 3242 1854 3298 pro
1895 3226 2082 3283 salute

434 3317 540 3371 tua
568 3313 789 3388 refugis
818 3331 946 3371 esse
978 3314 1239 3388 pauper?
1259 3319 1412 3371 Deus
1443 3331 1547 3388 pro
1577 3318 1634 3370 te
1665 3331 1876 3388 passus
1897 3320 1985 3372 est
2005 3314 2084 3371 fa-

436 3419 591 3459 mem
602 3402 1219 3474 ,sitim,lassitudinem
1235 3406 1294 3460 et
1308 3402 1700 3471 tristitium,et
1714 3402 2078 3475 hujusmodi.

434 3491 504 3548 Et
532 3495 599 3548 tu
629 3508 733 3565 pro
757 3494 861 3547 tua
891 3490 1077 3548 salute
1106 3491 1229 3548 hinc
1263 3491 1481 3565 refugis
1513 3491 1676 3564 pati?
1704 3491 1856 3548 Deus
1886 3496 1943 3548 et
1972 3497 2079 3550 Do-

434 3579 633 3636 minus
662 3579 924 3635 omnium
947 3579 1229 3636 sustinuit
1244 3584 1481 3653 propter
1498 3597 1558 3636 se
1575 3580 2082 3652 subjectionem,et

431 3666 686 3725 reddidit
713 3667 1003 3725 tributum
1033 3668 1265 3725 Caesari.
1284 3669 1355 3724 Et
1383 3673 1447 3725 tu
1480 3686 1584 3743 pro
1616 3673 1720 3725 tua
1748 3669 1955 3740 salute,
1989 3687 2080 3727 re-

428 3754 585 3830 fugis
607 3756 1030 3828 subjectionem
1054 3761 1110 3813 et
1131 3756 1417 3813 tributum
1442 3756 1566 3813 dari
1589 3756 1953 3831 principibus
1972 3762 2078 3815 ter-

428 3843 672 3901 rarum?
702 3845 883 3901 Deum
914 3850 1152 3919 propter
1183 3849 1239 3902 te
1270 3844 1552 3901 sustinuit
1581 3845 1842 3902 convicia
1870 3852 1926 3903 et
1946 3847 2079 3902 irri-

427 3933 622 3991 siones
651 3950 687 3990 a
716 3933 918 3991 servis.
950 3935 1021 3990 Et
1048 3938 1112 3991 tu
1153 3934 1226 3991 ab
1273 3933 1617 4007 aequalibus,
1645 3935 1765 3990 haec
1813 3935 1920 3992 tibi
1962 3935 2078 3992 dici

426 4038 543 4079 non
572 4026 736 4095 potes
767 4022 934 4096 pati?
955 4023 1109 4079 Deus
1139 4040 1352 4096 passus
1381 4027 1468 4080 est
1498 4027 1734 4096 propter
1760 4027 1817 4081 te
1848 4024 2078 4099 ﬂagella

423 4114 482 4168 et
510 4114 794 4181 mortem;
828 4115 886 4168 et
914 4119 975 4168 tu
1006 4129 1110 4185 pro
1142 4112 1543 4185 redemptione
1572 4111 1781 4169 animae
1812 4117 1925 4169 tuae
1957 4131 2074 4170 non

424 4201 590 4274 potes
620 4200 900 4274 pati,quze
929 4200 1295 4271 tamen,velis
1327 4200 1477 4257 nolis
1509 4217 1794 4275 pessume
1825 4206 2075 4270 est,tan-

426 4288 603 4346 dem?
632 4289 1091 4359 Fratres,omnia
1118 4290 1257 4346 vilia
1286 4295 1343 4346 et
1372 4307 1582 4363 aspera
1610 4290 1893 4347 sustinuit
1920 4291 2074 4350 Deus

423 4394 529 4452 pro
561 4376 967 4452 nobis,praeter
994 4379 1682 4453 peccatum.Econtrario,
1708 4397 1815 4436 nos
1847 4380 2070 4451 miseri,

421 4467 845 4541 subjectionem
859 4467 1079 4541 peccati
1092 4472 1148 4525 et
1159 4468 1375 4525 diaboli
1389 4467 1676 4541 patienter
1686 4469 2069 4541 sustinemus,

420 4557 847 4630 subjectionem
877 4574 1011 4615 vero
1040 4557 1371 4625 hominum,
1399 4562 1801 4630 paupertatem
1830 4563 1887 4615 et
1916 4559 2070 4615 afﬂi—

421 4646 675 4703 ctionem
707 4646 857 4720 (quas
890 4646 1185 4703 medicina
1213 4651 1353 4703 sunt
1374 4646 1729 4716 animarum)
1745 4647 1867 4721 pati
1885 4648 2071 4705 nolui-

419 4735 657 4793 mus.Ut
686 4735 827 4809 quid
859 4735 1026 4792 haec?
1055 4734 1170 4792 nisi
1201 4735 1341 4809 quia
1371 4752 1487 4792 non
1516 4735 1641 4809 lege
1672 4737 1911 4808 Dei,sed
1942 4738 2067 4813 lege

419 4828 620 4880 nostra
663 4825 854 4881 vivere
901 4823 1192 4893 volumus,
1227 4828 1284 4880 et
1313 4828 1597 4893 nostram,
1630 4843 1745 4880 non
1779 4825 1879 4883 Dei
1911 4826 2062 4884 viam

418 4910 816 4983 sequimur.In
849 4930 962 4986 quo
994 4929 1205 4987 passus
1240 4913 1372 4969 est?
1403 4930 1579 4986 super
1606 4913 2065 4989 lignum.Dispo-

415 5004 614 5056 suerat
642 5018 899 5074 namque
929 5002 1083 5059 Deus
1114 5002 1185 5058 ab
1201 5006 1433 5058 ~aetcrno
1484 5002 1782 5059 Christum
1814 5005 1875 5060 in
1904 5004 2064 5079 ligno

414 5102 753 5161 passurum,
786 5094 914 5146 tum
960 5092 1099 5164 quia
1128 5091 1237 5148 hoc
1266 5108 1453 5158 genus
1485 5091 1688 5148 mortis
1718 5098 1842 5151 erat
1866 5094 2060 5165 vilius,

412 5178 546 5233 tum
576 5176 717 5249 quia
746 5174 1398 5238 convenientius.Vilius
1429 5180 1644 5254 quippe
1674 5186 1815 5252 erat,
1840 5184 1981 5257 quia
2001 5185 2063 5241 in

412 5264 575 5337 ligno
606 5268 1117 5341 suspendebantur
1136 5269 1391 5327 latrones
1416 5274 1473 5326 et
1502 5270 1603 5326 rei.
1627 5274 1759 5328 Haec
1788 5289 1923 5347 ergo
1954 5290 2062 5333 nos

414 5352 539 5426 pati
561 5355 765 5433 voluit,
800 5358 902 5433 qui
932 5376 1040 5432 pro
1068 5358 1238 5415 nobis
1269 5358 1387 5431 pati
1423 5357 1632 5417 viliora
1676 5360 1875 5419 voluit.
1908 5364 2061 5421 Con-

488 5526 601 5609 (45)
627 5510 799 5614 Vulg.
832 5552 950 5596 non
977 5534 1115 5593 hab.
1146 5552 1182 5594 α
1213 5535 1382 5608 ligno.

2190 3225 2291 3281 sed
2327 3230 2437 3281 Deo
2469 3222 2687 3297 gratias
2718 3223 3088 3298 agentes,qui
3111 3222 3323 3279 Filium
3346 3238 3524 3295 quam
3548 3222 3694 3296 plus
3725 3220 3847 3279 dili-

2189 3312 2292 3387 git,
2326 3312 2565 3385 corripit
2596 3315 2786 3384 (Hebr.
2821 3312 2941 3386 xu),
2972 3312 3225 3369 scientes
3287 3311 3428 3385 quia
3487 3328 3698 3383 penne,
3752 3314 3847 3368 aut

2189 3407 2425 3476 peccata
2452 3406 2728 3477 purgant,
2761 3405 2864 3458 aut
2901 3402 3232 3459 mercedem
3279 3405 3693 3474 augmentant.
3728 3400 3846 3465 Qua

2189 3491 2436 3547 utilitate
2466 3494 2669 3547 nostra
2716 3507 2928 3563 passus
2958 3491 3089 3548 est?
3121 3489 3512 3563 quadruplici.
3549 3490 3757 3546 Primo
3784 3494 3845 3545 ut

2188 3594 2423 3654 peccata
2455 3585 2658 3637 nostra
2686 3580 3295 3653 portaret,secundum
3314 3579 3471 3652 quod
3494 3579 3845 3652 praedixerat

2186 3671 2258 3726 de
2289 3687 2354 3726 eo
2386 3669 2567 3727 Isaias
2601 3685 2615 3725 :
2652 3670 2779 3727 Vere
2837 3670 3127 3741 languores
3184 3676 3398 3727 nostra:
3444 3670 3575 3740 ipse.
3609 3668 3764 3735 tulit,
3793 3675 3843 3724 et

2180 3765 2399 3831 peccata
2443 3766 2634 3815 nostra
2680 3760 2796 3830 ipse
2835 3759 3075 3830 portavit
3121 3759 3249 3829 (Isa.
3303 3759 3415 3827 LV).
3448 3756 3748 3826 Secundo,
3780 3760 3839 3811 ut

2184 3847 2529 3904 charitatem
2561 3864 2740 3920 quam
2773 3847 3030 3903 habebat
3060 3847 3121 3901 in
3143 3845 3363 3913 nos,sic
3383 3845 3556 3902 nobis
3578 3845 3844 3902 ostende

2183 3939 2354 4007 ret,et
2381 3953 2488 3993 nos
2519 3937 2591 3993 ad
2623 3936 2945 3993 amandum
2976 3952 3111 3992 eum
3134 3934 3354 3992 arctius
3374 3933 3840 3991 invitareLUnde

2184 4025 2308 4099 ipse
2330 4025 2410 4083 ait
2433 4043 2447 4081 :
2472 4026 2743 4098 Majorem
2763 4026 3089 4082 charitatem
3111 4041 3175 4081 ac
3192 4024 3541 4081 dilectionem
3560 4039 3726 4080 meo
3745 4024 3841 4079 lia-

2184 4115 2268 4171 bet
2293 4123 2355 4171 ut
2380 4116 2626 4171 animam
2652 4132 2812 4171 suam
2836 4123 3007 4187 ponat
3035 4115 3158 4187 quis
3183 4129 3286 4187 pro
3308 4115 3504 4170 amicis
3522 4114 3836 4183 sarisam

2178 4204 2597 4275 xu).Tertio,ut
2616 4203 2949 4276 exemplum
2973 4203 3128 4277 quod
3150 4219 3539 4275 sequeremur
3560 4201 3739 4259 nobis
3760 4217 3842 4258 re-

2180 4292 2491 4366 linqueret.
2512 4293 2675 4349 Unde
2704 4292 2832 4365 ipse
2863 4292 2946 4349 ait
2970 4308 2984 4348 :
3012 4295 3130 4366 Qui
3153 4293 3300 4348 mihi
3325 4293 3612 4348 ministrat
3640 4308 3735 4348 me
3760 4307 3841 4348 se-

2179 4391 2400 4454 quatur,
2433 4390 2485 4438 et
2511 4383 2612 4438 ubi
2656 4398 2779 4437 sum
2827 4399 2945 4452 ego,
2973 4383 3096 4438 illic
3140 4389 3193 4438 et
3236 4383 3494 4438 minister
3535 4396 3699 4437 meus
3742 4381 3844 4437 erit

2102 4492 2150 4559 Ι)
2180 4474 2359 4543 (Joan.
2390 4472 2513 4543 xu).
2549 4472 2786 4559 Quarto,
2815 4474 2882 4527 ut
2907 4487 3015 4528 nos
3046 4471 3118 4527 ab
3143 4486 3337 4527 errore
3367 4471 3439 4526 ad
3482 4470 3643 4559 viam

2181 4560 2343 4628 tatis,
2377 4577 2411 4616 a
2436 4558 2694 4616 tenebris
2719 4560 2791 4615 ad
2823 4559 3036 4628 lucem,
3068 4577 3103 4616 a
3131 4559 3294 4616 cultu
3342 4557 3564 4615 diaboli
3609 4559 3686 4616 ad
3718 4558 3839 4616 cul-

2180 4654 2309 4705 tum
2358 4648 2650 4705 Creatoris
2683 4648 2870 4705 nostri
2902 4666 3008 4705 nos
3039 4652 3352 4705 revocaret.
3376 4647 3633 4705 Eramus
3678 4650 3836 4706 enim

2180 4743 2334 4809 ante,
2370 4738 2584 4794 fratres
2614 4737 2929 4811 mei,quasi
2959 4754 3092 4795 oves
3124 4742 3387 4795 errantes
3416 4737 3549 4793 sine
3579 4742 3836 4811 pastore,

2174 4844 2412 4884 eramus
2438 4825 2597 4893 caeci,
2631 4827 2756 4884 sine
2785 4844 2922 4884 vera
2950 4825 3342 4898 luce,eramus
3373 4827 3703 4883 servientes
3726 4827 3838 4883 dia-

2174 4915 2326 4985 bolo,
2357 4916 2557 4990 ignoto
2586 4932 2722 4972 vero
2754 4916 3044 4973 Creatore.
3078 4916 3192 4973 Sed
3224 4932 3402 4985 nunc,
3436 4917 3655 4972 fratres
3697 4916 3832 4984 mei,

2172 5007 2560 5079 gaudeamus,
2581 5009 2639 5063 et
2668 5005 3043 5080 Redemptori
3074 5008 3274 5063 nostro
3305 5004 3526 5079 gratias
3558 5021 3831 5079 agamus,

2172 5095 2455 5167 quoniam
2486 5111 2643 5151 nunc
2675 5112 2884 5152 sumus
2916 5094 3177 5152 conversi
3209 5095 3281 5151 ad
3306 5095 3612 5153 Pastorem
3634 5099 3694 5150 et
3709 5093 3835 5167 Epi-

2172 5200 2415 5257 scopum
2476 5184 2808 5240 animarum
2864 5188 3196 5242 nostrarum
3246 5184 3295 5257 (I
3328 5184 3475 5239 Petr.
3510 5188 3620 5251 III),
3657 5198 3831 5256 quem

2171 5276 2291 5330 toto
2322 5273 2495 5330 corde
2526 5270 2767 5347 diligere
2797 5276 2854 5330 et
2878 5272 3017 5330 totis
3044 5273 3267 5329 viribus
3297 5270 3465 5344 sequi
3487 5271 3721 5328 tribuat
3739 5286 3832 5328 no-

2171 5362 2262 5420 bis
2292 5361 2663 5437 omnipotens
2693 5362 2860 5420 Pater
2890 5360 3272 5437 aeternus,qui
3293 5375 3428 5418 cum
3456 5360 3670 5418 eodem
3690 5359 3828 5417 Filio
