3982 6082
16 360 21 415 l

16 506 19 541 Ρ

143 324 300 387 1873

802 319 1158 384 HOMILLE
1197 319 1278 383 IN
1322 319 1573 384 EPIST.
1618 321 1725 384 E'I‘
1767 321 2055 389 EVANG.
2100 323 2454 389 DOMINIC.
2484 359 2564 371 —
2590 326 2792 391 PARS
2837 327 2884 391 I.

3389 330 3544 397 1874

137 460 198 514 et
227 454 449 530 Spiritu
477 457 679 511 sancto
706 452 846 510 vivit
875 456 934 511 et
959 457 1123 528 regat
1149 453 1304 510 Deus
1323 469 1428 527 per
1451 453 1650 511 omnia
1678 470 1785 511 sae-
1811 458 1871 527 Α
1898 455 2194 528 ρτωάἱοειι,
2224 460 2283 513 et
2310 473 2428 530 qua
2455 457 2760 516 deﬁciente
2784 456 2909 534 ipse
2938 463 3146 519 cessat.
3178 461 3249 519 Et
3267 464 3549 536 quoniam

137 545 271 603 cula
301 544 669 602 saeculorum.
700 545 906 600 Amen.

721 650 1020 708 HOMILIA
1059 649 1208 707 LVII

450 739 728 780 DOMINICA
766 739 1025 779 SECUNDA
1062 738 1201 779 POST
1238 738 1474 778 PASCHA.

203 814 358 871 Dixit
383 816 541 870 Jesus
569 811 859 886 discipulis
914 813 1074 869 suis:
1114 812 1225 881 Ego
1274 827 1395 868 sum
1445 818 1637 883 pastor
1693 812 1785 868 bo-

16 958 17 981 η
128 921 258 960 nus.
292 906 474 960 Bonus
500 909 686 975 pastor
713 903 959 958 animam
984 918 1146 957 suam
1172 900 1267 956 dat
1296 916 1399 972 pro
1441 902 1629 956 ovibus
1669 901 1785 956 suis

129 997 321 1065 (Joan.
350 994 430 1062 χ),
462 996 571 1048 etc.
603 989 887 1048 Dominus
922 1006 989 1047 ac
1037 989 1390 1061 Redemptor
1419 994 1636 1057 noster,
1668 989 1784 1045 fra-

16 1142 17 1155 χ
128 1087 253 1140 tres
282 1079 923 1154 charissimi,quaniam
945 1079 1107 1134 mitis
1128 1082 1218 1135 est
1248 1082 1305 1132 et
1324 1077 1568 1135 humilis
1590 1078 1780 1148 corde,

127 1172 350 1229 vilibus
395 1186 457 1227 se
505 1172 808 1243 comparat
845 1167 1130 1242 personis.
1163 1168 1290 1224 Non
1321 1167 1479 1224 enim
1508 1167 1591 1223 ait
1621 1183 1634 1223 :
1663 1168 1782 1240 Ego

129 1250 267 1317 sum
299 1260 490 1316 bonus
520 1274 639 1329 rex,
671 1258 861 1314 bonus
891 1255 1228 1330 imperator,
1263 1255 1364 1313 sed
1395 1271 1500 1329 ego
1532 1271 1665 1311 sum
1687 1256 1785 1311 bo-

129 1366 248 1407 nus
277 1351 498 1421 pastor.
526 1347 701 1403 Porro
732 1346 793 1402 in
822 1345 1090 1414 lectione,
1123 1362 1251 1419 quae
1298 1344 1448 1401 hanc
1485 1343 1778 1418 praecedit,

124 1436 364 1496 locutus
388 1436 581 1493 fuerat
608 1434 892 1493 Dominus
922 1435 993 1491 de
1022 1434 1168 1502 fure,
1194 1433 1330 1490 hinc
1359 1437 1783 1505 consequenter

125 1526 394 1602 loquitur
424 1527 497 1582 de
526 1524 908 1591 mercenaria,
940 1528 999 1580 et
1027 1524 1099 1580 de
1151 1523 1303 1579 bona
1351 1525 1603 1595 pastore.
1638 1523 1782 1579 Tres

123 1616 311 1691 igitur
339 1619 499 1687 sunt,
522 1615 635 1683 fur,
661 1612 1058 1670 mercenarius
1087 1615 1144 1669 et
1172 1616 1393 1684 pastor,
1417 1611 1571 1668 sicut
1599 1610 1781 1667 nomi-

122 1705 326 1775 nibus,
359 1706 441 1762 ita
472 1701 1282 1774 intraitu,intentione,opere,
1305 1704 1362 1756 et
1389 1700 1599 1756 merito
1622 1699 1781 1757 diffe-

1897 560 2032 600 oves
2090 562 2207 602 nan
2267 545 2478 619 diligit,
2511 548 2613 603 sed
2661 548 3123 606 emolumentum
3175 552 3331 625 quod
3361 553 3434 610 ab
3462 556 3549 614 eis

1894 633 2159 706 percipit,
2193 638 2397 706 pastor
2446 651 2561 691 non
2608 641 2715 705 est,
2759 638 3036 711 quoniam
3083 657 3199 697 non
3249 658 3403 711 oves,
3444 645 3547 701 sed

1898 726 2064 794 [sese]
2094 739 2330 796 pascere
2360 724 2585 797 quierit,
2617 725 2782 782 Unde
2813 727 3099 786 Dominus
3131 729 3246 787 ait:
3271 736 3548 791 Mercena-

1891 813 2014 867 rius
2062 819 2114 867 et
2153 813 2250 885 qui
2296 829 2408 869 non
2435 821 2517 870 est
2556 821 2766 888 pastor,
2796 817 2951 888 cujus
2977 834 3090 874 non
3116 827 3246 875 sunt
3273 836 3394 877 oves
3415 838 3545 894 pro-

1887 899 2183 972 priaNon
2214 901 2372 957 enim
2404 918 2507 974 per
2538 920 2798 960 amorem
2827 921 2926 962 eas
2954 905 3069 962 sibi
3090 906 3228 963 facit
3255 909 3541 982 proprias,

1892 989 1994 1044 sed
2027 1006 2130 1062 per
2158 994 2558 1064 contemptum
2589 1008 2624 1048 a
2652 1009 2715 1049 se
2743 991 2983 1051 alienas.
3010 995 3288 1054 lntroitus
3309 1014 3543 1073 quoque

1893 1078 2236 1134 mercenarii
2252 1078 2312 1135 in
2337 1079 2598 1137 Ecclesia
2614 1098 2731 1138 non
2745 1087 2833 1138 est
2850 1100 2953 1156 per
2970 1083 3268 1142 Christum
3276 1086 3539 1161 ,ostium,

1891 1167 1994 1223 sed
2036 1166 2230 1239 potius
2278 1185 2383 1241 per
2431 1170 2837 1238 ambitionem,
2870 1172 3277 1244 Simoniam,et
3304 1175 3540 1235 inanem

1890 1254 2158 1328 gloriam.
2192 1257 2301 1324 Qui
2353 1256 2488 1315 licet
2533 1259 2885 1333 quandoque
2922 1261 3048 1318 sine
3093 1280 3334 1321 munere
3362 1265 3539 1323 etiam

1887 1348 2128 1401 vocatus
2157 1345 2426 1415 introeat,
2460 1347 2599 1419 quia
2628 1352 2846 1421 tamen,
2878 1367 2995 1408 non
3026 1367 3154 1424 qua
3200 1353 3341 1411 Jesu
3371 1353 3539 1412 Chri-

1889 1433 1985 1502 sti,
2036 1433 2139 1491 sed
2183 1451 2311 1508 qua:
2359 1452 2468 1493 sua
2514 1441 2655 1494 sunt
2700 1439 2927 1512 quierit,
2963 1457 3081 1497 non
3112 1458 3216 1515 per
3242 1441 3539 1501 Christum

1889 1522 2127 1593 ostium,
2160 1525 2263 1581 sed
2293 1542 2396 1598 per
2424 1526 2806 1584 ambitionem
2844 1528 3045 1586 intrat.
3080 1531 3330 1589 Intentio
3361 1531 3538 1590 etiam

1888 1612 2253 1682 mercenarii,
2287 1614 2563 1686 quoniam
2609 1633 2758 1673 vana
2805 1621 2864 1674 et
2912 1618 3069 1675 mala
3108 1624 3220 1689 est,
3251 1620 3539 1695 quidquid

1887 1697 2046 1765 facit,
2076 1700 2361 1773 quidquid
2394 1702 2690 1774 pradicat,
2716 1704 3002 1778 quidquid
3034 1707 3219 1776 offert,
3242 1709 3536 1766 Deainac-

76 1976 84 1984 ’
119 1972 343 2031 diaboli
370 1971 552 2029 trahit
576 1974 634 2028 et
662 1969 892 2027 occidit.
927 1967 1036 2036 Qui
1066 1969 1212 2025 bene
1241 1968 1456 2025 dicitur
1482 1969 1596 2037 fur,
1630 1984 1777 2040 quo-

120 1799 345 1853 rentes.
377 1795 495 1852 Fur
521 1792 740 1866 quippe
767 1795 859 1848 est
886 1791 1215 1857 haereticus,
1239 1790 1339 1861 qui
1371 1788 1441 1846 de
1470 1787 1686 1845 unione
1716 1788 1779 1844 ﬁ-
1806 1834 1853 1872 Π
1888 1791 2124 1861 ceptum
2156 1789 2433 1847 est.Unde
2463 1791 2748 1850 Dominus
2778 1809 2882 1866 per
2912 1794 3262 1853 Malachiam
3292 1798 3537 1872 prophe-

120 1834 345 1853 ινιηνο.
377 1834 401 1852 .
426 1834 484 1850 ι..
522 1834 740 1866 νιηιν
767 1834 859 1848 ν...
886 1834 1215 1857 ..Μυκη-υ,
1240 1834 1339 1861 -ι-ι
1372 1834 1441 1846 -ν
1475 1834 1685 1845 ...μην
1716 1834 1754 1844 .-
1890 1834 2124 1861 --ιη----
2158 1834 2433 1847 νυν-νων
2463 1834 2748 1850 ww...“
2820 1834 2873 1850 ν.
2912 1834 3262 1853 "nussum...
3335 1834 3396 1855 ιυ
3442 1834 3537 1855 υσ-

119 1885 221 1941 dei
250 1888 310 1942 et
341 1882 606 1940 Ecclesiae
636 1898 770 1939 oves
800 1880 1014 1937 Christi
1045 1880 1295 1946 furatur,
1338 1883 1396 1935 et
1442 1878 1502 1934 in
1551 1881 1774 1951 partem
1806 1834 1855 1901 B
1888 1882 2009 1933 tam
2040 1876 2123 1934 eis
2153 1877 2416 1951 loquitur
2436 1880 2637 1938 dicens
2669 1898 2682 1938 :
2715 1834 2847 1952 szis
2875 1892 2955 1940 est
2984 1886 3045 1941 in
3072 1886 3220 1943 vobis
3249 1834 3348 1960 qui
3381 1834 3537 1945 clau-

1884 1966 1978 2022 dat
2006 1967 2169 2033 ostia,
2199 1973 2251 2023 et
2284 1969 2535 2026 incendat
2565 1971 2741 2028 altare
2785 1989 2968 2030 meum
3002 1977 3281 2046 gratuito?
3307 1981 3431 2035 Non
3457 1985 3539 2035 est

1882 2056 2032 2112 mihi
2080 2058 2332 2113 voluntas
2382 2060 2443 2114 in
2492 2061 2663 2128 vobis,
2707 2061 2843 2117 dicit
2886 2064 3167 2133 Dominus,
3218 2082 3422 2123 munus
3468 2066 3536 2125 de

116 2154 234 2224 Qui
257 2153 404 2209 male
431 2151 564 2221 agit,
596 2149 711 2206 odit
756 2149 931 2205 lucem
987 2148 1171 2221 (Joan.
1201 2149 1305 2221 ιιι).
1336 2147 1562 2203 Dicitur
1615 2147 1774 2203 enim
1880 2160 2054 2201 manu
2106 2153 2281 2202 vestra
2335 2163 2448 2203 non
2499 2149 2800 2221 suscipiam
2839 2150 2994 2223 (Mal.
3028 2155 3091 2221 ι).
3123 2152 3282 2226 Opus
3337 2157 3536 2212 autem

118 2064 287 2120 niam
316 2061 562 2129 furtum,
594 2059 654 2117 id
679 2063 771 2116 est
800 2059 1118 2116 obscurum
1148 2057 1360 2131 diligit,
1383 2058 1554 2129 juxta
1581 2055 1726 2112 illud
1756 2072 1769 2110 :

112 2242 272 2300 latro
302 2258 338 2297 a
365 2239 623 2308 latendo,
647 2237 929 2311 quoniam
960 2238 1124 2296 sedet
1153 2236 1214 2293 in
1244 2236 1477 2293 insidiis
1507 2235 1775 2304 occultis,

113 2335 188 2389 ut
216 2328 531 2387 interﬁciat
558 2328 956 2384 innocentem.
983 2327 1109 2383 Non
1141 2325 1298 2382 enim
1330 2342 1527 2382 caram
1557 2325 1777 2381 sanctis

116 2418 464 2478 doctoribus
492 2417 594 2474 sed
626 2415 777 2473 clam
808 2420 866 2472 et
885 2415 1089 2472 furtim
1112 2413 1481 2488 simplicibus
1500 2419 1558 2471 et
1576 2412 1776 2471 idiotis

115 2508 301 2566 audet
318 2523 487 2564 suam
504 2505 772 2562 haeresim
789 2504 1124 2579 praedicare.
1140 2504 1252 2561 Sed
1276 2520 1380 2560 nec
1400 2519 1505 2576 per
1533 2501 1771 2571 ostium,

113 2602 270 2656 teste
298 2594 546 2653 Domina
592 2594 774 2651 intrat
819 2593 881 2650 in
929 2593 1079 2651 ovile
1121 2594 1340 2659 avium,
1374 2594 1475 2649 sed
1508 2591 1776 2650 ascendit

114 2684 377 2755 aliunde,
411 2683 690 2757 quoniam
720 2699 837 2739 non
868 2699 972 2755 per
998 2681 1393 2739 humilitatem
1422 2681 1580 2751 ostii,
1603 2681 1663 2737 id
1686 2684 1773 2738 est

115 2774 357 2843 Christi,
388 2774 490 2831 sed
521 2789 623 2846 per
652 2770 988 2845 superbiam
1017 2774 1075 2828 et
1104 2771 1340 2827 inanem
1368 2770 1639 2844 gloriam,
1672 2787 1775 2826 nu-

120 2880 287 2922 mero
319 2862 580 2919 ﬁdelium
609 2878 672 2918 se
702 2860 935 2934 ingerit,
975 2864 1033 2917 et
1074 2875 1288 2917 nomen
1336 2859 1449 2916 sibi
1500 2858 1770 2917 assumit.

116 2952 373 3011 Intentio
404 2967 636 3025 quoque
663 2948 827 3006 illius
855 2953 945 3006 est
973 2966 1089 3006 non
1112 2949 1411 3022 prodesse,
1443 2949 1546 3005 sed
1578 2947 1774 3021 potius

116 3058 371 3118 praeesse
399 3046 457 3098 et
487 3056 710 3097 nocere.
743 3039 906 3095 Unde
933 3040 1195 3095 Dominus
1216 3057 1235 3094 :
1264 3041 1401 3103 Fur,
1423 3037 1635 3111 inquit,
1662 3053 1774 3094 non

1884 2235 2226 2291 mercenarii
2255 2240 2345 2291 est
2373 2235 2652 2293 honorem
2678 2243 2737 2294 et
2764 2237 2994 2295 lucrum
3024 2242 3343 2311 temporale
3372 2259 3536 2317 quaa-

1883 2338 2033 2391 rere,
2083 2340 2211 2380 sese
2266 2341 2526 2397 pascere,
2584 2327 2760 2383 verba
2809 2327 2935 2384 salo
2987 2330 3323 2402 praedicare,
3379 2332 3534 2391 malo

1884 2411 2148 2486 exemplo
2179 2429 2570 2487 corrumpere,
2606 2432 2809 2472 curam
2856 2417 3050 2474 avium
3098 2418 3392 2494 negligere
3435 2439 3537 2480 ve-

1885 2500 2079 2558 niente
2108 2500 2269 2575 lupa,
2304 2504 2746 2577 fugere.Amant,
2779 2504 2990 2579 inquit,
3022 2510 3229 2580 primos
3257 2510 3538 2570 accubitus

1884 2592 1946 2647 in
1972 2594 2156 2659 carnis,
2189 2601 2239 2649 et
2265 2594 2479 2665 primas
2505 2594 2790 2651 cathedras
2822 2597 2883 2652 in
2909 2599 3222 2670 synagogis,
3253 2608 3304 2657 et
3330 2602 3537 2660 saluta-

1883 2682 2054 2737 tiones
2084 2683 2141 2737 in
2169 2684 2310 2754 foro,
2341 2690 2394 2738 et
2422 2685 2605 2739 vocari
2644 2685 2712 2739 ab
2758 2685 3080 2742 hominibus
3116 2687 3294 2745 Rabbi
3322 2688 3529 2762 (Matth.

1882 2786 2049 2839 xxm;
2087 2774 2217 2825 Luc.
2251 2775 2368 2837 xx.)
2398 2772 2468 2827 Et
2495 2771 2708 2828 iterum
2741 2789 2844 2845 per
2874 2774 3220 2847 prophetam
3254 2794 3268 2834 :
3306 2778 3397 2837 Va?
3429 2796 3530 2852 pa-

1880 2858 2137 2922 storibus,
2196 2858 2407 2933 inquit,
2469 2860 2644 2917 Israel
2709 2864 2807 2935 qui
2856 2864 3152 2935 pascebant
3195 2870 3527 2941 semetipsos.

1881 2947 2070 3005 Nonne
2098 2964 2284 3021 greges
2316 2957 2621 3022 pascuntur
2648 2967 2683 3007 a
2707 2953 3058 3024 pastoribus?
3084 2956 3193 3011 Lac
3218 2956 3530 3014 comedeba-

1881 3039 1974 3106 tis,
2007 3038 2155 3094 lanis
2182 3040 2598 3110 operiebamini,
2630 3056 2848 3110 gregem
2874 3050 3059 3099 autem
3084 3060 3265 3100 meum
3288 3062 3402 3103 non
3423 3062 3528 3119 pa-

114 3133 288 3202 venit,
317 3132 433 3188 nisi
458 3137 521 3186 ut
544 3131 785 3201 furatur,
813 3136 865 3185 et
909 3128 1124 3195 mactet,
1171 3134 1224 3184 et
1260 3127 1471 3200 perdat.
1524 3128 1774 3182 Furatur
1812 3205 1837 3208 _7
1878 3128 2125 3184 scebatis.
2161 3126 2310 3195 Quod
2336 3144 2585 3185 crassum
2627 3137 2745 3186 erat
2790 3131 3079 3201 occidistis,
3110 3140 3163 3189 et
3198 3134 3338 3207 quod
3366 3137 3528 3208 inﬁr-

115 3219 508 3294 quippe,dum
529 3217 601 3274 ab
616 3216 831 3273 unione
850 3216 1118 3274 Ecclesiae
1132 3215 1364 3272 animas
1380 3218 1632 3288 separat;
1652 3231 1770 3271 ma-
1799 3205 1844 3272 C
1882 3232 2034 3271 mum
2060 3231 2170 3273 non
2196 3216 2574 3274 consolidastis
2602 3236 2622 3274 :
2651 3218 2793 3291 quod
2820 3227 3084 3289 aegrotum
3100 3205 3220 3278 non
3240 3205 3475 3281 sanasti:
3505 3244 3523 3280 :

115 3308 485 3382 ctatquippe,
508 3306 650 3363 dum
669 3321 892 3362 veneno
922 3305 1152 3378 perﬁda:
1166 3304 1405 3361 haeresis
1417 3321 1515 3361 eas
1526 3302 1767 3372 occidit;

115 3397 317 3474 perdit
344 3396 601 3470 penitus,
632 3395 775 3451 dum
807 3393 960 3451 mala
989 3393 1252 3467 exemplo
1283 3410 1383 3450 eas
1413 3392 1650 3467 penitus
1679 3392 1772 3448 de-

118 3486 317 3545 struit.
350 3484 509 3560 Opus
535 3499 669 3540 vero
698 3482 859 3539 illius
883 3487 973 3540 est
1001 3482 1301 3540 veritatem
1333 3482 1769 3555 Scripturarum

118 3574 278 3633 male
306 3573 743 3646 interpretando
772 3572 1104 3645 depravare,
1136 3571 1365 3628 veritati
1402 3571 1618 3628 falsum
1667 3571 1772 3628 ad-

119 3664 389 3731 miscere,
403 3661 629 3719 calamo
648 3660 796 3736 legis
815 3663 1009 3735 caput,
1026 3660 1086 3717 id
1116 3665 1206 3718 est
1234 3660 1597 3717 divinitatem
1614 3659 1773 3717 Chri-

120 3754 199 3813 sti
229 3753 600 3826 impugnare,
632 3767 736 3825 per
762 3749 1096 3826 hypocrisin
1132 3748 1419 3806 malitiam
1448 3766 1618 3807 suam
1647 3747 1772 3822 pal-

120 3841 290 3910 liare,
323 3845 381 3898 et
408 3841 494 3897 ita
521 3841 785 3914 decipere
803 3840 874 3897 de
902 3839 1077 3896 rebus
1096 3838 1517 3912 illorum,quos
1534 3838 1771 3912 decipit,

119 3931 333 3999 vivere,
355 3933 412 3988 et
440 3928 572 3986 illos
601 3927 760 3987 mala
789 3928 1055 3986 doctrina
1081 3932 1141 3985 et
1170 3928 1323 3985 malo
1352 3927 1617 4001 exemplo
1649 3943 1775 4000 per-

121 4020 280 4079 dere.
316 4018 590 4076 Meritum
621 4033 755 4075 vera
784 4016 945 4074 illius
973 4016 1297 4091 pessimum
1335 4021 1443 4085 est,
1493 4016 1773 4090 quoniam

123 4126 243 4167 non
267 4107 459 4167 solum
482 4106 690 4164 animos
713 4124 833 4164 suae
853 4110 943 4163 est
961 4106 1224 4175 reus,sed
1248 4105 1513 4162 omnium
1536 4104 1772 4161 illarum

124 4214 276 4272 quas
305 4195 458 4254 malo
488 4195 752 4270 exemplo
792 4199 850 4252 et
895 4194 1158 4251 doctrina
1197 4194 1388 4267 perdit
1417 4193 1770 4249 animarum.

126 4287 195 4344 Et
224 4289 368 4361 quat
399 4284 628 4342 animas
656 4285 868 4358 perdit,
881 4288 968 4340 tot
995 4283 1407 4340 damnationes
1436 4282 1770 4339 sustinebit.

125 4374 523 4435 Merceuarius
552 4390 685 4431 vero
714 4377 804 4430 est
829 4373 1023 4430 omnis
1052 4370 1150 4430 ille
1182 4373 1284 4445 qui
1314 4372 1373 4428 in
1402 4371 1658 4428 Ecclesia
1673 4371 1776 4428 Dei

129 4464 339 4538 quaerit
367 4462 696 4538 prasidere,
728 4479 845 4519 non
875 4463 948 4519 ad
978 4462 1260 4519 honorem
1290 4461 1413 4528 Dei,
1445 4477 1551 4517 nec
1582 4461 1653 4516 ad
1687 4476 1776 4517 sa-

1879 3304 2018 3377 quod
2044 3308 2284 3377 fractum
2321 3322 2429 3363 non
2478 3307 2773 3378 alligastis,
2819 3308 2961 3381 quod
3005 3311 3275 3383 abjectum
3302 3328 3415 3370 non
3441 3330 3524 3371 re-

1876 3392 2110 3451 duxistis
2140 3413 2157 3449 :
2189 3394 2331 3467 quod
2349 3397 2592 3468 perierat
2614 3413 2729 3453 non
2766 3399 3059 3470 quaesistis,
3106 3400 3198 3456 sed
3243 3417 3370 3458 cum
3413 3419 3522 3460 au-

1875 3484 2116 3540 steritate
2160 3485 2536 3556 imperabatis,
2586 3494 2639 3542 et
2681 3502 2806 3542 cum
2848 3490 3110 3559 potentia.
3141 3491 3219 3545 Et
3261 3490 3526 3563 dispersae

1876 3580 2005 3629 sunt
2029 3589 2149 3630 oves
2176 3589 2315 3631 mea:
2360 3590 2419 3630 eo
2465 3575 2606 3645 quod
2649 3591 2761 3631 non
2805 3585 2939 3633 esset
2973 3586 3174 3649 pastor,
3203 3582 3369 3653 facta
3395 3591 3527 3640 sunt

1880 3664 1938 3718 in
1988 3662 2374 3720 desolationem
2419 3664 2714 3720 bestiarum
2763 3668 2890 3736 agri
2943 3667 3125 3740 (Each.
3182 3675 3395 3739 xxxiv).
3438 3672 3521 3729 Ac

1879 3750 1931 3808 si
1960 3752 2176 3808 diceret
2190 3769 2204 3808 :
2218 3752 2363 3808 Cum
2379 3753 2452 3809 de
2470 3753 2835 3812 orationibus
2849 3758 2906 3812 et
2921 3756 3176 3828 peccatis
3197 3758 3398 3831 populi
3416 3777 3521 3819 vos

1882 3841 2417 3913 pasceretis,tamen
2449 3842 2708 3898 ofﬁcium
2740 3844 2990 3917 pastoris
3019 3862 3135 3901 non
3165 3846 3530 3915 fecistis,fra-

1881 3933 2041 3985 ctum
2072 3929 2317 3986 diversis
2345 3930 2828 3989 tribulationibus
2857 3933 3204 3990 sacerdotali
3261 3952 3371 4009 ope
3411 3954 3531 3995 non

1881 4016 2321 4087 consolidastis;
2356 4035 2663 4076 erroneum
2695 4020 2766 4076 ad
2797 4020 2952 4076 viam
2983 4022 3192 4079 salutis
3222 4040 3338 4079 non
3368 4040 3531 4082 revo-

1881 4106 2492 4178 castis,desperatione
2512 4107 2807 4179 perditum
2831 4109 3106 4181 pastorali
3138 4110 3530 4171 sollicitudine

1882 4212 1998 4252 non
2030 4193 2382 4267 requisistis.
2416 4194 2480 4250 In
2510 4195 2620 4251 hac
2650 4212 2885 4268 quoque
2934 4198 3005 4253 de
3048 4215 3165 4271 qua
3196 4216 3528 4258 sermonem

1882 4284 2131 4340 facimus
2160 4281 2488 4355 Evangelia,
2521 4282 2806 4340 Dominus
2833 4285 2906 4341 de
2935 4287 3291 4345 mercenaria
3337 4288 3481 4347 dicit
3509 4305 3524 4346 :

1887 4373 2044 4429 Vidit
2071 4373 2265 4445 lupum
2292 4372 2592 4427 venientem
2619 4379 2671 4428 et
2696 4372 3088 4449 dimittitpves,
3119 4384 3174 4432 et
3196 4379 3361 4449 fugit.
3412 4378 3527 4436 Lu-

1884 4479 1996 4535 pus
2026 4461 2319 4534 siquidem
2368 4463 2457 4516 est
2503 4460 2792 4529 diabolus,
2822 4462 2911 4519 vel
2946 4464 3212 4521 membra
3246 4465 3395 4537 ejus,
3428 4466 3529 4539 qui

127 4551 314 4643 lutem
345 4552 700 4643 animarum,
723 4551 1083 4643 sedtantum
1115 4549 1597 4643 adtemperalem
1628 4565 1777 4643 mer-
1804 4574 1855 4643 D
1884 4550 2090 4607 ovibus
2118 4549 2330 4606 Christi
2362 4547 2736 4605 insidiantur.
2762 4550 2821 4606 Si
2851 4551 3123 4609 diabolus
3151 4569 3285 4610 aves
3313 4553 3529 4611 Christi

130 4640 564 4715 cedem,quales
580 4644 721 4697 sunt
738 4639 1095 4713 hadie(unde
1119 4639 1435 4696 dolendum
1458 4644 1546 4696 est
1567 4638 1777 4714 magis)

132 4731 253 4789 fere
284 4747 488 4787 omnes
517 4729 739 4803 prmlati
764 4726 1176 4795 Ecclesiarum,
1208 4745 1323 4784 non
1354 4730 1778 4785 manducantes

132 4825 202 4877 ut
229 4818 641 4893 evangelizent,
673 4818 775 4874 sed
806 4815 999 4890 potius
1029 4816 1589 4891 evangelizantes,ut
1619 4834 1781 4873 man-

134 4907 372 4975 ducent,
397 4912 455 4964 et
483 4907 661 4981 (quod
694 4907 862 4980 pejus
901 4909 1012 4975 est)
1071 4907 1514 4973 manducantes,
1546 4910 1605 4962 et
1662 4922 1778 4962 non

135 4995 617 5070 evangelizantes.
650 4995 990 5054 Oblationes
1020 4993 1282 5052 ﬁdelium
1312 4999 1371 5051 et
1398 4999 1637 5068 peccata
1678 5011 1780 5068 pa-

136 5083 264 5158 puli
292 5085 745 5153 camedentes,et
774 5090 973 5142 tamen
1003 5100 1101 5140 eos
1132 5100 1246 5140 non
1276 5083 1651 5158 corrigenles,
1673 5101 1779 5142 nec

136 5172 491 5231 erudientes.
523 5173 810 5240 Quaeritur
836 5172 1093 5231 Ecclesia
1122 5188 1239 5228 non
1267 5172 1365 5227 ubi
1395 5173 1653 5231 abundet
1681 5175 1780 5231 de-

137 5260 292 5319 votio
303 5260 693 5332 fidelium,sed
705 5263 803 5319 ubi
816 5262 1077 5319 abundet
1087 5259 1411 5334 amplitudo
1426 5262 1753 5318 reddituum
1764 5303 1778 5318 .

140 5346 279 5406 Plus
307 5352 542 5405 amatur
568 5348 882 5406 multitudo
905 5349 1245 5423 iniquorum
1271 5364 1515 5405 munera
1544 5349 1785 5406 offeren-

140 5434 498 5512 tium,quam
518 5438 775 5496 Ecclesia
790 5456 1116 5512 pauperum
1132 5436 1393 5494 ﬁdelium
1412 5436 1560 5493 nihil
1582 5439 1785 5496 afferre

135 5524 486 5599 valentium;
508 5544 680 5601 parra
700 5528 858 5585 unde
883 5526 1279 5586 mercenarius
1298 5527 1547 5595 dicatur,
1580 5532 1786 5599 patens

141 5618 253 5685 est,
279 5616 557 5689 quaniam
586 5633 622 5674 a
651 5616 914 5674 mercede
966 5615 1291 5690 temporali.
1324 5620 1560 5689 propter
1607 5633 1784 5687 quam

1886 4643 2089 4709 tentat,
2121 4637 2427 4707 abstrahit,
2460 4642 2517 4694 et
2545 4638 2808 4709 dilaniat,
2842 4640 2967 4713 ipse
2998 4640 3168 4715 fugit,
3183 4642 3324 4697 dum
3353 4659 3533 4716 super

1885 4746 1984 4785 eas
2004 4727 2245 4801 vigilare
2277 4725 2576 4800 refugit.Si
2597 4726 2789 4783 malus
2809 4727 2984 4784 homo
3016 4730 3200 4786 bonos
3229 4730 3529 4804 opprimit,

1886 4818 1937 4875 si
1967 4817 2257 4891 pupillum
2278 4820 2337 4872 et
2355 4815 2590 4872 viduam
2608 4815 2895 4889 spoliat,si
2911 4817 3227 4875 Ecclesiam
3247 4817 3538 4893 inquietat

1887 4904 2319 4972 mercenarius;
2351 4903 2647 4961 incurram
2666 4906 2883 4962 timens
2902 4908 3187 4963 damnum
3217 4907 3535 4981 fugit,dum

1888 4995 2097 5069 rigoris
2127 4993 2475 5051 sententiam
2507 4998 2710 5051 contra
2756 4994 2943 5051 malas
2990 5012 3255 5053 exercere
3298 4994 3534 5071 refugit.

1889 5085 1958 5141 Et
1986 5100 2167 5157 quare
2196 5081 2384 5156 fugit?
2413 5085 2547 5155 quia
2572 5085 2948 5140 mercenarius
2976 5092 3141 5152 est,et
3168 5102 3277 5142 non
3300 5087 3540 5159 pertinet

1886 5174 1960 5232 ad
1986 5190 2109 5230 eum
2141 5172 2207 5227 de
2233 5172 2441 5239 ovibus,
2474 5171 2534 5226 id
2566 5177 2655 5228 est
2684 5172 3031 5242 mercedem,
3066 5190 3184 5230 non
3229 5189 3364 5230 oves
3407 5172 3539 5229 dili-

1891 5263 2081 5337 gebat.
2116 5259 2259 5316 Hinc
2290 5260 2573 5315 Dominus
2603 5277 2708 5333 per
2728 5260 3071 5334 prophetam
3105 5277 3122 5319 :
3148 5265 3273 5319 Non
3299 5262 3544 5320 ascendi-

1889 5354 1985 5409 stis
2011 5368 2081 5407 ex
2109 5349 2352 5417 adverso,
2383 5364 2482 5404 nec
2522 5350 2779 5421 posuistis
2826 5366 2916 5407 vos
2963 5367 3189 5407 murum
3231 5367 3336 5424 pro
3386 5350 3546 5409 domo

1891 5440 2063 5497 Israel
2092 5438 2305 5506 (Ezech.
2336 5440 2493 5505 xm).
2525 5438 2608 5493 Ex
2636 5438 2875 5495 adversa
2907 5440 3193 5507 ascendit,
3225 5445 3283 5497 et
3312 5455 3375 5495 se
3413 5453 3547 5494 mu-

1893 5545 2027 5586 rum
2058 5543 2163 5599 pro
2191 5529 2363 5584 domo
2396 5525 2571 5582 Israel
2602 5527 2843 5599 apponit
2862 5528 2963 5601 qui
2995 5526 3222 5585 fortiter
3247 5544 3312 5585 se
3343 5529 3548 5583 contra

1894 5620 2297 5693 persecutores
2325 5615 2578 5687 erigens,
2610 5631 2738 5672 sese
2766 5615 2827 5672 in
2855 5616 3259 5674 defensionem
3289 5630 3396 5690 pro
3440 5614 3548 5671 Eo-
