3982 6082
30 306 31 333 ‘
110 306 268 376 {8'17

106 893 165 946 et
195 887 346 944 male
373 884 536 953 vivit,
556 883 885 940 audiendus
911 884 1020 947 est,
1053 895 1172 935 non
1205 876 1562 949 sequendus.
1597 873 1761 930 Unde

28 996 29 1023 1
106 977 421 1035 Dominus:
456 976 806 1044 Qumeuuque
832 969 1077 1026 dixerint
1096 968 1245 1024 vobis
1274 972 1485 1022 servate
1501 971 1553 1020 et
1569 962 1761 1039 facite,-

102 1065 402 1123 secundum
454 1079 580 1119 vero
630 1078 794 1134 opera
837 1075 1025 1115 eorum
1080 1057 1250 1112 nolite
1303 1057 1524 1127 facere;
1569 1051 1761 1108 dicunt

102 1158 253 1213 enim
281 1162 332 1212 et
359 1169 469 1210 non
492 1152 710 1225 faciunt
741 1147 944 1222 (Matth.
978 1150 1161 1214 xxm).
1196 1147 1405 1200 Pastor
1432 1157 1590 1206 vero,
1621 1139 1762 1212 quia

101 1247 251 1302 bene
282 1242 558 1317 praedicat
586 1244 644 1296 et
686 1239 836 1294 bene
880 1235 1042 1305 vivit,
1075 1233 1404 1291 audiendus
1444 1234 1535 1287 est
1584 1233 1640 1285 et
1668 1245 1760 1284 se-

100 1333 392 1408 quendus.
426 1330 589 1387 Unde
630 1326 953 1384 Dominus:
994 1326 1177 1382 Vocem
1220 1322 1459 1396 pastoris
1500 1335 1623 1375 oves
1652 1335 1761 1373 au-

97 1407 261 1480 diunt
287 1428 340 1478 et
382 1426 721 1493 sequuntur;
764 1416 1013 1471 alienum
1043 1420 1224 1468 autem
1251 1427 1364 1467 non
1398 1407 1633 1465 audiunt
1662 1422 1764 1462 nec

95 1517 422 1586 sequuntur,
452 1510 585 1581 quia
614 1522 724 1563 non
762 1510 1030 1560 noverunt
1058 1517 1235 1557 vocem
1276 1500 1605 1555 alienorum.
1650 1496 1759 1551 De-

97 1583 241 1658 bent
259 1600 435 1656 etiam
466 1611 601 1653 oves
632 1597 928 1667 pastorem
960 1607 1137 1647 suum
1168 1604 1427 1662 pascere,
1455 1587 1513 1641 id
1545 1589 1633 1642 est
1660 1583 1762 1639 sti-

97 1688 317 1765 pendia
336 1682 682 1758 temporalia
701 1682 754 1739 ei
776 1680 1133 1747 ministrare,
1163 1682 1229 1733 ut
1245 1676 1515 1733 videlicet
1537 1674 1595 1730 in
1621 1690 1763 1730 cura

99 1764 382 1853 pastorali
426 1776 588 1831 tanto
637 1772 715 1828 sit
750 1768 1103 1842 vigilantior,
1137 1770 1357 1840 quanto
1388 1768 1477 1821 est
1502 1764 1573 1819 ab
1605 1766 1760 1819 exte-

98 1852 356 1925 rioribus
386 1863 545 1920 curis
575 1859 835 1917 liberior.
868 1857 1031 1914 Unde
1059 1852 1376 1928 Apostolus
1404 1870 1417 1908 :
1455 1853 1561 1921 Qui
1585 1853 1760 1925 pascit

96 1972 339 2029 gregem,
370 1962 421 2010 et
448 1953 514 2009 de
543 1952 680 2007 lacte
705 1949 820 2021 ejus
856 1964 967 2003 non
1014 1944 1292 2002 comedit?
1338 1943 1385 2012 (Ι
1411 1943 1530 1999 Cor.
1562 1940 1663 2014 1x.)
1695 1941 1763 1996 Et

102 2044 245 2103 alibi
272 2061 285 2099 :
318 2044 384 2100 Si
410 2041 577 2113 vobis,
609 2036 822 2110 inquit,
874 2034 1197 2108 spiritualia
1241 2033 1653 2096 seminavimus,
1684 2036 1765 2086 est

96 2149 369 2205 magnum
397 2132 450 2187 si
470 2137 646 2187 vestra
665 2125 994 2199 temporalia
1011 2131 1278 2179 metamus
1299 2120 1507 2191 (ibid.).
1538 2119 1763 2176 Debent

98 2224 280 2281 etiam
311 2237 446 2278 oves
471 2221 764 2292 pastorem
796 2230 970 2271 suum
994 2229 1108 2268 non
1124 2211 1413 2284 judicare,
1434 2208 1535 2265 sed
1564 2206 1760 2280 potius

99 2313 150 2370 si
185 2328 306 2386 qua
333 2313 492 2378 sunt,
527 2307 656 2379 ejus
679 2304 823 2360 vitia
853 2306 1046 2376 tegere
1075 2304 1132 2357 et
1160 2298 1557 2363 dissimulare,
1590 2294 1764 2352 remi-

100 2383 400 2458 niscentes
421 2395 701 2470 quoniam
719 2392 898 2450 Cham
910 2433 924 2460 ,
938 2389 1040 2463 qui
1061 2388 1334 2463 pudenda
1349 2386 1534 2460 patris
1557 2383 1759 2454 irrisit,

101 2487 514 2554 maledicitur;
568 2485 704 2541 Sem
734 2485 792 2538 et
819 2479 1093 2553 Japheth,
1135 2477 1235 2550 qui
1266 2477 1630 2541 obtexerunt,
1662 2474 1760 2529 be-

103 2578 481 2637 nedicuntur.
532 2574 756 2630 Debent
806 2571 984 2627 etiam
1028 2584 1170 2625 Ioves
1223 2567 1333 2622 sub
1365 2582 1482 2620 uno
1530 2566 1763 2636 pastore

105 2684 296 2726 unum
327 2664 474 2723 ovile
496 2661 619 2719 ﬁeri
647 2678 746 2735 per
766 2661 964 2725 ﬁdem,
996 2662 1054 2714 et
1083 2655 1450 2725 charitatem,
1483 2657 1541 2709 et
1569 2667 1763 2709 sacra-

106 2760 446 2814 mentorum
477 2752 778 2817 unionem,
810 2748 1089 2822 quoniam
1123 2762 1256 2803 oves
1277 2743 1566 2816 solivagas
1596 2743 1653 2797 et
1682 2756 1767 2795 er-

108 2863 321 2905 roneas
354 2840 624 2901 diabolus
656 2839 826 2912 rapit.
859 2838 1106 2894 Oremus
1137 2851 1295 2908 ergo,
1326 2837 1385 2890 et
1404 2848 1532 2899 nos,
1556 2831 1766 2886 fratres

109 2935 250 3006 mei,
282 2937 349 2990 ut
395 2934 599 2989 Pastor
644 2931 968 3001 pastorum,
1020 2924 1306 2980 Dominus
1351 2924 1550 2977 noster
1590 2918 1783 2975 Jesus

109 3024 403 3089 Christus,
425 3021 523 3078 det
541 3018 713 3076 nobis
729 3015 988 3073 ofﬁcium
1008 3013 1146 3070 boni
1161 3009 1410 3086 pastoris
1424 3006 1761 3081 adimplere,

110 3115 174 3172 in
200 3110 370 3170 vobis
395 3108 656 3167 studium
688 3106 976 3161 bonarum
1009 3101 1203 3159 ovium
1232 3100 1440 3167 facere,
1475 3099 1764 3171 quatenus

774 300 1129 369 HOMILLE
1169 301 1252 364 IN
1296 297 1546 363 EPIST.
1589 295 1695 360 ET
1734 291 2030 360 EVANG.
2074 298 2427 364 DOMINIC.
2457 299 2766 364 —-PARS
2809 299 2859 364 Ῑ.

28 450 29 457 ‘
109 442 337 501 temnit.
360 440 583 500 Debent
602 438 779 497 etiam
800 438 965 495 bonas
986 451 1121 494 oves
1142 438 1437 508 pastorem
1460 448 1634 488 suum
1657 446 1759 503 per
1784 426 1844 496 Α
1872 431 2363 505 concupiscentiis
2383 434 2575 491 carnis
2596 433 2948 508 possidetur,
2979 431 3387 508 spiritualibus
3404 436 3521 493 vir-

28 542 29 577 ?
107 531 499 592 obedientiam
518 529 739 597 audire,
759 531 817 584 et
832 544 936 600 per
954 523 1346 581 imitationem
1365 520 1552 594 sequi.
1582 520 1756 576 Porro

28 634 29 667 ἰ
107 640 241 681 eum
273 622 391 679 sint
418 624 557 687 tres,
587 616 1008 681 mercenarius,
1032 614 1144 677 fur,
1176 617 1233 668 et
1261 616 1481 685 pastor,
1507 609 1600 665 fur
1620 607 1760 681 quia

28 724 29 749 ³
106 708 256 767 male
286 709 560 782 praedicat
587 711 645 763 et
674 704 826 761 male
853 702 1015 769 vivit,
1040 718 1157 757 non
1188 704 1277 756 est
1297 698 1629 755 audiendus
1652 711 1758 752 nec

28 812 29 817 ‘
107 799 462 873 sequendus.
495 792 911 861 Mercenarius,
943 808 1100 860 vero,
1137 788 1275 863 quia
1302 789 1450 844 bene
1481 785 1761 860 praedicat

3365 299 3387 360 l
3400 296 3518 364 878

1865 520 2095 578 tutibus
2142 526 2475 591 evacuatur,
2535 524 2813 596 quoniam
2860 523 3145 597 gulositas
3200 523 3522 599 exstinguit

1867 610 2307 677 abstinentiam,
2416 612 2739 669 vinolentia
2843 614 3241 683 sobrietatem,
3341 613 3520 672 luxu-

1867 696 1956 754 ria
2043 699 2395 768 castitatem,
2471 701 2740 775 voluptas
2816 703 3205 772 severitatem,
3291 703 3519 778 cupidi-

1866 790 1957 842 tas
2024 789 2229 845 mundi
2296 793 2724 863 contemptum,
2791 795 2848 847 et
2913 796 3119 848 caetera
3179 792 3339 862 vitia,
3409 811 3518 850 caa-

1865 879 2022 932 teras
2070 876 2313 934 virtutes
2370 879 2770 952 exstinguunt.
2821 881 2891 937 Et
2934 880 3076 936 vitia
3135 881 3371 954 quidem
3428 883 3516 939 di-

1868 968 2083 1021 cuntur
2129 966 2405 1035 carnalia,
2437 968 2577 1040 quia
2606 986 2674 1024 ex
2716 986 2889 1025 carne
2933 968 3221 1039 oriuntur,
3255 974 3312 1027 et
3339 972 3401 1027 in
3431 972 3515 1029 eis

1866 1070 2001 1110 caro
2050 1054 2394 1122 delectatur,
2438 1056 2489 1111 ei
2524 1073 2625 1129 per
2653 1074 2721 1113 ea
2750 1057 2924 1114 homo
2964 1058 3217 1116 carnalis
3245 1060 3514 1132 efﬁcitur,

1865 1142 2125 1200 Virtutes
2152 1161 2285 1200 vero
2317 1144 2593 1201 dicuntur
2621 1145 2976 1218 spirituales,
3000 1147 3282 1220 quoniam
3312 1165 3383 1205 ex
3401 1153 3521 1206 stu-

1867 1231 1983 1287 diis
2013 1231 2256 1304 spiritus
2285 1231 2574 1300 oriuntur,
2605 1238 2663 1290 et
2692 1233 2751 1289 in
2783 1234 2869 1291 eis
2900 1234 3144 1308 spiritus
3175 1237 3518 1310 delectatur,

1868 1324 1924 1376 et
1954 1337 2058 1392 per
2077 1337 2175 1376 eas
2197 1320 2371 1377 homo
2394 1321 2722 1394 spiritualis
2747 1323 3015 1380 eﬂicitur.
3035 1325 3295 1393 Qualiter
3316 1344 3350 1383 a
3371 1327 3522 1384 desi-

1867 1409 2047 1465 deriis
2076 1409 2410 1466 carnalibus
2439 1411 2732 1468 abstinere
2761 1429 2863 1468 vos
2905 1413 3143 1472 obsecro
3164 1415 3193 1471 ?
3228 1419 3522 1489 Tanquam

1868 1498 2134 1555 advenas
2148 1500 2570 1574 etperegrinos.
2591 1500 2806 1557 Omnes
2822 1502 3113 1575 peregrini
3135 1506 3520 1565 suntadvenaa

1868 1588 1967 1643 sed
2002 1604 2117 1643 non
2148 1605 2353 1644 omnes
2403 1589 2636 1645 advenas
2668 1593 2808 1645 sunt
2839 1591 3149 1665 peregrini.
3184 1593 3335 1650 Sunt
3361 1595 3519 1653 enim

1868 1676 2109 1750 quidam
2142 1678 2395 1747 advenae,
2429 1678 2487 1733 id
2516 1681 2604 1734 est
2633 1677 2869 1735 aliunde
2890 1681 3211 1750 venientes,
3243 1682 3345 1755 qui
3375 1686 3521 1741 exsi-

1867 1764 2015 1822 lium
2046 1783 2151 1839 pro
2182 1765 2373 1839 patria
2402 1766 2604 1823 colunt
2631 1771 2689 1824 et
2719 1768 2991 1842 diligunt,
3029 1771 3129 1843 qui
3162 1775 3219 1828 et
3244 1772 3521 1846 inquilini

1868 1860 2168 1911 vocantur.
2208 1856 2499 1929 Peregrini
2528 1873 2664 1912 vero
2703 1857 2984 1914 dicuntur
3011 1876 3045 1915 a
3074 1863 3435 1934 peragrando
3465 1867 3523 1920 et

1870 1945 2226 2001 transeundo
2256 1961 2490 2018 semper
2517 1945 2589 2001 de
2609 1944 2735 2002 loco
2767 1947 2839 2003 ad
2870 1946 3084 2004 locum.
3116 1949 3234 2006 Nos
3264 1968 3519 2025 quoque,

1869 2033 2081 2089 fratres
2112 2033 2247 2101 mei,
2273 2033 2506 2090 advenae
2536 2051 2747 2092 sumus
2778 2035 2837 2091 in
2862 2035 3066 2094 exsilio
3087 2037 3267 2111 hujus
3291 2042 3518 2111 mundi,

1868 2126 1996 2177 tum
2028 2122 2167 2194 quia
2195 2121 2371 2178 creati
2406 2122 2626 2179 fuimus
2656 2123 2715 2179 in
2736 2125 2926 2197 primo
2948 2131 3187 2200 parente
3217 2133 3436 2198 nostro,
3457 2134 3524 2188 ut

1869 2227 2136 2267 essemus
2184 2210 2339 2267 cives
2371 2210 2527 2280 cmli,
2559 2229 2594 2268 a
2623 2230 2737 2286 quo
2766 2229 2870 2286 per
2897 2215 3151 2288 primam
3180 2219 3523 2290 praevarica-

1866 2299 2087 2355 tionem
2100 2299 2265 2372 ejecti
2283 2317 2492 2356 sumus
2511 2298 2572 2355 in
2594 2300 2702 2357 hoc
2718 2301 3008 2372 exsilium,
3028 2308 3156 2361 tum
3178 2305 3317 2378 quia
3336 2307 3526 2380 major

1872 2404 2006 2461 pars
2024 2387 2210 2443 nostri
2229 2387 2449 2456 anima,
2474 2387 2707 2444 natione
2728 2388 3000 2458 ccelestis,
3024 2409 3139 2448 non
3161 2397 3395 2453 terrena
3410 2399 3522 2454 est.

1870 2476 2116 2531 Advenac
2148 2492 2283 2532 vero
2331 2491 2560 2557 sumus,
2593 2480 2651 2532 et
2679 2493 2797 2532 non
2846 2479 3158 2552 peregrini,
3192 2481 3240 2538 si
3272 2482 3526 2542 coelestia

1872 2563 2094 2637 patriae,
2122 2562 2193 2619 ad
2222 2579 2399 2635 quam
2430 2562 2606 2619 creati
2639 2580 2868 2633 sumus,
2897 2566 3080 2635 obliti,
3105 2570 3395 2625 mundum
3420 2588 3526 2644 pro

1873 2652 2015 2708 ccelo
2027 2650 2331 2724 diligimus
2354 2656 2411 2706 et
2423 2651 2691 2721 colimus,
2707 2652 2975 2710 exsilium
2995 2672 3099 2728 pro
3110 2656 3320 2729 patria,
3341 2658 3524 2716 mise-

1874 2742 2021 2798 riam
2040 2758 2144 2814 pro
2164 2741 2334 2797 beata
2348 2740 2485 2796 vita.
2506 2740 2716 2805 Quales
2733 2742 2904 2798 multi
2928 2749 3196 2802 nostrum
3218 2747 3395 2816 (unde
3409 2765 3528 2805 ma-

1873 2829 1963 2905 gis
1994 2829 2309 2886 dolendum
2340 2830 2471 2901 est),
2494 2833 2634 2885 sunt
2654 2829 2849 2901 hodie,
2881 2832 3090 2890 fratres
3112 2835 3249 2903 mei,
3273 2836 3372 2908 qui
3396 2837 3526 2894 bea-

1872 2924 1994 2976 tam
2022 2918 2202 2975 vitam
2254 2935 2369 2974 non
2401 2934 2529 2974 esse
2561 2919 2882 2989 credentes,
2925 2922 3173 2980 terrenis
3216 2923 3522 2994 inhaerent,

1874 3026 1978 3084 pro
2008 3008 2257 3066 terrenis
2277 3007 2529 3081 litigant,
2554 3011 2838 3082 pugnant,
2863 3010 3157 3080 occidunt,
3176 3011 3268 3070 vel
3289 3013 3526 3087 erigunt

1874 3104 2089 3169 turres,
2110 3101 2168 3154 et
2193 3100 2540 3170 sumptuosa
2557 3102 2908 3154 construunt
2928 3099 3192 3170 aedificia,
3215 3119 3282 3159 ac
3302 3100 3353 3159 si
3374 3118 3526 3161 sem-

112 3202 351 3275 utrique
371 3199 443 3256 ad
472 3212 690 3271 pascua
718 3198 943 3250 aeternae
970 3189 1283 3247 viriditatis
1314 3170 1611 3262 pervenire
1641 3201 1762 3240 me-
1793 3170 1836 3236 C
1875 3204 1979 3260 per
2004 3185 2213 3242 victuri
2243 3189 2458 3242 essent.
2504 3185 2549 3242 Ο
2581 3186 2760 3242 miser
2789 3186 2984 3259 homo,
3018 3188 3278 3261 quotidie
3305 3191 3539 3250 transis

112 3273 391 3350 reamur:
426 3286 534 3353 Qui
581 3301 717 3341 cum
748 3284 917 3340 Patre
947 3285 1004 3338 et
1048 3279 1267 3353 Spiritu
1316 3280 1519 3335 sancto
1547 3273 1686 3330 vivit
1712 3276 1771 3330 et

113 3382 326 3455 regnat
352 3376 510 3434 Deus
530 3373 590 3430 in
624 3377 926 3429 aeternum.
958 3371 1165 3425 Amen.

679 3476 986 3535 HOMILIA
1014 3474 1207 3531 LVIII.

458 3568 740 3610 DOMINICA
774 3566 977 3605 TERTIA
1014 3563 1153 3603 POST
1192 3559 1423 3600 PASCHA.

188 3649 419 3706 Obsecro
464 3659 555 3701 vos
602 3649 862 3712 tanquam
903 3638 1141 3693 advenas
1165 3642 1216 3691 et
1241 3633 1554 3707 peregrinos
1600 3630 1776 3686 absti-

114 3753 258 3796 nere
284 3751 375 3792 vos
405 3751 441 3790 α
468 3731 788 3789 carnalibus
827 3725 1131 3789 desideriis,
1167 3738 1291 3796 quae
1312 3722 1559 3778 militant
1585 3719 1775 3775 adver-

114 3844 209 3885 sus
230 3825 481 3882 animam
511 3822 559 3894 (Ι
586 3823 733 3876 Petr.
763 3819 851 3886 ιι),
886 3820 993 3872 etc.
1027 3815 1167 3870 Tria
1196 3811 1335 3868 facit
1364 3808 1683 3883 apostolus,
1718 3806 1778 3862 in

117 3916 233 3973 hac
263 3912 533 3977 lectione,
582 3910 792 3964 fratres
835 3902 1188 3962 charissimi.
1220 3900 1416 3957 Primo
1446 3901 1646 3954 monet
1673 3912 1781 3952 nos

120 4001 447 4079 apostolus,
472 4002 538 4056 ut
556 3998 616 4054 in
632 3994 802 4053 nobis
819 3993 1182 4050 abstinenter
1199 3991 1466 4047 vivamus
1486 4005 1500 4056 ;
1524 3985 1780 4043 secundo

121 4074 190 4152 ut
211 4093 366 4150 inter
387 4092 591 4164 gentes
606 4086 756 4142 bene
776 4096 1215 4139 conversemur:
1235 4078 1427 4145 tertio,
1449 4080 1515 4131 ut
1535 4074 1782 4146 subjecti

123 4187 182 4241 et
222 4178 481 4237 humiles
534 4175 743 4233 simus.
794 4171 1074 4237 Primum,
1125 4167 1463 4224 obtinemus
1503 4163 1645 4219 vitia
1692 4163 1782 4218 fu-

121 4270 342 4347 giendo
368 4287 382 4338 ;
415 4265 764 4329 secundum,
786 4261 1034 4317 virtutes
1056 4255 1496 4328 consequendo;
1518 4252 1784 4320 tertium,

123 4341 491 4435 superbiam,
525 4371 652 4428 qua
682 4369 751 4408 ex
773 4351 859 4407 eis
887 4348 1049 4405 nasci
1072 4346 1241 4412 solet,
1272 4343 1561 4401 evitando.
1592 4341 1785 4397 Primo

124 4431 315 4524 igitur
362 4447 632 4503 hortatur
677 4458 786 4497 nos
832 4438 1196 4496 abstinenter
1241 4438 1299 4491 et
1330 4433 1547 4489 munde
1574 4431 1782 4497 vivere,

1875 3277 1946 3333 de
1974 3273 2228 3348 pueritia
2255 3275 2329 3331 ad
2342 3275 2732 3347 juventutem,
2756 3276 2827 3332 de
2840 3276 3148 3349 juventute
3169 3278 3241 3335 ad
3266 3283 3530 3337 senectu-

1877 3370 2019 3434 tem,
2069 3366 2140 3420 de
2188 3367 2484 3421 senectute
2515 3364 2587 3419 ad
2636 3370 2908 3432 mortem,
2941 3370 2998 3422 et
3026 3370 3083 3422 te
3128 3384 3529 3441 possessorem

1881 3453 2088 3511 mundi
2118 3452 2422 3510 arbitraris
2451 3457 2510 3508 et
2557 3453 2740 3509 civem
2767 3453 2779 3509 ι
2827 3454 2943 3511 Cur
2969 3455 3239 3514 homines
3270 3456 3531 3530 quotidie

1883 3542 2221 3603 morientes.
2249 3559 2356 3598 cur
2374 3541 2586 3597 tumuli
2607 3546 2663 3598 et
2683 3559 2819 3600 ossa
2830 3550 3218 3616 mortuorum,
3240 3562 3367 3619 quae
3389 3563 3533 3620 quo-

1882 3633 2026 3689 tidie
2053 3633 2265 3699 cernis,
2289 3648 2405 3687 non
2430 3635 2664 3688 movent
2682 3636 2738 3688 et
2765 3637 3004 3690 monent
3028 3635 3128 3690 te?
3148 3638 3212 3689 ut
3238 3634 3536 3709 intelligas

1888 3723 2021 3778 tein
2045 3721 2154 3777 hoc
2168 3721 2386 3777 mundo
2410 3721 2693 3777 advenam
2716 3726 2771 3777 et
2784 3721 3155 3796 peregrinum
3176 3724 3343 3782 esse?
3357 3724 3537 3782 Crede

1887 3828 2023 3884 ergo
2054 3809 2240 3866 oculis
2266 3809 2404 3877 tuis,
2439 3814 2495 3865 et
2523 3811 2862 3867 demonstra
2882 3817 2937 3867 te
2965 3809 3026 3867 in
3055 3812 3165 3869 hoc
3195 3815 3417 3870 mundo
3438 3815 3539 3870 ad-

1886 3916 2094 3956 venam
2125 3903 2181 3954 et
2225 3898 2582 3972 perigrinum
2636 3915 2784 3966 esse,
2817 3904 2873 3955 et
2900 3899 2994 3956 dic
3024 3917 3159 3957 cum
3209 3901 3533 3975 Propheta:

1894 3989 1991 4045 Ad
1994 4004 2141 4043 vena
2160 4003 2266 4060 ego
2275 4003 2395 4043 sum
2410 3992 2465 4042 et
2476 3989 2710 4056 peregri
2712 4003 2837 4059 nus,
2847 3989 2999 4044 sicut
3010 3998 3412 4062 omnespatres
3420 3990 3541 4047 mei

1892 4078 2061 4151 (Psal.
2105 4075 2361 4146 xxxvm.)
2403 4074 2570 4131 Plora
2600 4079 2656 4131 et
2683 4075 2935 4149 suspira,
2969 4081 3026 4132 et
3054 4076 3146 4132 dic
3176 4078 3327 4134 inter
3354 4078 3540 4135 mise-
3644 4128 3649 4137 .

1891 4165 2008 4222 rias
2038 4164 2219 4236 hujus
2234 4162 2421 4219 exsilii
2444 4180 2457 4218 :
2484 4168 2607 4219 Heu
2622 4180 2735 4231 me,
2758 4166 2897 4239 quia
2914 4164 3208 4222 incolatus
3232 4183 3392 4223 meus
3406 4183 3543 4240 pro-

1897 4255 2172 4328 tongatus
2184 4258 2265 4309 est
2280 4259 2299 4310 !
2317 4250 2503 4323 (Psal.
2527 4252 2698 4325 cxrx.)
2717 4252 2976 4316 Quatuor
2995 4253 3153 4323 facit,
3174 4253 3381 4311 fratres
3402 4253 3540 4324 mei,

1893 4342 2258 4418 peregrinus,
2283 4341 2353 4397 ad
2378 4342 2551 4396 ﬁnem
2565 4340 2667 4396 via:
2690 4341 2949 4414 quotidie
2961 4343 3217 4415 festinat,
3240 4342 3542 4401 meliorem

1896 4433 2162 4506 sequitur
2188 4430 2364 4495 viam,
2418 4428 2596 4486 nullis
2640 4430 2923 4487 retinetur
2950 4430 3393 4501 blandimentis,
3428 4449 3545 4488 non

127 4554 269 4596 cum
301 4536 410 4593 ait:
445 4535 671 4591 Obsecro
698 4546 790 4586 vos
821 4537 1085 4600 tanquam
1130 4525 1364 4580 advenas
1393 4529 1442 4578 el
1474 4521 1789 4594 peregrinos
1819 4543 1867 4608 Β
1896 4522 2087 4580 solum
2119 4538 2152 4575 a
2172 4519 2508 4592 superfluis,
2535 4519 2635 4575 sed
2657 4519 2835 4576 etiam
2853 4536 2886 4575 a
2908 4520 3260 4593 quibusdam
3282 4537 3547 4577 necessa-

126 4627 407 4685 abstinere
434 4640 525 4680 vos
555 4639 589 4677 a
617 4618 939 4677 carnalibus
966 4614 1251 4671 desideriis
1280 4626 1406 4684 qua?
1424 4611 1666 4666 militant
1695 4608 1789 4664 ad-

130 4732 321 4773 versus
367 4715 634 4769 animam.
670 4709 733 4765 1n
764 4706 982 4779 quibus
1030 4702 1302 4770 ostendit,
1346 4701 1558 4756 fratres
1587 4698 1726 4766 mei,
1755 4715 1790 4752 a

24 4800 25 4871 ξ
133 4803 354 4878 quibus
386 4800 681 4858 abstinere
728 4796 1069 4861 debeamus,
1102 4797 1160 4849 et
1198 4806 1398 4864 quare,
1429 4792 1485 4844 et
1517 4786 1788 4861 qualiter.

133 4874 183 4950 Ᾰ
213 4892 431 4965 quibus
449 4890 478 4945 ‘t
507 4906 541 4945 a
570 4886 909 4945 carnalibus
929 4879 1258 4945 desideriis,
1283 4879 1340 4935 id
1361 4881 1451 4934 est
1480 4894 1514 4933 a
1533 4874 1796 4965 gloriosi-

134 4964 282 5048 tate,
313 4996 348 5035 a
374 4977 710 5043 vinolentia,
744 4993 780 5032 a
807 4972 1062 5037 luxuria,
1091 4987 1125 5026 a
1152 4968 1470 5041 voluptate,
1505 4983 1539 5021 a
1568 4964 1791 5038 cupidi-

135 5074 280 5137 tate,
314 5085 349 5124 a
376 5083 526 5123 vana
554 5064 755 5139 gloria,
787 5067 847 5120 et
873 5080 908 5119 a
955 5059 1179 5117 caeteris
1206 5056 1385 5123 vitiis,
1418 5055 1636 5127 quibus
1669 5070 1792 5110 car-

136 5156 307 5216 nales
338 5154 721 5220 delectantur,
751 5156 809 5209 et
831 5149 1051 5224 quibus
1075 5144 1412 5203 delectando
1435 5142 1697 5199 carnales
1717 5143 1796 5198 ef-

136 5245 441 5304 ﬁciuntur.
503 5243 582 5300 De
613 5241 835 5314 quibus
864 5239 946 5295 ait
1000 5235 1255 5294 Paulus:
1292 5233 1399 5301 Qui
1449 5233 1685 5287 seminat
1736 5240 1796 5287 tn

136 5350 325 5403 carne,
356 5333 422 5391 de
449 5348 616 5389 carne
632 5329 1207 5401 metetcorruptionem
1237 5322 1443 5395 (Gatat.
1476 5319 1576 5391 v1).
1610 5320 1797 5384 Quare

138 5424 218 5482 ab
252 5423 340 5480 his
370 5421 787 5479 abstinendum
810 5421 921 5484 est,
945 5416 1083 5490 quia
1101 5413 1360 5471 militant
1380 5410 1656 5465 adversus
1678 5410 1798 5465 ani-

139 5528 325 5570 mam.
372 5512 490 5569 Hoc
535 5513 627 5567 est
672 5507 830 5581 quod
880 5506 1095 5563 Paulus
1126 5504 1245 5560 ait:
1282 5504 1419 5559 Caro
1468 5500 1797 5570 concupiscit

139 5602 404 5661 adversus
450 5601 710 5673 spiritum
766 5596 967 5669 (Galat.
998 5598 1076 5666 v).
1130 5592 1237 5657 Qui
1285 5589 1437 5647 enim
1473 5604 1507 5643 a
1556 5586 1712 5643 vitiis
1743 5594 1798 5645 et

1897 4612 2001 4667 riis
2027 4627 2089 4666 se
2121 4607 2396 4664 abstinet.
2430 4607 2548 4664 Nos
2580 4624 2812 4681 quoque
2851 4609 3081 4679 fratres,
3114 4612 3397 4682 tanquam
3426 4609 3547 4665 veri

1896 4697 2187 4773 peregrini
2206 4698 2277 4752 ad
2299 4698 2473 4752 ﬁnem
2491 4696 2669 4769 hujus
2687 4695 2892 4765 exsilii,
2914 4697 2985 4753 ad
3006 4702 3280 4754 aeternam
3298 4697 3548 4771 patriam

1898 4786 2267 4845 festinemus.
2292 4784 2591 4841 Meliorem
2612 4784 2769 4841 enim
2798 4785 2953 4842 viam
2985 4803 3323 4859 sequamur,
3352 4785 3552 4843 rectio-

1900 4893 2044 4944 rem,
2091 4874 2437 4949 planiorem,
2489 4873 2878 4931 mundiorem.
2936 4875 3280 4942 Rectiorem,
3332 4891 3437 4931 nec
3475 4875 3551 4932 ad

1902 4967 2199 5022 dexteram
2222 4980 2381 5018 vana:
2402 4961 2619 5035 gloriae,
2643 4979 2746 5020 nec
2769 4964 2839 5019 ad
2862 4963 3163 5021 sinistram
3180 4963 3436 5020 infamias
3459 4964 3554 5020 de-

1903 5053 2209 5121 clinantes,
2242 5051 2586 5124 planiorem,
2615 5056 2841 5108 montes
2871 5051 3140 5110 elationis
3169 5058 3228 5109 et
3252 5052 3430 5110 valles
3449 5053 3555 5110 de-

1902 5141 2252 5216 sperationis
2286 5140 2596 5213 fugientes,
2620 5142 3011 5210 mundiorem,
3037 5141 3281 5216 paludes
3311 5141 3555 5198 luxuriae

1904 5237 1962 5287 et
1991 5229 2314 5302 voluplates
2362 5230 2662 5286 evitantes.
2698 5229 2887 5287 Nullis
2935 5248 3170 5305 quoque
3200 5233 3561 5289 retineamur

1904 5318 2342 5376 blandimentis.
2363 5318 2529 5375 Sicut
2550 5320 2923 5393 peregrinum
2950 5339 3063 5377 non
3083 5319 3336 5378 retinent
3357 5319 3564 5375 ﬂorida

1906 5415 2092 5484 prata,
2126 5426 2241 5463 non
2261 5406 2487 5480 liquida
2508 5408 2915 5477 flumiina,non
2943 5426 3168 5466 ammna
3186 5409 3334 5476 loca,
3358 5407 3439 5461 ita
3460 5423 3565 5463 nec

1907 5516 2034 5565 nos,
2069 5497 2300 5561 fratres,
2333 5496 2579 5553 retineat
2604 5497 2977 5570 pulchritudo
2998 5499 3183 5570 hujuc
3204 5493 3425 5562 saeculi,
3448 5510 3566 5550 non

1907 5588 2084 5645 luxus
2128 5586 2491 5655 divitiarum,
2537 5604 2640 5643 nec
2682 5586 2880 5661 aliqua
2922 5587 3221 5660 voluptas,
3252 5587 3356 5644 aut
3381 5582 3571 5639 honor
