3982 6082
402 281 560 345 ιετθ
683 278 686 281 ’
1403 280 1797 344 ADDENDA.
1836 314 1911 327 —
1938 279 2345 343 RADULPHI
2386 281 2812 344 ARDENTIS.
3690 276 3871 341 esse

401 413 721 473 secularis.
753 415 881 472 Non
931 412 1126 473 solum
1161 414 1235 471 ab
1278 414 1554 473 omnibus
1584 411 1919 488 superﬂuis,
1953 412 2054 469 sed
2085 413 2142 483 Α
2172 410 2389 486 quippe
2419 410 2612 469 solum
2634 429 2742 470 nos
2765 412 2837 469 ad
2869 410 3118 470 invicem
3138 410 3473 482 humiliare,
3496 415 3559 469 et
3575 410 3871 468 invicem

400 501 576 562 etiam
607 520 643 561 a
671 503 1024 577 quibusdam
1046 504 1392 562 necessariis
1422 519 1583 560 more
1604 501 1893 576 peregrini
1916 502 2048 558 abs-
2162 517 2271 558 nos
2288 499 2539 557 subdere
2563 500 2867 571 debemus,
2892 501 3031 576 quid
3057 501 3211 576 quod
3236 502 3499 575 praecipit
3520 502 3667 574 ipse
3691 500 3868 567 fecit,

398 590 714 663 tineamus,
761 593 1044 651 evitantes
1090 593 1555 667 superﬂuitatem
1586 595 1883 661 curarum,
1917 608 2049 664 pos-

401 680 732 739 sessionum
753 686 812 739 et
839 682 1209 739 divitiarum:
1245 684 1448 740 Omnis
1472 683 1626 739 enim
1653 682 1752 755 qui
1777 681 1839 737 in
1861 696 2055 755 agone
2162 678 2513 735 levaremus.
2536 680 2665 735 Sive
2681 681 2840 754 regi,
2856 680 3025 754 quasi
3043 678 3433 751 pracellenti,
3454 680 3571 737 sive
3594 678 3870 736 ducibus

400 772 723 844 contendit,
751 772 828 829 ab
847 772 1115 829 omnibus
1135 789 1195 829 se
1214 773 1469 829 abstinet
1500 772 1553 845 (1
1569 772 1695 829 Cor.
1718 774 1820 842 IX,)
1839 771 2055 826 victum
2163 769 2335 841 quasi
2351 786 2390 825 a
2413 774 2526 825 Deo
2540 770 2748 841 missis,
2770 770 2854 825 ad
2876 770 3193 827 vindictam
3218 768 3722 844 male/actorum,
3742 770 3869 824 lau-

400 876 620 935 quoque
663 866 722 918 et
761 862 1034 918 vestitum
1081 862 1384 930 habentes,
1433 861 1521 917 his
1562 862 1819 917 contenti
1861 875 2058 916 sumus
2168 857 2303 914 dem
2330 874 2466 913 vero
2509 858 2804 914 bonorum.
2844 858 2961 915 Hoc
2992 863 3082 915 est
3125 859 3280 933 quod
3314 856 3535 915 Paulus
3565 858 3695 914 ait:
3733 862 3863 915 Non

404 953 458 1021 (I
489 950 635 1007 Tim.
683 948 802 1023 vn)
834 951 901 1007 Et
946 951 1123 1007 etiam
1166 952 1297 1025 ipsa
1354 949 1705 1016 necessaria,
1767 953 2058 1023 quantum
2167 951 2255 1003 est
2276 951 2543 1019 potestas
2570 946 2689 1002 nisi
2714 963 2751 1002 a
2780 948 2911 1016 Deo,
2941 954 2999 1002 et
3027 949 3133 1023 qui
3146 949 3436 1020 potestati
3451 946 3731 1018 resistit,
3755 946 3863 1003 Dei

406 1055 746 1114 possumus,
798 1039 1291 1096 circumcidamus
1336 1056 1497 1096 more
1534 1038 1848 1114 peregrini,
1879 1043 1936 1095 et
1964 1055 2057 1094 re-
2169 1036 3857 1110 ordinationiresistit.Visnontimerepotestatem?bonm

407 1127 792 1203 stringamus.
2166 1125 2290 1194 fac,
2313 1130 2369 1181 et
2386 1124 2631 1181 habebis
2649 1123 2879 1181 laudem
2899 1142 2971 1182 ea:
2990 1142 3081 1182 ea.
3107 1128 3177 1183 Si
3195 1132 3397 1183 autem
3412 1141 3657 1198 peccas,
3684 1126 3851 1190 time,

481 1217 765 1291 Sequitur
793 1234 931 1291 pars
971 1217 1250 1283 secunda,
1282 1215 1343 1272 in
1376 1233 1493 1291 qua
1523 1220 1722 1274 monet
1749 1214 2062 1290 Apostolus
2172 1216 2317 1289 quia
2338 1230 2455 1270 non
2473 1214 2595 1271 sine
2615 1231 2793 1271 causa
2820 1215 3101 1289 gladium
3127 1221 3328 1286 portat
3357 1216 3547 1286 (Rom.
3572 1216 3741 1287 xm.)
3770 1212 3852 1269 Ad

410 1309 478 1364 ut
505 1307 654 1365 bene
680 1306 835 1364 inter
858 1306 1525 1381 gentesconversemus,
1559 1306 1794 1363 dicens:
1829 1306 2061 1362 Conver-
2174 1303 2285 1360 hoc
2315 1302 2494 1369 enim,
2528 1303 2736 1360 fratres
2767 1302 2902 1372 mei,
2936 1304 3091 1361 Deus
3111 1304 3401 1361 ordinavit
3430 1307 3777 1377 potestates
3796 1301 3853 1357 in

409 1396 690 1454 sationem
708 1397 867 1454 inter
888 1401 1089 1470 gentes
1109 1396 1384 1453 habentes
1407 1398 1638 1453 bonam.
1662 1396 1781 1451 Hoc
1801 1398 1891 1451 est
1911 1394 2065 1467 quod
2175 1392 2288 1450 hoc
2319 1392 2550 1461 saeculo,
2584 1396 2650 1469 ut
2677 1393 2863 1450 bonos
2901 1393 3256 1465 custodiant,
3288 1393 3478 1451 malos
3511 1397 3853 1450 coerceant.

412 1484 1171 1557 dicitPaulus,providentes
1184 1487 1331 1542 bona
1341 1502 1457 1541 non
1468 1490 1702 1542 tantum
1713 1501 1916 1541 coram
1931 1489 2065 1552 Deo,
2179 1482 2288 1549 Qui
2299 1486 2358 1537 et
2374 1482 2424 1538 si
2446 1482 2796 1555 quandoque
2810 1499 2919 1539 sua
2931 1486 3221 1556 potestate
3232 1483 3587 1549 abutuntur,
3602 1480 3859 1556 punien-

411 1575 519 1633 sed
546 1575 723 1632 etiam
737 1591 935 1632 coram
961 1575 1226 1632 omnibus
1249 1575 1582 1632 hominibus
1601 1575 1783 1648 (Rom.
1801 1572 2072 1646 xu.)Tria
2177 1575 2268 1628 tes
2280 1571 2498 1644 justos,
2513 1570 2911 1642 justiﬁcantes
2932 1571 3140 1639 malos,
3166 1577 3365 1628 tamen
3386 1572 3549 1628 Deus
3568 1571 3697 1627 hoc
3719 1570 3856 1626 facit

2164 592 2232 646 ut
2259 589 2406 645 alter
2425 588 2593 646 alteri
2617 590 3117 651 ministraremus.
3140 595 3198 647 et
3217 590 3365 647 alter
3382 590 3642 648 alterius
3670 590 3869 664 pedes
3962 582 3963 601 ¹

417 1668 579 1733 sunt,
611 1665 819 1721 fratres
849 1662 988 1734 mei,
1018 1680 1145 1737 quae
1177 1663 1434 1721 formant
1448 1665 1664 1721 bonam
1687 1660 2071 1719 conversatio-

416 1770 574 1821 nem,
624 1753 966 1810 innocenter
1009 1751 1218 1823 vivere,
1266 1752 1413 1809 nulli
1444 1752 1789 1810 scandalum
1832 1767 2070 1824 ponere,

418 1844 521 1902 sed
551 1842 779 1900 cunctis
809 1841 978 1898 utilia
1005 1845 1064 1899 et
1093 1844 1259 1916 grata
1287 1858 1565 1915 quaerere.
1598 1842 1670 1898 Et
1699 1840 1749 1897 si
1780 1840 1937 1897 enim
1968 1838 2075 1895 ali-

419 1932 556 2007 quis
606 1935 699 1989 est
744 1931 937 1989 bonus
984 1930 1043 1987 in
1076 1945 1159 2000 se,
1206 1930 1256 1988 si
1287 1935 1485 1988 tamen
1527 1948 1661 1988 vero
1707 1934 1767 1988 et
1812 1928 2076 2003 exemplo

420 2020 567 2081 alios
590 2018 967 2089 scandalizat,
1000 2036 1118 2076 non
1146 2019 1295 2077 bene
1312 2024 1691 2078 conversatur
1719 2020 1997 2088 Rursum,
2021 2021 2080 2074 et

421 2110 472 2169 si
503 2108 734 2167 nullum
752 2107 1014 2177 oﬂ‘endit,
1039 2108 1141 2165 sed
1160 2110 1358 2164 tamen
1382 2108 1659 2182 prodesse
1677 2107 1809 2164 aliis
1826 2112 2079 2164 contem'

422 2199 532 2273 nit,
563 2215 679 2257 non
711 2198 861 2256 bene
874 2196 1029 2254 inter
1054 2199 1257 2271 gentes
1285 2201 1679 2254 conversatur.
1700 2196 1927 2254 Rursus
1948 2200 2006 2253 et
2027 2195 2077 2252 si

423 2286 721 2347 neminem
753 2284 1012 2353 offendit,
1045 2289 1104 2342 et
1131 2284 1262 2341 aliis
1289 2286 1568 2359 prodesse
1596 2284 1823 2358 quaerit,
1857 2285 1957 2341 sed
1990 2289 2079 2340 ta-

424 2392 563 2434 men
591 2375 701 2433 hoe
719 2378 883 2450 grate
898 2378 957 2430 et
985 2373 1316 2431 amabiliter
1345 2375 1532 2430 facere
1556 2374 1761 2443 nescit,
1786 2391 1902 2431 non
1930 2374 2080 2430 bene

424 2465 583 2523 inter
609 2467 813 2539 gentes
861 2466 1258 2519 conversatur.
1300 2462 1407 2527 Qui
1438 2462 1619 2535 igitur
1647 2463 1989 2519 innocenter
2018 2462 2078 2519 in

427 2572 492 2613 se
518 2553 680 2623 vivit,
726 2551 961 2609 nullum
991 2551 1255 2621 oil‘endit,
1290 2567 1353 2608 se
1382 2552 1609 2608 cunctis
1630 2551 1801 2608 utilia
1829 2557 1887 2609 et
1912 2556 2080 2626 grata

427 2642 656 2718 quaerit,
700 2641 917 2699 bonam
948 2641 1103 2698 inter
1143 2644 1346 2715 gentes
1375 2640 1551 2698 habet
1579 2642 2079 2699 conversationem

427 2737 485 2792 et
508 2730 915 2808 gratam.Quid
944 2729 1085 2787 boni
1120 2730 1345 2787 confert
1372 2730 1527 2787 bona
1547 2730 1905 2788 conversatio
1924 2731 1953 2786 ‘I
1984 2732 2080 2787 ln-

427 2822 670 2880 tamiam
703 2818 1044 2894 exstinguit,
1065 2837 1168 2877 ora
1187 2820 1582 2876 detracturum
1604 2819 1875 2890 obstruit,
1899 2818 2083 2876 homi-

429 2927 535 2968 nes
563 2908 888 2984 gloriﬁcare
908 2912 1090 2965 Deum
1112 2907 1269 2977 facit,
1293 2908 1444 2965 bono
1466 2906 1729 2981 exemplo
1747 2907 1933 2965 malos
1949 2925 2081 2964 con-

426 2998 618 3057 vertit.
672 2999 912 3072 Propter
959 2996 1113 3054 hanc
1141 3013 1277 3071 ergo
1326 2996 1709 3070 multiplicem
1740 2996 2076 3066 utilitatem,

2180 1659 2501 1734 provenire,
2535 1661 2607 1716 ad
2629 1659 2945 1716 vindictam
2975 1659 3289 1731 malorum,
3313 1660 3555 1717 laudem
3585 1677 3739 1717 vero
3762 1659 3857 1715 bo-

2182 1766 2415 1807 norum.
2448 1752 2607 1820 Quia
2631 1751 2718 1806 sic
2742 1759 2827 1807 est
2848 1749 3121 1807 voluntas
3154 1752 3283 1820 Dei,
3315 1757 3381 1806 ut
3409 1751 3858 1824 bene/adenis:

2184 1840 2572 1897 obmutescere
2586 1841 2840 1912 faciatis
2854 1842 3322 1913 imprudentium
3339 1840 3660 1898 hominum
3682 1840 3858 1914 igno-

2183 1934 2323 1985 rant
2328 1930 2469 1998 iam,
2493 1927 2595 2001 qui
2606 1944 2734 2001 quae
2746 1927 3035 2002 ignorant,
3051 1932 3358 2002 spernunt,
3380 1932 3442 1985 et
3452 1945 3589 2002 quae
3602 1927 3729 1985 sibi
3744 1928 3858 1985 dis-

2186 2016 2425 2092 plicent,
2460 2017 2764 2074 damnant.
2795 2019 2982 2088 Quasi
3028 2016 3216 2075 liberi
3244 2014 3303 2073 in
3354 2022 3581 2087 mente,
3625 2017 3856 2075 subditi

2187 2106 2410 2164 scilicet
2430 2110 2613 2164 estote
2634 2106 3000 2174 hominibus,
3027 2115 3084 2164 et
3104 2124 3219 2164 non
3242 2109 3417 2182 quasi
3434 2108 3721 2164 velamen
3750 2107 3859 2164 ha-

2188 2199 2379 2255 bentes
2408 2194 2666 2253 malitiae
2699 2195 3058 2265 libertatem,
3100 2197 3202 2253 sed
3234 2196 3467 2271 generis
3492 2196 3593 2253 vel
3624 2198 3854 2272 gratiae.

2189 2286 2292 2342 Hic
2312 2285 2502 2358 tangit
2525 2286 2834 2358 quosdam,
2858 2285 3067 2342 fratres
3088 2286 3227 2357 mei,
3248 2286 3471 2360 quibus
3490 2284 3753 2343 libertas
3771 2292 3857 2344 est

2187 2375 2415 2432 occasio
2438 2374 2628 2449 magis
2649 2375 2928 2448 peccandi
2950 2393 2965 2445 ;
2989 2374 3090 2447 qui
3113 2379 3334 2448 quanto
3359 2379 3500 2431 sunt
3522 2375 3591 2430 in
3612 2392 3851 2450 corpore

2184 2465 2508 2532 liberiores,
2558 2468 2723 2520 tanto
2771 2467 2912 2520 sunt
2958 2464 3029 2520 ad
3081 2464 3442 2537 peccandum
3472 2462 3761 2522 laxiores.
3789 2467 3853 2523 Et

2188 2554 2328 2628 quia
2352 2552 2518 2610 liberi
2549 2557 2690 2609 sunt
2708 2552 2960 2627 generis,
2986 2552 3136 2608 ﬁunt
3156 2552 3306 2610 servi
3326 2554 3557 2627 peccati
3580 2558 3644 2611 et
3662 2555 3853 2612 diabo-

2187 2642 2249 2699 li.
2308 2641 2417 2699 Sed
2477 2642 2631 2699 sicut
2685 2640 2837 2698 servi
2893 2641 2996 2698 Dei
3053 2640 3155 2714 qui
3210 2640 3435 2698 nullam
3501 2644 3850 2701 servitutem

2188 2731 2523 2796 abhorrent,
2547 2730 2661 2786 nisi
2684 2729 3023 2787 servitutem
3053 2730 3298 2803 peccati,
3328 2734 3385 2788 et
3412 2731 3656 2789 nullam
3677 2731 3851 2790 liber—

2185 2824 2368 2878 tatem
2391 2819 2525 2893 plus
2547 2824 2831 2893 appetunt
2848 2837 3025 2892 quam
3045 2819 3375 2877 libertatem
3396 2821 3643 2879 mentis.
3653 2823 3852 2879 Omnes

2190 2908 2830 2980 honorate,juxtaillud
2865 2926 2877 2966 :
2914 2911 3407 2967 Honoreineicem
3423 2914 3855 2984 praeveniente:

2190 3001 2378 3073 (Rom.
2408 3002 2510 3068 xu)
2540 3000 3005 3056 Fraternitatem
3034 2997 3299 3071 diligite,
3321 3005 3376 3055 el
3395 2999 3619 3056 affectu
3650 3004 3711 3056 et
3731 3002 3853 3056 effe-

430 3087 757 3163 appetenda
784 3091 844 3145 et
867 3085 1226 3144 conversatio
1258 3086 1432 3143 bona.
1464 3085 1629 3143 Unde
1658 3090 1716 3142 et
1744 3086 1972 3143 subdit:
2009 3091 2081 3146 Ut
2126 3160 2153 3163 _A
2190 3096 2307 3145 ctu.
2332 3094 2513 3145 Deum
2529 3090 2751 3157 timete,
2770 3104 2906 3143 cum
2925 3104 3141 3144 amore.
3166 3091 3225 3144 et
3242 3092 3437 3144 amate
3454 3104 3601 3145 cum
3624 3088 3848 3147 timore.

431 3160 494 3236 in
504 3160 572 3235 eo
591 3175 750 3251 quod
758 3177 1087 3235 detractent
1099 3175 1347 3241 devobis
1361 3180 1639 3249 tanquam
1651 3175 1726 3232 de
1737 3174 2080 3251 malefacto-
2113 3160 2156 3227 C
2188 3184 2402 3253 Regem
2423 3176 3013 3250 honoriﬁcate,juxta
3033 3176 3205 3233 illud:
3234 3178 3350 3234 Cui
3369 3181 3661 3234 honorem
3684 3179 3853 3236 hono-

428 3267 599 3324 ribus
616 3282 691 3323 ecc
705 3267 869 3324 bonis
884 3266 1158 3338 operibus
1172 3280 1268 3321 vos
1282 3265 1726 3321 considerantes
1740 3282 1778 3339 g
1789 3263 2081 3338 loriﬁcent

432 3358 618 3414 Deum
647 3355 708 3412 in
738 3355 835 3413 die
866 3354 1243 3411 uisitationis.
1281 3353 1503 3427 Itaque,
1537 3354 1748 3410 fratres
1778 3354 1914 3424 mei,
1948 3371 2083 3411 cum

433 3443 595 3502 omni
641 3444 840 3501 studio
884 3446 1231 3516 appetamus
1259 3441 1407 3498 bene
1436 3440 1590 3497 inter
1618 3446 1819 3516 gentes
1849 3459 2084 3499 conver-

435 3549 552 3590 881³1
561 3575 574 3589 .

507 3620 787 3695 Sequitur
810 3637 948 3695 pars
973 3619 1161 3688 tertia,
1184 3620 1244 3676 in
1266 3638 1384 3694 qua
1404 3624 1602 3678 monet
1622 3639 1825 3680 omnes
1844 3624 2087 3696 Aposto-

434 3709 529 3767 lus
558 3711 632 3766 ad
681 3709 1062 3783 subjectionis
1109 3708 1523 3779 humilitatem,
1557 3715 1613 3766 et
1641 3710 1831 3784 primo
1871 3710 2087 3769 liberos

433 3816 569 3857 cum
620 3799 855 3857 subdit:
906 3799 1174 3873 Subjecti
1216 3804 1410 3856 estote.
1454 3802 1535 3856 Ac
1565 3799 1616 3855 si
1647 3798 1901 3857 diceret:
1934 3801 2006 3857 Et
2035 3801 2086 3858 si

432 3905 645 3965 genere
670 3888 759 3946 vel
800 3888 987 3963 gratia
1015 3887 1183 3945 liberi
1212 3887 1374 3955 estis,
1406 3892 1603 3945 tamen
1634 3906 1749 3945 non
1781 3889 2084 3962 superbia-

432 3978 533 4047 tis,
580 3976 669 4036 vel
720 3979 791 4035 de
844 3977 1180 4052 praelatione
1222 3977 1609 4047 contendatis,
1659 3977 1814 4033 sicut
1863 3978 2086 4034 faciunt

432 4071 723 4125 amatores
742 4067 923 4139 hujus
944 4066 1174 4135 mundi,
1200 4068 1301 4123 sed
1330 4065 1524 4140 potius
1550 4066 1768 4123 subditi
1791 4071 1995 4125 estote.
2020 4069 2087 4124 Et

432 4155 711 4230 quoniam
742 4156 1006 4229 subjecto
1043 4156 1171 4213 sine
1200 4155 1429 4224 merito,
1460 4159 1551 4212 est
1578 4155 1804 4224 vitiosa,
1838 4156 1952 4213 nisi
1983 4158 2086 4214 ﬁat

433 4246 751 4319 quomodo,
777 4245 967 4311 debet,
992 4248 1051 4301 et
1068 4243 1163 4301 cui
1183 4244 1375 4313 debet,
1398 4248 1457 4301 et
1476 4261 1654 4318 quare
1683 4246 1873 4316 debet,
1898 4246 2080 4318 addit,

430 4335 596 4392 omni
610 4339 887 4392 humanae
899 4339 1188 4391 creaturae
1200 4339 1446 4407 propter
1458 4338 1666 4390 Deum.
1690 4334 1975 4392 Facienda
1994 4343 2085 4395 est

433 4439 572 4497 ergo
601 4422 886 4496 subjectio
917 4440 1033 4480 non
1062 4426 1277 4491 coacte,
1301 4423 1402 4479 sed
1435 4426 1661 4495 sponte.
1694 4422 1904 4480 Coacta
1923 4426 2081 4482 enim

434 4511 721 4585 subjectio
763 4511 979 4568 misera
1007 4516 1116 4568 est.
1151 4512 1377 4568 Rursus
1409 4515 1466 4568 et
1495 4511 1545 4568 si
1574 4512 1677 4568 fiat
1706 4517 1932 4586 sponte,
1979 4515 2080 4571 sed

434 4619 552 4659 non
583 4600 678 4658 cui
708 4601 900 4669 debet,
919 4600 1128 4658 vitiosa
1148 4604 1255 4669 est,
1280 4599 1494 4657 servire
1517 4600 1673 4657 enim
1711 4601 1964 4671 diabolo,
1996 4604 2080 4659 vi-

433 4691 653 4749 tiosum
672 4693 763 4747 est
773 4690 1083 4764 Propterea
1098 4689 1280 4759 addit,
1302 4689 1462 4745 omni
1475 4689 1752 4747 humanae
1770 4698 2082 4761 creaturae,

433 4779 493 4836 id
510 4783 600 4837 est
614 4778 771 4836 omni
794 4777 1039 4847 homini,
1056 4777 1329 4834 videlicet
1344 4794 1459 4833 non
1480 4781 1712 4834 tantum
1734 4779 2079 4852 majoribus,

430 4870 534 4926 sed
563 4868 739 4926 etiam
762 4866 1085 4941 aequalibus
1114 4870 1172 4923 et
1202 4866 1548 4923 minoribus.
1573 4867 1690 4924 Hoc
1711 4885 1964 4941 sequens
1985 4870 2083 4927 do-

431 4958 631 5014 minus
660 4956 1018 5031 apostolicus
1044 4960 1213 5013 vocat
1242 4972 1304 5013 se
1332 4972 1566 5013 servum
1607 4973 1905 5014 servorum
1954 4958 2076 5028 Dei,

423 5048 596 5120 juxta
621 5044 796 5103 illud:
819 5056 1036 5120 quanto
1058 5046 1254 5117 major
1272 5061 1348 5117 es,
1370 5045 1628 5102 humilia
1646 5051 1703 5103 te
1732 5047 1792 5102 in
1810 5049 2079 5106 omnibus

431 5133 642 5209 (Eccle.
674 5137 784 5204 ιιι.)
807 5134 1033 5192 Rursus
1057 5134 1361 5206 subjectio,
1386 5138 1442 5190 et
1472 5134 1521 5191 si
1538 5134 1641 5191 ﬁat
1666 5136 1959 5208 quomodo
1979 5137 2079 5193 de-

430 5223 547 5291 bet,
580 5226 639 5278 et
665 5221 758 5278 cui
805 5222 996 5291 debet,
1031 5225 1133 5281 sed
1181 5241 1298 5281 non
1347 5239 1528 5297 quare
1557 5223 1746 5294 debet,
1778 5224 1934 5281 bona
1962 5242 2080 5282 non

431 5314 541 5369 est.
574 5309 681 5374 Qui
711 5310 868 5366 enim
900 5310 1088 5367 alieno
1117 5327 1180 5368 se
1210 5312 1416 5368 subdit
1442 5311 1718 5381 indebita,
1750 5316 1817 5368 ut
1845 5318 2082 5388 propter

429 5398 813 5472 temporalem
836 5397 1241 5470 intentionem,
1260 5406 1497 5474 propter
1515 5399 1893 5458 ambitionem
1913 5407 1972 5459 et
1984 5419 2081 5459 cu-

432 5488 758 5561 piditatem,
810 5485 1096 5557 subjectio
1124 5488 1260 5545 talis
1305 5488 1458 5545 bona
1486 5505 1602 5545 non
1632 5493 1739 5545 est.
1773 5490 2082 5562 Propterea

433 5577 702 5651 adjungit
744 5573 1077 5653 Apostolus,
1121 5582 1367 5653 propter
1413 5579 1607 5635 Deum.
1655 5579 1895 5652 Propter
1940 5597 2077 5637 eum

2190 3284 2335 3337 rem,
2366 3269 2465 3325 cui
2493 3264 2771 3341 vectigal,
2802 3265 3087 3339 vectigal,
3114 3268 3216 3323 cui
3238 3266 3531 3323 tributum
3558 3269 3854 3325 tributus

2193 3359 2362 3429 (Rom.
2395 3355 2543 3427 xm.)
2589 3355 2674 3411 Ad
2721 3358 3048 3411 extremum
3097 3359 3299 3412 monet
3344 3371 3569 3424 servos,
3603 3362 3675 3413 ut
3704 3358 3852 3415 sicut

2192 3445 2546 3515 conditione,
2578 3443 2659 3499 ita
2679 3442 2978 3500 voluntate
2995 3444 3325 3501 subdantur
3346 3444 3613 3503 dominis
3632 3450 3851 3521 tempo-

2192 3534 2436 3591 ralibus.
2460 3536 2523 3591 In
2547 3535 2702 3590 omni
2724 3534 2937 3601 timore,
2962 3532 3021 3588 id
3044 3536 3133 3589 est
3152 3550 3268 3590 non
3289 3533 3481 3591 solum
3501 3535 3731 3604 servili,
3755 3536 3848 3593 sed

2193 3624 2371 3680 etiam
2394 3621 2588 3691 filiali;
2622 3626 2688 3677 ut
2712 3620 2934 3679 scilicet
2952 3621 3199 3678 timeant
3226 3626 3285 3679 et
3311 3622 3567 3698 diligant
3594 3641 3724 3681 eos.
3754 3628 3849 3682 Nec

2190 3713 2385 3780 solum,
2434 3710 2647 3783 inquit,
2699 3712 2853 3767 bonis
2879 3718 2931 3767 et
2972 3710 3243 3781 modestis,
3274 3711 3368 3768 sed
3394 3714 3568 3769 etiam
3593 3713 3847 3787 dyscolis,

2192 3800 2250 3856 id
2285 3804 2375 3856 est
2404 3799 2628 3873 asperis
2658 3803 2716 3855 et
2757 3798 3162 3856 immoderatis
3206 3800 3456 3872 subjecti
3485 3806 3699 3860 estote.
3731 3806 3849 3861 Hec

2191 3891 2337 3947 enim
2369 3898 2447 3946 est
2471 3890 2676 3959 gratia,
2700 3892 2765 3943 ut
2785 3887 3007 3944 scilicet
3026 3889 3314 3946 modestia
3335 3895 3394 3946 et
3421 3889 3713 3964 patientia
3734 3908 3848 3949 ser-

2191 3978 2651 4052 vorum,mitiget
2669 3982 2728 4034 et
2745 3981 3031 4051 temperet
3044 3977 3409 4052 intemperan
3418 3979 3570 4035 tium
3588 3980 3849 4037 domino-

2192 4084 2345 4124 rum.
2381 4065 2781 4123 llumilitatem
2824 4064 3165 4122 voluntariis
3195 4067 3607 4139 subiectionis,
3640 4069 3847 4125 fratres

2192 4157 2328 4227 mei,
2361 4159 2481 4212 toto
2529 4155 2697 4212 corde
2728 4153 3171 4227 amplcctemur,
3204 4156 3486 4229 quoniam
3514 4156 3640 4213 haec
3670 4158 3847 4215 vincit

2190 4245 2475 4313 crudeles,
2507 4242 2914 4317 aequanimiter
2943 4243 3217 4316 patiendo
3242 4262 3258 4313 ;
3282 4245 3405 4302 haec
3432 4244 3621 4303 vincit
3648 4264 3844 4321 super»

2190 4336 2297 4392 bos
2326 4351 2389 4391 se
2418 4332 2812 4401 humiliando;
2845 4332 2968 4389 haec
2994 4332 3176 4389 vincit
3201 4333 3537 4403 iracundos,
3570 4352 3844 4394 mansue-

2190 4423 2457 4481 tudinem
2474 4421 2828 4491 exhibendo;
2853 4421 2976 4478 haec
2994 4422 3176 4478 vincit
3193 4423 3677 4491 contumeliosos,
3703 4427 3841 4483 nihil

2114 4533 2160 4598 Ι)
2192 4511 2625 4586 respondendo,
2649 4509 2771 4567 haec
2788 4511 2969 4598 vincit
2986 4510 3236 4580 invidos,
3259 4510 3507 4585 gloriam
3528 4513 3841 4588 fugiendo;

2189 4601 2313 4657 haec
2338 4599 2519 4656 vincit
2539 4598 2809 4672 cupidos,
2831 4597 3060 4655 modico
3076 4603 3350 4656 contenta
3369 4599 3679 4658 existendo
3696 4621 3712 4671 ;
3730 4602 3843 4659 haec

2191 4696 2447 4746 meretur
2475 4686 2723 4763 gloriam
2753 4686 3086 4755 hominum,
3116 4688 3395 4745 omnibus
3423 4706 3488 4746 se
3512 4690 3842 4758 subdendo;

2189 4778 2311 4834 haec
2343 4782 2599 4834 meretur
2638 4776 3030 4833 imitationem
3075 4776 3311 4846 Christi,
3344 4795 3461 4834 non
3494 4778 3841 4850 ministrari,

2190 4867 2291 4924 sed
2322 4866 2657 4923 ministrare
2684 4866 3047 4939 appetendo;
3079 4866 3201 4924 haec
3218 4871 3479 4924 meretur
3497 4886 3533 4924 a
3558 4868 3681 4927 Deo
3698 4870 3843 4927 exal-

2188 4956 2321 5021 tari,
2352 4973 2413 5012 se
2461 4970 2694 5028 semper
2739 4954 3127 5012 humiliando.
3179 4955 3365 5020 Quam
3410 4956 3702 5016 virtutem
3752 4960 3838 5016 det

2188 5045 2353 5101 nobis
2382 5044 2753 5118 omnipotens
2798 5043 3083 5100 Dominus
3128 5049 3322 5102 mente
3348 5049 3407 5102 et
3429 5061 3681 5119 corpore
3709 5065 3837 5105 con-

2188 5133 2376 5206 sequi,
2408 5150 2511 5207 per
2567 5131 2882 5189 Dominum
2938 5137 3206 5190 nostrum
3262 5133 3466 5191 Jesum
3512 5134 3834 5194 Christum.

2184 5226 2390 5280 Amen.

2765 5310 3073 5367 HOMILIA
3111 5311 3247 5368 LIX.

2524 5415 2800 5455 DOMINICA
2838 5415 3040 5456 TERTIA
3087 5417 3225 5457 POST
3262 5417 3497 5459 PASCBA.

2257 5491 2411 5547 Dixit
2436 5493 2595 5545 Jesus
2636 5488 2924 5561 discipulis
2960 5490 3117 5546 suis:
3151 5489 3421 5547 Nodicum
3450 5499 3645 5549 etnon
3690 5493 3835 5551 mile-

2188 5581 2312 5638 bitis
2340 5595 2443 5647 me,
2475 5586 2526 5635 et
2550 5579 2747 5634 iterum
2774 5577 3049 5635 modicum
3075 5587 3127 5637 et
3148 5579 3401 5637 videbitis
3430 5594 3561 5648 me;
3587 5583 3726 5654 quia
3752 5599 3831 5638 re.
