3982 6082
210 253 364 320 1881

879 256 1235 320 HOMILI/E
1277 255 1356 318 IN
1398 256 1648 317 EPIST.
1693 255 1794 316 ET
1839 253 2122 316 EVANG.
2169 252 2520 314 DOMINIC.
2556 285 2636 298 --
2663 252 2863 316 PARS
2908 252 2958 314 Ι.

3467 254 3624 318 1882

201 391 283 448 do
302 391 386 448 ad
403 400 634 462 patrem
651 390 989 464 (Joan.xv1).
1005 391 1200 447 Iturus
1223 390 1292 446 ad
1316 389 1652 462 passionem
1671 388 1858 444 Domi-
1887 393 1943 458 Α
1973 388 2135 444 Unde
2158 391 2215 444 et
2237 405 2270 442 a
2290 388 2459 443 Petro
2481 386 2534 443 ei
2557 386 2781 443 dictum
2812 389 2901 443 est
2921 401 2934 442 ε
2957 386 3115 444 Absit
3133 391 3237 446 hoc
3257 404 3296 446 a
3321 393 3402 458 te,
3431 391 3626 447 Domi"

201 497 325 538 nus
355 484 411 538 et
442 481 795 553 Redemptor
837 484 1053 548 noster,
1087 496 1156 535 ea
1201 496 1329 551 qua:
1377 477 1685 550 discipulis
1734 479 1858 535 suis

203 573 490 626 eventura
521 573 706 637 erant,
738 569 822 624 eis
854 568 1136 642 praedixit.
1171 567 1395 633 Quare?
1427 567 1640 640 triplici
1683 566 1861 623 ratio-

203 675 283 714 ne
309 674 320 712 :
345 657 419 713 Ut
450 674 512 714 se
545 658 728 713 Deum
761 657 1026 713 omnium
1060 658 1388 712 futurorum
1421 656 1730 727 praescium
1762 656 1862 711 de-

206 751 592 815 monstraret;
611 751 675 802 ut
697 746 1016 819 discipulos
1047 750 1250 802 contra
1280 747 1522 801 adversa
1551 744 1864 818 praemuni-

207 839 340 903 ret;
367 840 430 890 ut
461 835 520 891 in
552 835 811 892 adversis
841 852 938 891 eos
967 852 1200 908 sperare
1233 835 1694 891 consolationem
1717 851 1862 906 prae-

209 924 465 980 doceret.
493 924 642 980 Sunt
663 929 857 980 autem
882 929 1135 996 quatuor
1153 930 1346 997 partes
1377 924 1555 994 hujus
1576 922 1861 979 lectionis.

210 1013 412 1068 Primo
444 1013 598 1068 enim
621 1013 886 1085 praedixit
905 1012 1188 1070 Dominus
1209 1012 1512 1085 discipulis
1535 1013 1659 1068 suis
1685 1029 1867 1068 reces-

212 1119 352 1158 sum
385 1105 441 1158 et
471 1101 723 1157 reditum
753 1119 952 1158 suum.
985 1103 1251 1159 Secundo
1283 1103 1520 1174 ponitur
1547 1106 1755 1157 mutua
1783 1101 1868 1156 in-

210 1191 532 1264 terrogatio
564 1191 988 1263 discipulorum
1029 1191 1172 1247 illud
1223 1209 1339 1247 non
1387 1190 1863 1264 intelligentium.

215 1279 413 1336 Tertio
446 1280 701 1336 ostendit
729 1280 1013 1337 Dominus
1045 1281 1185 1352 quid
1215 1280 1301 1336 vel
1333 1281 1392 1335 in
1425 1298 1658 1336 recessu
1687 1280 1775 1336 vel
1808 1281 1865 1336 in

216 1368 411 1425 reditu
439 1386 546 1425 suo
567 1368 871 1441 discipulis
893 1373 1234 1426 eventurum
1261 1374 1402 1425 erat.
1432 1372 1647 1437 Quarto
1671 1385 1774 1442 per
1795 1369 1869 1425 si-

215 1456 618 1514 militudinem
648 1457 794 1514 illud
825 1459 1114 1531 explanat.
1140 1459 1336 1514 Iturus
1370 1459 1552 1532 igitur
1582 1459 1868 1515 Dominus

217 1547 294 1602 ad
318 1547 673 1619 passionem,
697 1547 888 1620 primo
919 1565 1017 1604 eos
1051 1548 1364 1620 praemunit
1385 1549 1454 1604 de
1477 1566 1706 1604 recessu
1739 1565 1865 1616 suo,

218 1652 359 1692 cum
385 1636 528 1692 dicit
561 1653 573 1691 :
607 1638 892 1694 Modicum
913 1645 969 1693 et
993 1653 1105 1693 non
1133 1637 1390 1693 videbitis
1411 1655 1521 1694 me.
1551 1638 1662 1693 Sed
1695 1654 1767 1692 ne
1801 1637 1868 1692 de

221 1725 494 1781 absentia
511 1725 640 1798 ejus
662 1726 1312 1799 desperarent,spondet
1335 1727 1419 1782 eis
1441 1727 1593 1799 quod
1608 1730 1868 1800 postmo-

222 1815 427 1870 dicum
458 1832 590 1871 eum
621 1814 901 1885 viderent,
934 1832 1068 1870 eum
1095 1815 1322 1872 subdit:
1354 1821 1423 1872 Et
1453 1817 1664 1872 iterum
1693 1815 1870 1872 modi-

222 1921 359 1962 cum
389 1913 444 1961 et
472 1905 732 1961 videbitis
758 1905 954 1960 me.Et
983 1921 1056 1960 ne
1083 1903 1297 1960 iterum
1329 1905 1611 1978 corporali
1643 1911 1872 1961 tantum

225 1994 548 2067 praesentiae
580 1995 708 2066 ejus
737 1994 1118 2061 adhaererent,
1152 1993 1292 2050 dicit
1319 2000 1452 2066 post
1482 1995 1777 2051 modicum
1811 2013 1874 2051 se

226 2100 614 2140 ascensurum
647 2083 716 2139 ad
749 2083 998 2149 Patrem,
1032 2087 1098 2138 ut
1126 2101 1258 2138 cum
1309 2083 1530 2140 scilicet
1559 2086 1629 2140 ad
1663 2085 1872 2140 cmlum

225 2172 396 2245 sequi
427 2172 844 2228 desiderarent.
880 2171 1162 2228 Similiter
1184 2172 1340 2240 facit,
1366 2174 1572 2230 fratres
1601 2172 1874 2229 charissi-

226 2261 336 2327 mi,
351 2259 608 2333 quotidie
637 2260 922 2317 Dominus
937 2260 1136 2318 electis
1153 2261 1296 2328 suis,
1313 2267 1444 2334 post
1465 2263 1534 2318 ad
1544 2263 1875 2318 vrrsitatem

229 2349 380 2404 dans
411 2349 494 2404 eis
525 2347 1005 2417 consolationem,
1039 2353 1096 2404 et
1126 2353 1258 2420 post
1286 2349 1737 2404 consolationem
1776 2349 1876 2404 ad-

227 2437 587 2494 versitatem.
621 2437 680 2492 Si
710 2437 866 2493 enim
899 2454 1132 2510 semper
1162 2436 1245 2493 eis
1275 2438 1438 2492 daret
1467 2437 1877 2492 adversitatem

229 2527 292 2582 in
324 2527 433 2582 hoc
465 2527 706 2594 mundo,
739 2527 1136 2598 desperarent,
1173 2529 1230 2580 et
1259 2525 1306 2581 si
1348 2542 1578 2598 semper
1607 2527 1772 2582 daret
1795 2526 1879 2582 eis

231 2620 580 2690 praesentem
610 2615 1075 2688 prosperitatem,
1107 2615 1158 2670 ei
1190 2614 1506 2681 adhaerent,
1535 2619 1590 2670 et
1623 2613 1880 2671 futuram

234 2722 353 2762 non
392 2705 810 2761 desiderarent.
848 2708 1052 2776 Itaque
1103 2703 1394 2777 benignus
1442 2709 1501 2760 et
1547 2704 1882 2761 misericors

235 2795 522 2851 Dominus
571 2793 770 2850 electis
815 2792 938 2849 suis
969 2792 1026 2848 in
1059 2793 1168 2848 hoc
1201 2794 1422 2850 mundo
1473 2811 1630 2848 nunc
1675 2793 1881 2854 faciem

237 2883 507 2950 advertit,
539 2899 695 2938 nunc
721 2883 994 2938 ostendit.
1025 2883 1199 2946 Quasi
1226 2881 1382 2937 enim
1416 2882 1622 2937 faciem
1655 2883 1884 2954 avertit,

237 2973 379 3030 dum
401 2971 682 3045 quasieos
704 2971 1577 3044 deserens,sinitpersecutionis
1591 2971 1881 3029 tribulari.

239 3061 469 3118 Faciem
507 3076 677 3116 suam
727 3059 1002 3129 ostendit,
1035 3061 1176 3114 dum
1209 3077 1308 3116 eos
1336 3060 1396 3115 in
1425 3061 1576 3116 bono
1607 3061 1885 3132 proﬁcere

1970 494 2062 545 ne,
2084 494 2198 532 non
2219 477 2330 532 erit
2353 477 2458 531 tibi
2474 481 2579 532 hoc
2599 478 2822 548 (Matth.
2838 479 2979 549 xvx.)
2995 477 3108 533 Sed
3129 477 3416 535 Dominus
3435 497 3620 552 repre-

1970 566 2233 622 hendens
2265 567 2414 622 hanc
2446 583 2657 621 vanam
2689 567 2816 638 ejus
2850 567 3294 624 aestimationem
3331 569 3438 625 ait:
3477 570 3623 626 Vade

1972 662 2151 722 retro,
2179 659 2452 727 Satanas,
2487 672 2599 711 non
2630 657 2787 726 sapis
2836 674 2904 712 ea
2941 674 3063 730 qua:
3109 657 3214 712 Dei
3252 664 3384 713 sunt
3405 659 3618 727 (ibid).

1972 745 2258 808 Quoniam
2287 745 2442 801 enim
2469 745 2528 800 in
2564 745 2672 800 hac
2702 746 3052 801 sententiam
3084 745 3291 802 divinae
3333 747 3620 804 voluntati

1974 834 2177 890 Petrus
2208 839 2332 890 erat
2363 835 2749 904 adversarius,
2785 837 3030 892 Satanas
3061 838 3410 893 vocatur.Et
3439 842 3503 892 ut
3533 855 3623 895 re-

1973 922 2265 996 linqueret
2294 940 2420 995 qua:
2451 922 2604 979 male
2636 923 2920 996 sapiebat,
2935 924 3265 980 etdivinam
3284 931 3625 998 sequeretur

1975 1011 2321 1067 sententiam
2355 1011 2652 1068 invitatur.
2688 1013 2836 1068 Petri
2870 1017 2927 1068 et
2956 1013 3380 1086 discipulorum
3411 1015 3625 1072 Christi

1976 1100 2167 1156 adhuc
2194 1101 2431 1156 rudium
2451 1106 2590 1156 sunt
2606 1103 2782 1158 etiam
2800 1101 2975 1158 hodie
2992 1103 3232 1175 quidam
3265 1103 3506 1173 similes,
3523 1105 3620 1177 qui

1975 1193 2187 1262 putant
2226 1189 2380 1245 viros
2415 1190 2614 1261 justos
2644 1195 2700 1246 et
2730 1191 2830 1246 Dei
2881 1191 3181 1247 ministros
3227 1209 3620 1266 nequaquam,

1977 1278 2127 1350 quod
2164 1277 2258 1332 hic
2289 1283 2714 1351 paupertatem,
2742 1280 3220 1351 abjectionem,et
3250 1281 3626 1340 afﬂictionem

1977 1366 2294 1439 patiantur,
2320 1365 2406 1421 vel
2429 1369 2584 1439 quod
2610 1368 2683 1423 ab
2706 1367 2945 1440 iniquis,
2963 1369 3353 1440 contumeliis,
3369 1371 3624 1442 injuriis,

1976 1456 2302 1524 tormentis,
2337 1460 2395 1512 et
2426 1461 2613 1512 morte
2645 1457 2994 1530 puniantur;
3019 1459 3377 1515 aestimantes
3408 1477 3507 1517 eos
3528 1461 3629 1534 qui

1977 1544 2113 1600 talia
2141 1548 2347 1617 agunt,
2379 1545 2467 1601 vel
2519 1546 2824 1618 patiuntur
2854 1546 2949 1603 hic
2980 1564 3013 1602 a
3043 1548 3158 1604 Deo
3192 1565 3318 1605 esse
3351 1551 3629 1623 reproba-

1979 1637 2070 1689 tos
2095 1652 2108 1702 ;
2138 1639 2193 1689 et
2222 1652 2252 1690 e
2283 1635 2572 1691 contrario
2603 1639 2877 1708 putantes
2898 1653 2997 1692 eos
3021 1637 3120 1710 qui
3152 1637 3246 1693 hic
3277 1656 3631 1712 prosperan-

1979 1728 2096 1792 tur,
2128 1740 2256 1779 esse
2288 1725 2489 1780 beatos
2519 1729 2577 1780 et
2607 1725 2706 1780 Dei
2739 1725 2978 1782 amicos.
3013 1727 3124 1782 Sed
3149 1727 3291 1784 talia
3317 1729 3632 1785 aestimanti

1982 1811 2296 1868 dicendum
2331 1818 2437 1883 est,
2452 1818 2596 1870 vade
2624 1823 2782 1872 retro
2809 1819 3076 1884 Satanas,
3091 1833 3204 1874 non
3227 1818 3383 1888 sapis
3410 1835 3480 1874 ea
3507 1835 3633 1891 qum

1979 1910 2114 1956 sunt
2135 1902 2252 1956 Dei.
2270 1901 2375 1966 Qui
2399 1903 2599 1975 utique
2621 1904 2680 1958 in
2714 1904 2900 1960 multa
2927 1905 3323 1977 tribulatione,
3347 1911 3631 1980 tanquam

1984 2006 2194 2045 aurum
2218 1990 2277 2044 in
2302 1991 2532 2046 fornace
2553 1991 2648 2048 hic
2670 1992 2882 2049 electos
2914 2011 3053 2050 suos
3083 1994 3334 2051 intendit
3363 1997 3630 2069 probare,

1985 2083 2050 2134 ut
2077 2097 2175 2135 eos
2207 2079 2396 2152 magis
2427 2080 2691 2154 puriores
2726 2083 2784 2138 in
2810 2083 3086 2138 thesauro
3117 2101 3224 2141 suo
3248 2084 3436 2142 valeat
3465 2084 3636 2142 collo-

1984 2185 2136 2225 care.

2056 2257 2335 2329 Sequitur
2363 2275 2498 2330 pars
2527 2259 2717 2326 tertia,
2734 2260 2792 2314 in
2813 2277 2931 2333 qua
2945 2262 3230 2318 Dominus
3262 2280 3329 2319 ea
3350 2280 3476 2336 quea
3498 2282 3638 2338 prte-

1988 2345 2212 2400 dixerat
2235 2363 2335 2418 per
2359 2349 2775 2420 consequentia
2801 2367 3002 2406 eorum
3027 2369 3153 2423 quae
3176 2352 3310 2408 inde
3331 2341 3636 2426 discipulis

1988 2439 2153 2490 erant
2210 2439 2504 2504 eventura,
2564 2439 2890 2507 confirmat,
2950 2439 3195 2497 dicens:
3231 2443 3424 2514 Amen,
3468 2460 3638 2500 amen

1987 2523 2118 2578 dico
2139 2525 2314 2589 robis,
2331 2527 2466 2596 quia
2486 2525 2806 2596 plorabitis
2828 2537 2882 2583 et
2899 2530 3106 2598 ﬂebitis
3128 2547 3244 2598 vos,
3267 2533 3514 2588 mundus
3531 2549 3638 2590 au-

1990 2623 2102 2668 tem
2123 2614 2408 2684 gaudebit.
2438 2615 2514 2670 Ex
2536 2632 2602 2670 eo
2631 2615 2786 2671 enim
2817 2618 2972 2689 quod
3006 2617 3303 2674 Christum
3336 2625 3636 2678 mortuum

1991 2706 2047 2756 et
2078 2701 2137 2756 in
2169 2702 2435 2774 sepulcro
2467 2704 2746 2775 positum,
2782 2706 3010 2761 modico
3039 2710 3301 2780 tempore
3332 2727 3446 2765 non
3478 2711 3636 2768 vide-

1991 2795 2151 2856 runt,
2171 2795 2228 2846 et
2243 2791 2516 2864 discipuli
2539 2792 2932 2864 ploraverunt,
2956 2799 3011 2850 et
3040 2797 3323 2852 mundani
3345 2797 3634 2868 homines,

1993 2897 2244 2952 quorum
2275 2880 2452 2936 vitam
2503 2882 2845 2954 arguebant,
2876 2883 3060 2956 gavisi
3110 2889 3266 2941 sunt.
3301 2888 3380 2942 Ex
3409 2903 3476 2943 eo
3505 2904 3638 2944 vero

1995 2971 2148 3042 quod
2181 2973 2312 3040 post
2355 2971 2838 3027 resurrectionem
2888 2989 3023 3027 eum
3080 2973 3369 3043 viderunt,
3403 2975 3641 3032 tristitia

1995 3057 2416 3130 discipulorum
2445 3077 2722 3116 conversa
2751 3064 2840 3116 est
2866 3060 2925 3116 in
2948 3062 3254 3135 gaudium,
3279 3067 3336 3120 et
3356 3065 3638 3138 gaudium

237 3149 395 3206 facit.
430 3150 542 3205 Sed
573 3153 913 3221 utrumque,
958 3149 1166 3204 fratres
1225 3149 1362 3219 mei,
1409 3148 1547 3204 facit
1599 3149 1884 3206 Dominus
1916 3137 1957 3203 C
1997 3148 2430 3203 mundanorum
2457 3148 2763 3205 hominum
2797 3167 3139 3207 conversum
3158 3151 3320 3207 estin
3339 3137 3640 3210 tristitiam

238 3255 454 3313 magna
473 3243 530 3295 et
549 3238 676 3294 utili
710 3237 1165 3311 dispensatione.
1198 3238 1311 3293 Eos
1357 3237 1499 3292 sinit
1528 3239 1773 3305 turbari,
1811 3255 1882 3295 ne

237 3328 310 3384 de
334 3345 396 3384 se
417 3331 806 3400 praesumant;
830 3343 928 3382 eos
955 3326 1092 3382 facit
1121 3326 1471 3399 prosperari,
1493 3344 1564 3383 ne
1587 3327 1879 3383 deficiant.

236 3417 544 3489 Pmpterea
574 3417 804 3482 fratres,
836 3415 895 3470 in
929 3415 1186 3471 adversis
1217 3415 1410 3488 positi,
1441 3433 1674 3488 semper
1702 3434 1736 3472 a
1765 3417 1881 3473 Deo

237 3505 480 3562 meliora
507 3520 832 3578 Speremus,
847 3503 908 3558 in
940 3504 1234 3576 prosperis
1263 3520 1397 3559 vero
1427 3521 1660 3576 semper
1677 3505 1883 3562 timea-

239 3612 401 3662 mus;
433 3593 495 3649 in
524 3593 782 3649 adversis
812 3592 870 3647 in
904 3597 1015 3649 Deo
1046 3610 1370 3664 speremus.
1391 3593 1884 3666 Quoniam,juxta

240 3683 632 3749 Salomoucm,
647 3683 772 3756 quis
789 3683 1044 3752 speravit
1066 3683 1123 3738 in
1142 3682 1375 3740 domino
1393 3692 1448 3738 et
1469 3685 1740 3754 con/usus
1759 3687 1886 3739 est?

242 3771 550 3845 (Eccli.1|).
603 3772 666 3827 In
713 3771 1006 3844 prosperis
1053 3787 1186 3827 vero
1236 3771 1570 3841 timeamus,
1603 3773 1882 3845 quoniam

240 3863 435 3918 beatus
459 3871 539 3916 est
571 3861 660 3917 vir
687 3862 788 3933 qui
813 3877 1040 3932 semper
1063 3869 1146 3917 est
1175 3861 1416 3932 pavidus
1446 3865 1636 3931 (Prov.
1660 3863 1878 3934 xxvm):

238 3955 306 4008 Et
336 3952 503 4007 beata
531 3954 620 4006 est
647 3949 850 4007 civitas
879 3967 1006 4022 quae
1038 3949 1094 4004 in
1129 3967 1268 4022 pace
1293 3949 1512 4006 bellum
1544 3951 1730 4008 timet.

309 4038 586 4112 Sequitur
603 4056 740 4112 pars
761 4039 1037 4106 secunda,
1052 4037 1110 4093 in
1125 4055 1243 4110 qua
1258 4038 1400 4094 disci
1412 4038 1530 4110 puli
1551 4039 1624 4094 ad
1637 4038 1881 4096 invicem

240 4132 525 4201 quierunt.
551 4128 704 4202 Quid
727 4132 936 4185 esthoc
957 4128 1107 4200 quod
1135 4128 1274 4184 dicit
1304 4144 1323 4183 :
1359 4128 1642 4184 Modicum
1670 4137 1726 4184 et
1769 4145 1883 4184 non

238 4217 501 4274 videbitis
527 4234 657 4286 me;
691 4220 799 4274 etc.
833 4217 1144 4285 Nescimus,
1175 4216 1470 4288 inquiunt,
1516 4217 1650 4290 quid
1699 4218 1882 4290 loqui-

237 4313 355 4364 tur.
389 4308 501 4364 Sed
533 4323 668 4364 cum
693 4305 797 4362 illa
825 4305 1058 4361 Domini
1087 4306 1263 4362 verba
1299 4305 1559 4362 difficilia
1590 4324 1705 4362 non
1737 4307 1876 4376 sint,

239 4397 337 4453 sed
368 4395 566 4469 potius
585 4395 760 4468 plana
779 4396 850 4452 ad
875 4394 1488 4468 intelligendum,quid
1504 4395 1710 4452 esthoc
1725 4397 1881 4469 quod

1991 3240 2047 3292 et
2086 3239 2328 3292 metum.
2370 3237 2484 3294 Nec
2516 3238 2706 3294 solum
2741 3239 2888 3307 illos,
2924 3240 3132 3296 fratres
3164 3241 3298 3308 mei,
3330 3243 3431 3298 sed
3461 3243 3639 3299 etiam

1993 3342 2376 3398 quoscunque
2398 3326 2616 3395 fideles,
2639 3332 2728 3383 est
2748 3344 2983 3384 necesse
2999 3327 3059 3383 in
3079 3329 3186 3386 hac
3200 3329 3642 3405 vallelacryma-

1992 3431 2124 3470 rum
2155 3414 2392 3484 tristari,
2410 3415 2636 3487 plorare
2653 3421 2708 3471 et
2725 3417 2880 3472 ﬂere.
2905 3418 3030 3482 Qua
3057 3419 3129 3474 de
3159 3419 3377 3474 causa?
3401 3419 3638 3492 duplici,

1991 3507 2117 3558 tum
2137 3509 2374 3577 propter
2392 3521 2626 3578 gravem
2659 3510 3028 3577 peccatorum
3061 3506 3640 3574 conscientiam,tum

1991 3597 2228 3664 propter
2257 3593 2510 3649 caelestis
2542 3594 2739 3666 patria:
2791 3594 3154 3650 dilationem.
3189 3596 3332 3651 Cum
3363 3597 3521 3653 enim
3553 3614 3641 3653 re-

1991 3682 2302 3738 cordamur
2325 3700 2451 3754 qure
2475 3686 2530 3738 et
2553 3687 2775 3755 quanta
2807 3688 3044 3756 peccata
3075 3685 3560 3757 perpetravimus,
3586 3691 3644 3743 et

1991 3775 2210 3842 quanta
2245 3788 2413 3844 poma
2459 3770 2576 3827 illis
2627 3772 2882 3844 peccatis
2913 3772 2969 3826 in
3001 3772 3229 3829 inferno
3261 3779 3638 3846 praeparetur,

1991 3876 2226 3916 necesse
2257 3865 2344 3916 est
2376 3878 2481 3916 nos
2513 3860 2762 3933 plorare,
2797 3861 3077 3932 quoniam
3126 3860 3396 3935 lacryma:
3444 3862 3644 3920 lavant

1991 3947 2290 4015 delictum,
2314 3950 2468 4020 quod
2495 3953 2584 4004 est
2613 3948 2803 4020 pudor
2834 3965 2930 4004 ore
2953 3949 3234 4005 confiteri.
3261 3951 3488 4006 Rursus
3505 3969 3640 4008 cum

1990 4037 2344 4094 meditamur
2369 4038 2520 4093 inter
2541 4037 2810 4093 miserias
2838 4037 3016 4109 hujus
3038 4037 3246 4107 exsilii,
3273 4042 3495 4110 quanta
3510 4040 3641 4096 bea—

1990 4125 2181 4181 titudo
2212 4125 2289 4182 sit
2319 4125 2376 4180 in
2409 4125 2551 4180 cmlo
2583 4129 2906 4198 prmparata
2927 4125 3130 4197 justis,
3156 4143 3394 4184 necesse
3424 4145 3530 4184 nos
3552 4133 3642 4186 est

1990 4213 2146 4282 ﬂere,
2181 4215 2342 4281 iuxta
2369 4213 2514 4268 illud
2549 4229 2561 4268 :
2594 4214 2780 4284 Super
2805 4215 3046 4287 ﬂumina
3075 4217 3381 4288 Babylonis
3414 4215 3542 4273 illic
3559 4235 3638 4273 se-

1987 4304 2176 4359 dimus
2226 4312 2283 4359 et
2336 4303 2612 4375 ﬂeuimus,
2662 4305 2800 4358 dum
2857 4306 3310 4361 recordaremur
3363 4307 3472 4377 tui,
3503 4306 3641 4364 Sion

1990 4393 2165 4464 (Psal.
2182 4393 2421 4463 CXXXVI).
2451 4393 2761 4464 Propterea
2781 4392 2938 4448 hunc
2954 4409 3089 4466 ergo
3109 4393 3411 4467 geminum
3434 4394 3636 4451 ﬂetum

239 4484 512 4558 discipuli
535 4483 757 4550 dicunt,
781 4484 1062 4540 nescimus
1091 4483 1229 4556 quid
1257 4484 1508 4557 loquitur
1528 4483 1557 4538 ?
1586 4483 1707 4540 Nisi
1741 4484 1880 4557 quia
1914 4508 1957 4572 D
1987 4480 2352 4554 germinavit,
2385 4481 2586 4536 dicens
2620 4499 2632 4536 :
2668 4481 2978 4538 Plorabitis
3011 4490 3067 4537 et
3095 4482 3306 4556 ﬂebitis
3323 4498 3437 4538 vos.
3471 4483 3638 4539 Hunc

239 4591 394 4643 eum,
426 4589 602 4646 quem
631 4571 927 4627 Christum
959 4570 1059 4626 Dei
1109 4571 1320 4626 Filium
1369 4588 1496 4627 esse
1545 4572 1876 4641 credebant,

239 4680 340 4736 per
367 4662 700 4735 passionem
733 4678 768 4716 a
792 4677 856 4717 se
885 4676 1273 4732 recessurum,
1287 4664 1344 4716 et
1373 4678 1474 4734 per
1505 4662 1878 4718 resurrectio-

239 4768 372 4808 nem
416 4751 740 4808 rediturum
787 4750 857 4806 ad
906 4766 969 4806 se
1018 4766 1134 4805 non
1183 4749 1541 4806 credebant?
1570 4755 1881 4822 Propterea

240 4841 394 4912 quod
417 4839 702 4896 Dominus
724 4855 874 4912 saepe
895 4839 1164 4894 dixerant
1185 4854 1246 4894 se
1267 4855 1583 4911 passurum
1616 4844 1672 4896 et
1693 4857 1880 4896 resur-

240 4932 557 4996 recturum,
589 4931 661 4986 ad
693 4928 947 4986 litteram
979 4927 1419 5000 adimplendum
1450 4945 1580 4985 esse
1609 4947 1725 4985 non
1757 4945 1877 4986 cre-

241 5016 472 5073 debant.
500 5017 610 5073 Sed
641 5034 744 5090 per
771 5017 872 5073 illa
891 5016 1066 5072 verba
1087 5015 1322 5088 aliquod
1343 5016 1502 5072 aliud
1535 5019 1878 5091 mysterium

240 5104 556 5179 significari
587 5106 973 5163 aestimabant.
1005 5104 1150 5160 Hinc
1182 5108 1271 5160 est
1299 5106 1454 5176 quod
1487 5107 1690 5162 dicunt
1722 5125 1735 5162 :
1769 5113 1877 5165 Ne-

238 5195 450 5254 scimus
477 5195 616 5268 quid
643 5196 917 5268 loquitur,
933 5195 988 5251 id
1021 5198 1112 5251 est
1140 5193 1436 5250 nescimus
1457 5211 1525 5250 ex
1557 5212 1672 5267 quo
1701 5214 1877 5253 sensu

239 5285 357 5342 hinc
386 5285 562 5342 verba
593 5284 666 5341 ab
696 5299 762 5340 eo
791 5284 1179 5357 proferantur.
1214 5283 1411 5338 Rudes
1460 5284 1676 5356 quippe
1713 5293 1878 5342 erant

239 5379 293 5431 et
313 5374 504 5431 adhuc
533 5372 819 5444 carnales,
851 5376 908 5430 et
937 5388 1310 5446 nequaquam
1347 5373 1632 5444 putabant
1664 5372 1875 5430 Filium

238 5463 335 5521 Dei
356 5463 558 5520 decere
577 5463 736 5536 quod
759 5463 832 5518 ad
852 5467 1076 5519 tantam
1108 5461 1458 5534 injuriarum
1490 5461 1872 5533 abjectionem

238 5551 546 5622 deveniret,
572 5552 728 5624 quod
755 5555 876 5608 tam
904 5551 1093 5609 viliter
1122 5555 1416 5623 pateretur
1444 5553 1500 5606 et
1528 5556 1871 5609 moreretur.

1989 4587 2124 4643 ergo
2147 4569 2446 4644 geminum
2472 4570 2673 4625 fletum
2698 4586 2902 4625 omnes
2923 4587 3051 4636 nos,
3076 4571 3284 4626 fratres
3302 4570 3437 4638 mei,
3467 4587 3638 4644 appe-

1987 4662 2107 4714 tere
2129 4663 2184 4714 et
2205 4675 2399 4713 amare
2425 4658 2728 4726 debemus,
2748 4663 2813 4713 ut
2835 4659 3102 4715 dicamus
3123 4675 3258 4714 cum
3289 4658 3633 4715 Psalmista:

1987 4747 2476 4818 Quemadmodum
2493 4748 2789 4804 desiderat
2809 4764 3010 4804 cervus
3027 4749 3105 4805 ad
3123 4750 3309 4819 fontes
3324 4764 3632 4821 aquarum,

1986 4837 2072 4893 ita
2099 4837 2388 4892 desiderat
2419 4839 2617 4893 anima
2653 4854 2779 4892 mea
2805 4839 2882 4894 ad
2910 4846 2986 4909 te,
3019 4840 3183 4894 Deus.
3216 4838 3408 4894 Sitivit
3436 4837 3638 4894 anima

1985 4943 2116 4982 mea
2143 4926 2220 4981 ad
2249 4931 2449 4997 Deum,
2479 4926 2697 5001 fortem
2725 4927 2936 4999 vivum,
2966 4927 3194 5000 quando
3225 4927 3447 4984 veniam
3468 4936 3525 4983 et
3537 4943 3638 4996 ap-

1985 5017 2200 5086 parebo
2217 5023 2351 5070 ante
2367 5016 2579 5086 faciem
2604 5015 2706 5072 Dei
2720 5019 2742 5070 Ρ
2754 5022 3010 5074 Fuerunt
3040 5017 3185 5073 mihi
3205 5018 3479 5088 tacrgma’
3493 5033 3636 5073 meae

1985 5121 2160 5174 panes
2190 5105 2281 5160 die
2311 5121 2380 5161 ac
2407 5114 2569 5160 nocte
2611 5106 2782 5177 (Psal.
2817 5105 2926 5177 Lx).
2961 5106 3123 5172 Quod
3157 5105 3204 5161 si
3236 5111 3504 5162 nostrum
3535 5122 3636 5162 cor

1986 5196 2199 5250 durum
2222 5197 2278 5248 ct
2299 5193 2530 5248 aridum
2563 5193 3008 5260 fuerit,oremus
3039 5195 3314 5251 continue
3335 5195 3403 5250 ad
3435 5194 3634 5250 Domi-

1985 5300 2152 5349 num,
2184 5288 2246 5338 ut
2275 5283 2398 5354 ipse
2446 5299 2546 5354 per
2594 5281 3058 5340 misericordiam
3108 5301 3279 5340 suam
3327 5282 3630 5355 largiatur,

1984 5372 2154 5428 nobis
2203 5372 2450 5428 istarum
2499 5371 2870 5443 geminarum
2919 5372 3168 5446 gratiam
3216 5372 3629 5443 lacrymarum.

1985 5462 2113 5532 Qui,
2129 5461 2236 5516 etsi
2265 5460 2616 5533 quandoque
2644 5460 2874 5517 differat
2905 5479 3020 5518 non
3053 5465 3252 5518 tamen
3284 5474 3516 5532 semper
3534 5475 3636 5514 au-

1985 5551 2128 5606 feret
2152 5570 2186 5608 a
2207 5549 2372 5607 nobis
2406 5547 2865 5607 misericordiam
2896 5566 3088 5617 suam,
3110 5551 3214 5606 sed
3244 5546 3415 5606 nobis
3445 5545 3637 5618 lacry-
