3982 6082
358 283 514 348 1883

1365 282 1762 347 ADDENDA.
1794 314 1874 329 —
1901 282 2304 346 RADULPHI
2345 285 2762 348 ARDENTIS.

358 434 568 474 narum
609 416 858 492 gratiam
903 417 1160 476 conferet
1218 419 1628 475 desideratam.
1662 419 1823 482 Quod
1855 417 2001 473 bene
2030 418 2086 484 Α
2117 418 2294 474 trario
2317 423 2480 475 tanta
2499 420 2606 475 erit
2626 419 2970 492 magnitudo
3000 436 3182 493 poena:
3213 418 3562 493 gehennalis
3595 419 3660 474 in
3701 431 3796 476 re‘

357 506 721 582 signiﬁcatur
732 525 836 580 per
849 509 968 562 Axa
991 507 1172 563 filiam
1197 507 1434 580 Caleph,
1452 524 1576 579 quae
1601 508 1809 563 sedens
1831 523 2008 578 super

355 595 602 663 asinam,
639 600 694 652 et
723 597 794 652 ad
829 613 1112 668 sponsum
1145 613 1319 650 suum
1348 612 1616 668 pergens,
1636 595 1881 668 ploravit
1911 613 2006 652 su-

354 685 586 757 spirans
612 689 667 740 et
696 684 896 740 dicens
930 702 942 739 :
981 689 1070 740 Da
1109 685 1258 740 mihi
1305 685 1775 752 benedictionem,
1814 694 2000 754 pater.

351 773 674 830 Anstralem
705 783 760 829 et
789 775 1020 829 aridam
1048 784 1272 829 terram
1303 776 1452 829 mihi
1480 775 1690 829 dedisti
1700 775 1808 840 ;da
1835 774 2002 840 mihi,

350 880 556 936 quaeso,
589 864 880 934 irriguum
908 864 1197 930 superius.
1229 872 1283 919 et
1310 865 1606 934 irriguum
1637 865 1899 934 inferius.
1933 869 2004 920 Et

349 954 622 1010 concessit
648 953 702 1008 ei
731 962 830 1022 pat
857 971 901 1006 ’ν
931 955 1118 1020 (Josue
1141 956 1253 1020 xv).
1276 952 1486 1007 Anima
1516 969 1746 1024 quoque
1779 957 1998 1023 nostra,

349 1043 489 1098 dum
539 1041 829 1098 cmlestem
873 1058 1154 1112 sponsum
1190 1046 1383 1096 mente
1415 1040 1556 1112 petit
1584 1041 1792 1096 sedens
1825 1058 2001 1112 super

347 1131 598 1197 asinam,
622 1130 676 1184 id
705 1134 792 1184 est
813 1129 1084 1185 bestiales
1109 1134 1304 1184 motus
1326 1130 1522 1184 carnis
1547 1146 1923 1200 compescens
1942 1134 2000 1185 et

345 1235 575 1291 regens,
613 1217 868 1290 suspiret
900 1222 956 1272 et
985 1216 1195 1272 clamet
1225 1219 1294 1272 ad
1327 1218 1556 1273 Patrem
1591 1217 1905 1287 caelestem,
1941 1222 1997 1273 et

345 1307 548 1362 dicat:
602 1307 684 1361 Da
733 1305 900 1372 mihi,
963 1305 1229 1372 Domine,
1288 1305 1750 1361 benedictionem
1807 1311 1990 1361 tuam.

341 1397 490 1451 Nam
543 1399 797 1450 mentem
850 1395 1063 1448 siccam
1098 1399 1154 1450 et
1193 1395 1401 1450 duram
1452 1395 1682 1460 dedisti,
1720 1395 1793 1450 da
1824 1395 1992 1462 mihi,

343 1502 559 1558 quaeso,
595 1485 884 1555 irriguum
918 1483 1211 1556 superius,
1241 1487 1297 1538 et
1327 1482 1612 1555 irriguum
1647 1483 1994 1548 inferius,ut

338 1573 604 1629 videlicet
637 1577 762 1628 tum
799 1589 900 1644 pro
933 1572 1187 1644 peccatis
1218 1573 1385 1639 meis,
1419 1577 1546 1626 tum
1573 1590 1676 1644 pro
1704 1572 1990 1627 desiderio

339 1663 538 1735 patria:
562 1661 811 1717 cmlestis
829 1661 1067 1734 plorem.
1088 1663 1154 1716 Et
1176 1661 1468 1732 benignus
1491 1661 1792 1728 Dominus,
1811 1679 1992 1733 quan-

337 1753 528 1824 doque
562 1755 819 1807 nostram
850 1750 986 1805 audi
1018 1754 1076 1805 et
1105 1750 1462 1822 petitionem.
1497 1751 1613 1805 Has
1645 1751 1989 1822 itaque,fra-

336 1845 454 1897 tres
478 1841 612 1906 mei,
636 1840 926 1912 lacrymas
950 1845 1182 1894 sanctas
1209 1845 1576 1912 appetamus,
1603 1839 1881 1912 quoniam
1901 1840 1986 1894 ha.

334 1929 536 2003 procul
569 1928 745 1984 dubio
791 1932 1201 1984 convertentur
1229 1928 1288 1982 in
1321 1927 1602 2000 gaudium
1631 1946 1643 1996 ;
1677 1945 1810 1982 cum
1844 1946 1986 2002 gau-

334 2018 605 2074 debimus
637 2018 707 2073 de
739 2021 1106 2090 peccatorum
1154 2022 1488 2072 nostrorum
1520 2017 1747 2089 integra
1777 2017 1983 2072 remis-

333 2107 517 2175 sione,
545 2111 603 2163 et
659 2106 730 2162 de
788 2105 1039 2161 caelestis
1097 2105 1296 2176 patriae
1359 2105 1788 2172 consecutione,
1814 2107 1986 2178 juxta

329 2196 506 2252 illud:
540 2195 706 2251 Beati
733 2195 831 2266 qui
857 2196 1072 2265 lugent,
1097 2196 1371 2266 quouiam
1400 2194 1514 2263 ipsi
1539 2196 1986 2250 consolabuntur

329 2288 558 2355 (Matth.
589 2301 654 2352 v;
681 2289 811 2340 Luc.
836 2283 936 2354 v1).
970 2283 1133 2338 Sicut
1162 2300 1191 2339 e
1224 2283 1514 2338 contrario
1545 2269 1981 2340 mundanorum

328 2374 612 2447 gaudium
630 2372 960 2440 hominum,
976 2373 1075 2444 qui
1093 2371 1174 2427 sic
1193 2376 1613 2444 prosperantur
1631 2373 1688 2426 in
1712 2373 1828 2428 vita
1850 2390 1977 2439 sua,

329 2463 553 2517 ducunt
582 2461 642 2516 in
665 2460 837 2516 bonis
868 2460 994 2515 dies
1025 2465 1257 2526 suos,et
1279 2459 1550 2514 laetantur
1580 2476 1712 2514 cum
1744 2460 1978 2516 malefe-

329 2547 864 2617 cerint,verteturin
879 2547 1166 2620 lacrymas
1191 2547 1595 2619 sempiternas,
1603 2549 1626 2620 j
1636 2553 1774 2604 uxta
1795 2548 1939 2604 illud
1961 2568 1973 2606 :

325 2654 405 2694 vae
433 2639 530 2708 qui
559 2637 784 2706 ridetis,
818 2639 1091 2710 quoniam
1114 2636 1426 2707 plorabitis
1460 2639 1612 2709 (Luc.
1645 2638 1743 2710 v1).

399 2727 676 2800 Sequitur
705 2745 840 2800 pars
873 2731 1102 2798 quarta,
1140 2727 1198 2781 in
1232 2743 1348 2798 qua
1379 2725 1663 2782 Dominus
1692 2726 1847 2782 dicta
1875 2744 1978 2798 per

326 2815 773 2872 similitudinem
804 2815 1187 2880 demonstrat,
1220 2816 1449 2871 dicens:
1474 2814 1693 2874 Mulier
1717 2833 1847 2872 cum
1876 2833 1975 2885 pa-

323 2906 432 2973 rit,
446 2905 750 2961 tristitiam
772 2906 962 2973 habet,
978 2905 1108 2976 quia
1123 2905 1278 2960 venit
1303 2909 1448 2960 hora
1468 2905 1613 2974 ejus.
1627 2907 1768 2962 Cum
1787 2914 1975 2961 autem

321 2995 543 3066 peperit
554 2995 888 3065 [iliumjam
901 3009 1012 3050 non
1022 2995 1279 3050 meminit
1290 3010 1576 3063 pressurae
1585 3003 1828 3064 propter
1837 3011 1975 3066 gau-

321 3084 503 3149 dium,
525 3084 659 3156 quia
677 3093 846 3139 natus
869 3093 952 3139 est
973 3087 1140 3139 homo
1162 3083 1222 3138 in
1245 3085 1541 3139 mundum.
1568 3083 1683 3138 Hoc
1705 3087 1793 3139 est
1813 3084 1969 3155 quod

2115 508 2333 580 probis,
2350 510 2503 580 quod
2520 509 2688 564 faciet
2703 526 2800 565 eos
2818 509 3082 565 oblivisci
3101 509 3380 582 gaudium
3400 514 3640 564 aeternae
3655 525 3793 581 pro—

2115 596 2428 668 speritatis,
2454 602 2520 652 ut
2543 597 2762 653 scilicet
2784 597 2842 652 in
2868 598 3302 670 comparatione
3331 603 3563 654 aeternae
3589 615 3790 670 parum

2114 687 2471 758 prosperitas
2488 685 2826 759 temporalis
2849 691 3131 758 tanquam
3156 685 3355 741 fumus
3376 685 3560 741 fuisse
3583 687 3793 742 vidca-

2111 779 2227 842 tur,
2242 775 2330 830 vel
2363 792 2628 830 somnus.
2644 775 2861 830 Deinde
2879 775 3165 830 Dominus
3187 775 3472 846 adaptans
3496 775 3790 830 similitu-

2111 864 2304 919 dinem
2335 865 2699 936 praamissam
2732 863 3038 936 subjungit
3072 881 3085 917 :
3120 865 3183 919 Et
3214 880 3304 918 vos
3353 864 3578 935 quidem
3629 882 3786 919 nunc

2109 952 2390 1007 tristitiam
2421 953 2649 1018 habetis,
2683 951 2970 1007 subaudis
2999 952 3068 1006 de
3102 968 3230 1006 meo
3275 968 3532 1019 recessu,
3569 955 3782 1008 iterum

2110 1049 2290 1096 autem
2322 1040 2509 1096 videbo
2538 1057 2648 1108 vos,
2692 1044 2825 1112 post
2873 1039 3380 1108 resurrectionem,
3413 1049 3466 1096 et
3502 1041 3780 1110 gaudebit

2105 1145 2198 1184 cor
2225 1138 2478 1199 vestrum,
2511 1137 2562 1185 et
2588 1128 2856 1198 gaudium
2885 1137 3124 1183 vestrum
3157 1145 3314 1183 nemo
3345 1129 3496 1184 tollet
3525 1147 3560 1184 a
3595 1133 3774 1186 vobis.

2105 1218 2224 1274 Nos
2255 1235 2487 1290 quoque
2514 1219 2722 1274 fratres
2756 1217 2890 1282 mei,
2924 1219 3065 1272 dum
3098 1217 3154 1272 in
3189 1216 3297 1271 hoc
3328 1216 3541 1274 saeculo
3573 1223 3772 1273 tenta-

2106 1325 2240 1362 mur
2256 1312 2313 1362 et
2331 1307 2852 1380 affligimur,quasi
2887 1305 3133 1362 Domino
3155 1323 3265 1362 nos
3289 1305 3768 1380 derelinquente,

2103 1395 2400 1452 tristitiam
2434 1395 2854 1461 habemus,sed
2888 1394 2937 1450 si
2969 1395 3213 1450 adversa
3242 1396 3667 1467 aequanimiter
3691 1400 3775 1452 to-

2102 1483 2437 1552 leravimus,
2473 1489 2529 1539 et
2558 1484 2616 1538 in
2657 1483 2960 1538 tristitiam
3007 1483 3227 1556 gratias
3278 1483 3395 1539 Deo
3440 1483 3771 1556 egerimus,

2101 1574 2314 1629 iterum
2349 1577 2479 1644 post
2507 1571 2835 1644 generalem
2871 1571 3356 1627 resurrectionem
3387 1572 3614 1627 videbit
3637 1590 3768 1641 nos,

2100 1667 2155 1717 et
2185 1680 2218 1717 a
2250 1662 2418 1717 nobis
2463 1661 2755 1716 videbitur
2803 1660 2947 1715 facie
2988 1661 3060 1715 ad
3095 1659 3303 1714 faciem
3336 1659 3634 1715 Dominus
3662 1680 3676 1728 ;
3710 1667 3771 1716 et

2098 1752 2375 1824 gaudebit
2405 1768 2502 1805 cor
2533 1755 2820 1816 nostrum,
2853 1754 2910 1805 et
2940 1749 3222 1822 gaudium
3255 1753 3528 1804 nostrum
3582 1766 3767 1806 nemo

2095 1837 2260 1893 tollet
2291 1855 2325 1893 a
2353 1838 2542 1893 nobis.
2567 1837 2729 1903 Quod
2762 1836 2930 1890 nobis
2962 1840 3236 1908 prastare
3262 1837 3542 1910 dignetur
3561 1837 3672 1910 qui
3705 1839 3768 1894 in

2096 1927 2381 1982 Trinitate
2412 1927 2664 2000 perfecta
2690 1925 2831 1981 vivit
2859 1930 2915 1981 et
2944 1930 3152 1998 regnat
3181 1925 3353 1981 Deus.
3383 1929 3596 1982 Amen.

2693 2031 2997 2087 HOMILIA
3036 2032 3146 2087 LX.

2415 2120 2690 2159 DOMINICA
2729 2120 2974 2172 QUARTA,
3014 2121 3152 2159 POST
3191 2120 3420 2159 PASCHA.

2165 2193 2333 2250 Omne
2360 2193 2549 2248 datum
2577 2193 2862 2264 optimum,
2895 2200 2946 2248 et
2987 2209 3143 2249 omne
3193 2193 3400 2249 donum
3442 2197 3766 2266 perfectum

2091 2283 2376 2340 desursum
2406 2291 2500 2350 est,
2535 2281 2855 2337 descendens
2900 2299 2934 2335 a
2979 2281 3140 2337 Patre
3189 2281 3466 2337 luminum
3502 2285 3653 2355 (Jac.
3695 2284 3758 2356 1),

2091 2378 2199 2430 etc.
2233 2373 2490 2436 Quatuor
2519 2371 2678 2438 facit,
2703 2370 2914 2426 fratres
2945 2369 3158 2438 mei,in
3191 2370 3300 2425 hac
3331 2369 3586 2428 lectione
3621 2390 3764 2445 apo-

2091 2462 2275 2516 stolus
2307 2478 2320 2516 :
2357 2461 2547 2515 Primo
2579 2459 2738 2514 enim
2769 2459 2911 2514 dicit
2939 2476 3110 2515 omne
3140 2460 3361 2515 bonum
3385 2478 3418 2514 a
3448 2461 3571 2516 Deo
3597 2479 3756 2519 esse.

2088 2551 2354 2628 Secundo
2381 2547 2634 2617 ostendit
2663 2546 2893 2602 nullum
2926 2547 3150 2602 malum
3182 2565 3216 2603 a
3245 2549 3358 2604 Deo
3380 2566 3532 2605 esse.
3551 2551 3757 2607 Tertio

2087 2639 2342 2695 ostendit
2373 2638 2527 2710 quod
2558 2637 2711 2692 bona
2741 2637 2843 2691 dat
2871 2636 3023 2692 Deus
3054 2636 3259 2709 gratis.
3293 2637 3512 2700 Quarto
3547 2645 3756 2695 monet

2086 2745 2193 2784 nos
2225 2733 2288 2782 ut
2309 2732 2601 2782 sectemur
2622 2726 2866 2796 bona,et
2892 2725 3190 2798 fugiamus
3221 2725 3752 2784 mala.Ostendens

2083 2817 2262 2890 igitur
2291 2816 2480 2888 primo
2529 2831 2702 2870 omne
2751 2815 2974 2869 bonum
3008 2831 3042 2869 a
3071 2815 3187 2870 Deo
3219 2831 3367 2885 esse,
3402 2815 3484 2870 ait
3520 2832 3534 2869 :
3573 2815 3756 2873 Omne

2082 2905 2272 2961 datum
2291 2907 2577 2976 optimum,
2609 2907 2716 2958 etc.
2753 2903 2903 2959 Sunt
2933 2907 3151 2970 autem,
3185 2903 3394 2959 fratres
3426 2903 3566 2973 mei,
3603 2921 3753 2977 qua.

2081 2997 2214 3050 tuor
2237 2992 2460 3066 species
2485 2992 2793 3048 bonorum.
2809 2991 2956 3046 Nam
2979 2991 3289 3058 bonorum,
3305 2991 3417 3047 alia
3431 2999 3580 3048 sunt
3598 2999 3752 3050 tem-

2081 3081 2323 3156 poralia,
2349 3081 2463 3137 alia
2485 3079 2793 3148 naturalia,
2820 3079 2934 3135 alia
2950 3080 3298 3152 spiritualia,
3314 3080 3430 3137 alia
3455 3081 3748 3139 ccelestia.

321 3190 426 3246 per
445 3171 619 3228 aliam
651 3171 1098 3229 similitudinem
1132 3171 1441 3227 Psalmista
1470 3170 1646 3226 dicit:
1673 3172 1780 3240 Qui
1805 3174 1969 3226 semi-
2001 3157 2044 3225 C
2081 3170 2454 3244 Temporalia
2483 3171 2635 3225 bona
2665 3173 2823 3235 sunt,
2841 3185 2967 3242 quae
2999 3187 3033 3224 a
3059 3169 3228 3225 nobis
3253 3169 3512 3227 exterius
3545 3174 3752 3244 possi-

322 3268 458 3316 nant
477 3263 536 3316 in
567 3261 848 3333 lacrymis,
880 3262 941 3315 in
969 3261 1330 3316 exsultatione
1357 3267 1573 3315 metent.
1594 3262 1802 3316 Euntes
1822 3261 1977 3316 ibant

321 3358 374 3408 et
397 3351 600 3421 ﬂebant
645 3352 916 3406 mittentes
956 3351 1168 3404 semina
1211 3365 1333 3403 sua.
1369 3350 1647 3404 Venientes
1675 3358 1855 3405 autem
1881 3365 1972 3405 ve-

320 3441 476 3496 nient
491 3456 617 3495 cum
631 3440 996 3494 exsultatione
1019 3445 1296 3510 portantes
1316 3437 1636 3509 manipulos
1654 3455 1777 3494 suos
1795 3440 1968 3508 (Psal.

321 3527 506 3599 cxxv).
541 3527 713 3581 Porro
745 3526 1156 3582 convenienter
1201 3532 1500 3598 comparat
1536 3526 1818 3582 Dominus
1849 3528 1972 3582 ani-

324 3632 482 3670 mam
506 3615 657 3685 justi
692 3613 922 3668 mulieri
958 3613 1463 3686 praegnantiNam
1497 3615 1648 3669 sicut
1679 3615 1888 3671 mulier
1903 3633 1971 3671 ex

303 3698 630 3774 'eomplexu
661 3701 766 3756 viri
807 3702 1062 3774 concipit
1117 3701 1278 3758 intus
1336 3719 1605 3774 puerum,
1638 3702 1719 3758 ita
1749 3704 1967 3770 anima,

322 3807 427 3864 per
456 3790 704 3864 gratiam
735 3790 921 3846 sancti
952 3790 1226 3862 Spiritus,
1249 3791 1502 3864 concipit
1531 3791 1590 3846 in
1622 3797 1834 3860 mente,
1869 3811 1971 3865 per

322 3878 520 3945 fidem,
583 3894 769 3949 spem,
831 3881 888 3931 et
943 3877 1310 3946 charitatem,
1362 3879 1688 3934 mercedem
1742 3880 1968 3937 fructus

321 3965 540 4021 eterni.
586 3965 1004 4022 Convenienter
1032 3983 1264 4038 quoque
1296 3972 1598 4040 comparat
1623 3969 1880 4025 laborem
1914 3974 1972 4026 et

320 4055 580 4111 dolorem
605 4054 776 4126 justi,
812 4055 868 4109 in
916 4055 1025 4111 hac
1074 4055 1209 4122 vita,
1262 4057 1524 4113 mulieris
1573 4059 1964 4130 parturitioni.

319 4143 468 4200 Nam
500 4142 654 4199 sicut
683 4143 894 4199 mulier
923 4161 1024 4216 spe
1056 4143 1160 4198 filii
1195 4145 1475 4201 nascituri
1508 4146 1767 4202 dolorem
1797 4147 1967 4202 susti-

320 4237 419 4287 net
439 4233 745 4303 patienter,
771 4232 854 4288 ita
874 4233 890 4304 j
899 4237 1067 4289 ustus
1087 4232 1346 4290 laborem
1369 4239 1426 4289 et
1447 4236 1795 4291 anxietatem
1819 4240 1965 4291 tem-

319 4319 580 4393 poralem
606 4337 708 4392 spe
737 4325 962 4377 aeternae
993 4321 1346 4379 haereditatis
1377 4324 1629 4380 sustinet
1658 4325 1963 4396 patienter.

319 4407 735 4465 Convenienter
762 4410 936 4465 etiam
969 4416 1268 4483 comparat
1308 4412 1737 4484 susceptionem
1769 4412 1966 4468 aterni

317 4497 542 4569 prtemii
565 4499 922 4570 susceptioui
949 4500 1070 4554 nati
1104 4499 1521 4572 filii,quoniam
1546 4499 1697 4556 sicut
1719 4518 1833 4558 non
1853 4501 1966 4558 nisi
1995 4527 2042 4591 D

317 4602 422 4658 per
451 4585 899 4658 parturitionem
929 4587 1250 4660 suscipitur
1280 4588 1471 4660 proles
1501 4594 1848 4662 exspectata,
1883 4591 1965 4646 ita

318 4691 432 4730 non
470 4674 582 4731 nisi
617 4692 718 4748 per
747 4675 1088 4748 patientiam
1117 4676 1336 4733 laboris
1365 4677 1724 4749 temporalis,
1746 4696 1966 4737 merces

318 4763 666 4820 desiderata.
702 4765 864 4829 Quod
895 4769 1099 4821 contra
1129 4764 1261 4821 illos
1291 4771 1380 4822 est
1411 4766 1510 4838 qui
1542 4784 1644 4838 per
1673 4773 1967 4840 tempora-

316 4851 430 4909 lem
462 4854 904 4926 prosperitatem
937 4855 1008 4910 ad
1041 4858 1319 4910 aeternam
1367 4855 1617 4927 patriam
1669 4874 1728 4913 se
1757 4862 1968 4929 putant

318 4957 488 5012 posse
516 4942 832 5014 pervenire.
869 4943 1032 4998 Sicut
1087 4946 1282 4998 autem
1335 4944 1619 5015 gaudium
1672 4946 1742 5000 de
1785 4963 1964 5018 puero

319 5035 455 5084 nato
497 5029 634 5084 facit
679 5031 938 5087 oblivisci
969 5031 1225 5088 dolorem
1257 5031 1679 5104 parturitionis,
1712 5035 1791 5090 ita
1820 5052 1962 5109 gau-

317 5116 480 5172 dium
528 5123 751 5173 aeternte
800 5119 1180 5177 beatitudinis
1231 5120 1367 5176 facit
1409 5121 1670 5179 oblivisci
1703 5123 1963 5181 laborem

316 5206 658 5277 temporalis
687 5208 1188 5278 tribulationis,ut
1216 5210 1276 5265 in
1307 5213 1742 5282 comparatione
1763 5215 1962 5287 gaudii

316 5293 535 5365 aeterni,
569 5294 735 5352 labor
764 5297 1121 5369 temporalis,
1158 5299 1256 5370 qui
1307 5302 1620 5371 praecessit,
1651 5303 1847 5360 nullus
1878 5305 1960 5359 vi-

316 5384 541 5448 deatur,
549 5385 720 5454 juxta
743 5384 884 5439 illud
908 5387 1194 5456 Apostoli:
1220 5389 1485 5445 Existimo
1505 5393 1654 5446 enim
1684 5393 1823 5464 quod
1851 5410 1962 5449 non

313 5477 446 5526 sunt
473 5473 760 5543 condigna?
783 5476 1065 5547 passiones
1099 5476 1266 5548 hujus
1319 5482 1574 5550 temporis
1619 5481 1688 5536 ad
1713 5484 1963 5553 futuram

315 5559 552 5630 gloriam
578 5577 704 5633 qum
731 5564 1065 5623 revelabitur
1099 5567 1158 5620 in
1188 5565 1344 5620 nobis
1373 5567 1544 5638 (Rom.
1577 5571 1719 5643 vni).
1755 5572 1797 5627 E
1825 5589 1961 5629 con-

2083 3262 2316 3328 dentur,
2331 3264 2396 3314 ut
2427 3276 2518 3314 res
2539 3263 2597 3314 et
2619 3259 3042 3332 possessiones,
3061 3258 3294 3326 divitiae,
3329 3263 3660 3332 potestates
3693 3267 3752 3318 et

2081 3351 2352 3406 honores.
2385 3349 2455 3403 Et
2481 3347 2602 3402 haec
2635 3347 2873 3420 quidem
2903 3346 2963 3402 in
2996 3351 3207 3402 natura
3236 3363 3343 3403 sua
3370 3347 3532 3404 bona
3579 3355 3748 3417 sunt,

2082 3438 2360 3510 quoniam
2393 3437 2608 3493 abono
2639 3440 2896 3492 creatore
2926 3441 3120 3492 creata
3149 3441 3308 3503 sunt,
3335 3438 3508 3508 juxta
3537 3437 3692 3494 illud
3729 3457 3743 3495 :

2085 3529 2236 3584 Vidit
2279 3528 2420 3582 Deus
2465 3534 2658 3581 cuncta
2701 3540 2825 3597 quae
2869 3526 3089 3596 fecerat,
3122 3534 3175 3581 et
3202 3533 3360 3582 erant
3395 3527 3556 3582 valde
3601 3529 3750 3584 bona

2080 3619 2096 3688 (
2106 3621 2243 3674 Gen.
2260 3617 2320 3688 1).
2339 3617 2465 3670 Hac
2489 3619 2684 3670 autem
2707 3615 2852 3670 bene
2873 3615 3178 3670 utentibus
3199 3615 3285 3670 eis
3315 3615 3566 3672 materia
3596 3623 3742 3672 sunt

2079 3707 2224 3763 bene
2257 3704 2486 3777 agendi,
2520 3708 2578 3758 et
2619 3701 2771 3758 male
2817 3702 3118 3760 utentibus
3166 3703 3252 3760 eis
3300 3705 3532 3760 occasio
3586 3705 3746 3762 male

2079 3793 2286 3867 agendi
2314 3819 2328 3860 ;
2360 3793 2480 3852 haec
2509 3791 2666 3847 enim
2697 3795 2928 3846 tantum
2959 3790 3154 3847 valent
3183 3793 3336 3848 bona
3381 3793 3744 3864 temporalia

2078 3884 2300 3956 iniquo,
2317 3881 2467 3954 quod
2489 3879 2722 3953 gladius
2743 3881 3079 3936 furibundo.
3103 3881 3405 3937 Naturalia
3421 3897 3560 3937 vero
3584 3883 3743 3938 bona

2079 3977 2239 4040 sunt,
2267 3988 2394 4042 qum
2440 3969 2594 4025 Deus
2645 3969 2868 4025 confert
2897 3985 2932 4024 a
2962 3969 3254 4025 creatione
3294 3969 3642 4043 unicuique,
3677 3977 3743 4027 ut

2077 4063 2230 4116 bona
2256 4059 2462 4114 animm
2485 4062 2541 4113 et
2563 4058 2716 4112 bona
2736 4057 3018 4130 corporis.
3042 4062 3202 4114 Bona
3223 4057 3453 4125 anima,
3474 4064 3541 4114 ut
3561 4060 3739 4127 ratio,

2079 4147 2363 4204 memoria
2389 4151 2447 4202 et
2479 4146 2862 4218 providentia.
2896 4147 3056 4202 Bona
3102 4147 3360 4218 corporis
3409 4151 3477 4202 ut
3523 4149 3741 4215 forma,

2077 4236 2376 4303 fortitudo,
2416 4233 2709 4301 velocitas,
2761 4239 2816 4290 et
2866 4235 3406 4308 hujusmodi;quaa
3458 4237 3744 4294 similiter

2076 4344 2211 4382 cum
2229 4327 2289 4380 in
2313 4325 2404 4381 sui
2429 4328 2640 4380 natura
2672 4323 2826 4379 bona
2857 4323 2994 4393 sint,
3019 4327 3216 4380 tamen
3246 4325 3400 4380 male
3430 4326 3742 4383 mentibus

2074 4416 2194 4472 illis
2224 4419 2362 4472 sunt
2392 4413 2567 4482 mala,
2584 4413 2740 4468 sicut
2758 4413 2906 4468 bene
2929 4413 3232 4469 utentibus
3255 4417 3398 4469 sunt
3419 4414 3740 4487 benaSpi-

2076 4503 2312 4559 ritualia
2337 4519 2470 4557 vero
2502 4502 2653 4557 bona
2681 4505 2838 4570 sunt,
2871 4505 2937 4556 ut
2967 4502 3134 4568 ﬁdes,
3158 4519 3312 4574 spes,
3345 4502 3740 4571 charitas,sa-

2073 4591 2311 4665 pientia,
2345 4589 2600 4662 justitia,
2633 4589 2933 4657 fortitudo,
2967 4590 3358 4663 temperantia
3406 4597 3464 4646 et
3509 4596 3736 4648 caetera

2074 4681 2340 4744 virtutes,
2373 4682 2694 4751 czeteraque
2715 4677 2975 4750 Spiritus
3007 4678 3196 4734 sancti
3227 4679 3401 4750 dona,
3434 4695 3563 4751 quae
3596 4697 3736 4752 gra—

2073 4770 2223 4825 tuita
2249 4769 2424 4835 dona,
2455 4766 2574 4824 sive
2603 4767 2826 4840 gratiae,
2858 4767 3135 4822 dicuntur
3162 4784 3266 4839 per
3301 4767 3732 4836 excellentiam,

2076 4858 2354 4931 quoniam
2377 4860 2572 4931 gratos
2595 4855 2864 4912 homines
2884 4860 2942 4912 et
2962 4857 3146 4912 bonos
3177 4855 3457 4923 efﬁciunt,
3472 4861 3529 4912 et
3549 4874 3586 4911 a
3609 4875 3735 4913 ma-

2073 4947 2146 5003 lis
2178 4964 2283 5003 nec
2311 4945 2514 5000 haberi
2545 4961 2651 5000 nec
2680 4945 2956 5016 usurpari
2996 4949 3264 5016 possunt.
3297 4943 3568 5000 Ccelestia
3593 4962 3733 5002 vero

2073 5037 2227 5092 bona
2255 5039 2414 5105 sunt,
2447 5032 2884 5099 immortalitas,
2914 5032 3382 5106 impassibilitas,
3415 5037 3472 5088 et
3519 5037 3735 5091 caetera.

2073 5125 2247 5190 bona,
2280 5138 2407 5193 quae
2436 5119 2494 5174 in
2528 5120 2952 5175 resurrectione
2982 5119 3178 5176 electis
3220 5119 3615 5177 conferentur.
3647 5121 3734 5178 De

2074 5211 2288 5284 quibus
2318 5208 2534 5265 dicitur
2564 5208 2843 5280 quoniam
2873 5225 2972 5264 nec
3018 5209 3208 5264 oculus
3255 5208 3413 5277 vidit,
3446 5225 3547 5264 nec
3568 5212 3734 5266 auris

2072 5301 2305 5366 audivit,
2339 5315 2439 5354 nec
2470 5300 2531 5354 in
2559 5314 2651 5354 cor
2678 5299 2916 5354 hominis
2960 5299 3202 5355 ascendit
3230 5313 3355 5372 qum
3376 5302 3736 5370 praeparavit

2070 5393 2210 5447 Deus
2239 5388 2596 5456 diligentibus
2625 5403 2680 5443 se
2710 5389 2758 5458 (Ι
2787 5388 2906 5442 Cor.
2942 5387 3025 5458 II).
3059 5388 3210 5443 Sunt
3252 5387 3431 5461 igitur
3474 5387 3732 5444 istorum

2071 5483 2323 5553 quatuor
2342 5493 2556 5549 genera
2577 5477 2865 5532 bonorum
2885 5494 2898 5545 ;
2922 5477 3037 5532 duo
3069 5477 3260 5549 prima
3288 5481 3409 5532 tam
3434 5476 3730 5533 bonorum

2070 5586 2249 5645 quam
2269 5565 2560 5624 malorum
2582 5565 2937 5635 communia,
2957 5564 3185 5639 reliqua
3198 5581 3330 5623 vero
3353 5565 3469 5621 duo
3490 5569 3729 5623 tantum

3913 65 3922 128 i

3623 223 3926 380 ,ειμι
