3982 6082
172 335 198 394 1
211 333 330 396 885

840 333 1194 396 ΗΟΜῙῙλῙιἘ
1236 334 1314 394 IN
1360 333 1604 394 EPIST.
1653 332 1754 393 ET
1799 331 1828 391 Ε

1940 331 2086 391 ιΝΒ.
2133 331 2482 392 DOMINIC.
2516 366 2593 376 —
2619 331 2821 394 PARS
2864 331 2914 394 I.

3418 336 3574 400 1886

170 466 464 522 bonorum
497 467 654 532 sunt,
688 468 745 520 et
775 465 902 522 ideo
935 466 1123 539 magis
1153 467 1498 539 appetenda.
1531 467 1632 521 Est
1661 463 1814 521 enim
1848 463 1903 531 Α
1935 461 2057 518 lum
2083 466 2224 532 (Ιςα.
2254 463 2403 534 XLV).
2434 463 2626 520 Vitam
2649 463 2824 520 etiam
2852 464 3230 538 reproborum
3261 467 3577 527 obumbrat

171 559 407 612 tantum
438 555 773 628 temporale,
809 557 1011 611 datum
1043 557 1285 622 bonum,
1319 557 1417 611 sed
1450 554 1714 610 naturale
1734 558 1824 609 est

173 645 390 700 melius
416 663 428 712 ;
461 643 761 716 spirituale
789 661 920 700 vero
949 651 1037 701 est
1079 645 1388 718 optimnm.
1421 644 1661 700 leeste
1688 661 1822 700 vero

173 735 398 790 donum
417 737 504 789 est
521 734 838 805 perfectum
857 735 1098 791 donum.
1114 736 1182 790 Et
1195 738 1387 790 tamen
1403 751 1574 790 omne
1597 735 1821 798 datum,

171 823 296 879 sive
353 825 594 892 bonum,
627 823 746 879 sive
778 823 1008 890 melius,
1042 823 1160 879 sive
1211 825 1518 896 optimum,
1553 827 1610 879 et
1647 823 1824 878 etiam

171 929 350 968 omne
382 913 623 968 domum
656 913 976 985 perfectum
1008 913 1319 969 desursum
1352 914 1693 984 est.Itaque,
1715 913 1825 968 fra-

170 1004 296 1056 tres
310 1000 623 1068 mei,nemo
646 1017 708 1056 se
729 1001 1178 1072 decipiat,nemo
1210 1001 1430 1056 bonum
1456 1001 1610 1072 quod
1625 1001 1820 1069 habet,

173 1089 293 1145 sibi
323 1089 622 1158 attribuat,
646 1106 817 1146 nemo
849 1090 973 1145 suis
1003 1091 1245 1156 viribus,
1279 1107 1449 1146 nemo
1498 1107 1615 1145 suae
1647 1089 1824 1145 indu-

173 1178 358 1243 striae,
391 1195 561 1233 nemo
594 1195 700 1234 suo
730 1176 1173 1245 labori,bonum
1205 1179 1358 1250 quod
1390 1179 1565 1234 habet
1594 1179 1705 1234 sibi
1739 1196 1828 1234 as-

173 1267 388 1332 cribat,
422 1267 523 1322 sed
555 1283 786 1322 summo
827 1272 1039 1322 aeterno
1072 1265 1246 1335 Patri,
1280 1285 1314 1322 a
1345 1285 1459 1339 quo
1506 1285 1678 1323 omne
1721 1267 1824 1322 ho-

175 1373 326 1412 num
358 1355 676 1421 descendit,
691 1355 910 1428 gratias
930 1361 1081 1427 agat.
1099 1356 1444 1428 Temporale
1461 1373 1592 1412 vero
1607 1359 1826 1412 bonum

173 1449 238 1501 et
264 1443 548 1511 naturale,
584 1444 722 1516 quia
752 1445 1089 1500 communia
1120 1450 1280 1514 sunt,
1303 1445 1479 1501 etiam
1513 1445 1825 1515 malorum,

173 1551 359 1607 parva
389 1538 637 1605 reputet.
653 1533 966 1606 Spirituale
980 1550 1114 1590 vero
1133 1539 1190 1590 et
1205 1534 1438 1590 cceleste
1461 1535 1679 1590 bonum
1696 1536 1829 1591 nisu

174 1628 300 1679 toto
349 1623 652 1695 acquirere
701 1623 965 1688 desudet,
999 1627 1055 1676 et
1093 1623 1420 1691 desideriis,
1455 1623 1726 1695 precibus
1774 1629 1831 1680 et

176 1711 453 1785 suspiriis
484 1729 551 1768 ea
582 1729 614 1766 a
644 1711 860 1767 cmiesti
893 1711 1060 1767 Patre
1091 1712 1367 1782 postulet,
1402 1713 1502 1784 qui
1541 1717 1630 1768 est
1661 1717 1831 1768 Pater

1934 551 2088 606 Deus
2103 568 2206 624 per
2217 552 2484 608 tenebras
2497 557 2718 608 aeterna
2732 553 3146 618 damnationis,
3161 557 3439 626 quoniam
3452 557 3577 630 ipse

1933 641 1992 696 in
2005 642 2120 696 ﬁne
2134 641 2326 697 mittet
2339 659 2436 696 eos
2451 641 2506 696 in
2525 643 2794 698 tenebras
2807 644 3135 701 exteriores.
3154 645 3406 702 Mentem
3431 665 3574 720 quo-

1933 747 2046 802 que
2080 729 2387 786 hominum
2421 749 2724 804 nunquam
2755 732 3014 788 vicissim
3047 734 3390 790 obrumbrat
3425 741 3576 794 Deus

1934 837 2037 892 per
2066 821 2334 876 tenebras
2369 821 2693 886 interiores,
2718 821 2776 876 id
2809 826 2898 878 est
2927 822 3222 878 vitiorum.
3244 828 3330 880 Ita
3363 826 3579 900 quippe

1933 908 2175 964 immitit
2204 909 2501 964 mentibus
2532 910 2877 966 charitatem
2907 911 3212 980 virtutum,
3245 915 3401 984 quod
3433 933 3580 970 nun-

1934 1016 2108 1071 quam
2156 999 2398 1054 immitit
2444 1000 2715 1055 tenebras
2761 999 3056 1055 vitiorum.
3091 1003 3252 1067 Quod
3285 1003 3336 1058 si
3367 1003 3582 1078 legitur

1933 1088 2297 1144 Pharaonem
2321 1090 2539 1158 (Exod.
2573 1089 2648 1160 IV)
2681 1091 2738 1144 et
2767 1093 3002 1145 caeteros
3033 1090 3219 1146 malos
3268 1091 3580 1150 indurasse

1933 1177 2019 1233 vel
2053 1194 2390 1246 exczecasse,
2407 1177 2526 1232 haec
2545 1177 2746 1248 utique
2768 1177 2923 1244 fecit,
2940 1195 3053 1234 non
3078 1179 3583 1239 immutandoma—

1933 1266 2141 1335 litiam,
2159 1267 2260 1322 sed
2283 1267 2680 1322 subtrahendo
2694 1268 2964 1340 gratiam.
2983 1270 3205 1340 Itaque,
3223 1271 3431 1327 fratres
3444 1272 3580 1340 mei,

1937 1357 2092 1411 bona
2121 1372 2353 1428 semper
2381 1355 2646 1410 dicamus
2679 1374 2785 1411 nos
2817 1356 3032 1412 habere
3055 1375 3088 1413 a
3110 1359 3226 1414 Deo
3248 1377 3363 1414 non
3382 1377 3450 1415 ex
3478 1379 3583 1417 no-

1938 1444 2048 1500 bis.
2065 1446 2132 1500 Et
2163 1443 2318 1500 mala
2345 1445 2612 1501 dicamus
2635 1461 2865 1517 semper
2885 1463 2991 1501 nos
3013 1447 3249 1516 habere,
3265 1451 3579 1520 nonaDeo,

1939 1535 2038 1590 sed
2071 1551 2138 1590 ex
2169 1534 2486 1590 nobis.Nec
2511 1551 2614 1589 nos
2646 1540 2989 1590 excusantes
3021 1536 3204 1590 Deum
3236 1554 3584 1597 accusemus

1939 1641 2099 1680 more
2127 1623 2334 1679 veteris
2363 1624 2518 1690 Ade,
2539 1623 2794 1679 dicentes
2812 1641 2823 1678 :
2841 1625 2967 1679 Non
2991 1643 3231 1696 possum
3264 1626 3364 1682 Dei
3385 1629 3585 1701 gravia

1937 1717 2226 1786 przecepta
2273 1713 2632 1784 adimplere;
2672 1730 2786 1768 non
2833 1730 3076 1785 possum
3121 1714 3259 1771 vitio
3290 1717 3580 1787 resistere,

175 1801 474 1858 luminum
510 1801 798 1868 omnium,
824 1800 943 1856 sive
973 1799 1121 1856 lucis
1151 1801 1510 1872 temporalis,
1547 1820 1725 1874 quam
1769 1804 1824 1856 in
1857 1835 1906 1899 Β
1938 1803 2217 1876 quoniam
2251 1803 2522 1858 infirmus
2553 1803 2918 1874 etimpotens
2935 1803 3580 1864 naturalitersum.Hoc

177 1889 468 1964 principio
511 1890 584 1945 ad
632 1889 1088 1945 illumiuandum
1120 1890 1410 1945 mundum
1442 1892 1674 1957 creavit,
1711 1892 1830 1948 sive

177 1978 524 2053 spiritualis,
575 1996 692 2051 qua
737 1977 898 2033 intus
959 1982 1291 2050 peccatores
1342 1978 1656 2048 illuminat,
1709 1980 1828 2036 sive

178 2073 407 2125 (eterna:
441 2085 618 2140 quam
644 2067 703 2122 in
725 2067 982 2139 empireo
999 2065 1141 2122 caelo
1165 2067 1388 2140 angelis
1411 2073 1468 2124 et
1489 2067 1686 2124 electis
1704 2069 1829 2126 suis

178 2157 546 2230 praeparavit.
563 2157 630 2212 Et
658 2155 1040 2228 temporalem
1063 2155 1299 2228 quidem
1317 2157 1507 2213 lucem
1529 2159 1627 2213 dat
1648 2160 1720 2214 ad
1743 2177 1820 2214 so-

180 2246 412 2314 latium,
445 2243 809 2318 spiritualem
841 2245 914 2300 ad
945 2246 1241 2314 meritum,
1271 2251 1546 2302 aeternam
1595 2264 1727 2303 vero
1768 2249 1828 2303 in

181 2334 511 2410 praemium.
528 2334 793 2400 Proinde,
809 2333 1014 2389 fratres
1038 2335 1172 2400 mei,
1189 2351 1295 2390 nos
1325 2335 1426 2406 qui
1446 2337 1828 2408 temporalem

178 2425 374 2481 lucem
406 2422 790 2490 videmus,ita
810 2439 877 2477 ea
908 2427 1163 2490 utamur,
1187 2428 1248 2478 ut
1280 2441 1382 2496 per
1410 2441 1536 2479 eam
1569 2427 1642 2480 ad
1673 2431 1830 2482 acter-

183 2530 321 2570 nam
354 2513 680 2568 veniamus.
699 2511 806 2576 Qui
833 2527 965 2566 vero
995 2511 1373 2582 temporalem
1409 2511 1598 2569 lucem
1615 2533 1731 2570 non
1756 2516 1832 2570 vi-

183 2604 354 2670 detis,
388 2620 502 2657 non
534 2618 706 2674 grave
735 2599 957 2667 feratis,
992 2601 1040 2656 si
1073 2617 1140 2656 ea
1188 2601 1316 2656 luce
1361 2603 1628 2674 carentis,
1653 2622 1829 2675 quam

184 2692 405 2766 perjuri
437 2694 493 2746 et
507 2689 792 2756 infideles,
809 2693 1106 2760 serpentes
1119 2689 1433 2746 etbufones
1445 2691 1682 2749 habent.
1699 2694 1830 2766 Spi-

185 2779 458 2835 ritualem
489 2794 622 2833 vero
644 2776 836 2832 lucem
869 2793 1074 2833 omnes
1098 2777 1312 2834 habere
1335 2781 1697 2848 studeamus,
1730 2799 1832 2853 per

185 2885 362 2942 quam
395 2868 468 2923 ad
501 2870 798 2930 aeternam,
833 2865 891 2920 in
924 2883 1041 2938 qua
1087 2867 1241 2922 Deus
1287 2867 1597 2937 videbitur,
1631 2887 1831 2942 perve-

185 2959 313 3015 nire
345 2973 694 3013 mereamur.

259 3047 539 3119 Sequitur
554 3062 689 3117 pars
701 3043 1052 3110 secunda,in
1071 3061 1188 3116 qua
1207 3047 1538 3103 ostenditur
1551 3064 1665 3120 quo
1680 3048 1833 3104 mala

186 3153 257 3193 ex
286 3137 401 3191 Deo
431 3152 544 3190 non
577 3137 736 3202 sunt,
770 3150 904 3189 cum
937 3133 1240 3189 subditur:
1261 3137 1437 3207 Apud
1456 3153 1613 3208 quem
1626 3147 1833 3193 nonest

185 3223 627 3292 transmutatio,
660 3239 764 3278 nec
793 3224 1224 3279 vicissitudinis
1254 3225 1648 3281 obumbratio.
1676 3226 1828 3294 Ideo,
1863 3202 1904 3268 Ο

185 3316 396 3371 fratres
426 3312 560 3381 mei,
586 3329 702 3368 non
751 3316 839 3367 est
876 3313 1313 3384 transmutatio,
1347 3313 1626 3385 quoniam
1671 3314 1834 3371 nulla

187 3401 510 3460 mutatione
519 3399 1002 3473 variatur.Neque
1015 3400 1168 3456 enim
1186 3419 1288 3474 per
1299 3403 1729 3474 generationem
1746 3405 1832 3461 vel

187 3491 620 3564 corruptionem
652 3493 936 3558 mutatur,
963 3489 1062 3561 qui
1096 3490 1380 3562 principio
1411 3497 1567 3548 caret
1595 3496 1652 3548 et
1682 3494 1827 3562 fine;

187 3598 374 3653 neque
397 3597 497 3652 per
527 3581 909 3652 augmentum
930 3576 1018 3633 vel
1042 3577 1514 3647 diminutionem,
1533 3581 1834 3654 quimajor

186 3668 275 3726 vel
311 3669 501 3724 minor
529 3685 658 3724 esse
687 3685 802 3723 non
836 3671 1046 3739 potest,
1070 3685 1259 3739 neque
1289 3686 1392 3740 per
1430 3669 1831 3727 alterationem

187 3757 278 3814 vel
309 3757 420 3814 loci
451 3757 854 3824 mutationem,
889 3755 988 3829 qui
1030 3755 1388 3813 invariabilis
1419 3763 1475 3813 et
1506 3759 1832 3817 immensus

190 3851 298 3904 est.
313 3847 477 3903 Unde
491 3850 547 3902 et
563 3847 634 3902 ad
649 3863 783 3901 eum
807 3862 910 3918 per
930 3846 1245 3917 quemdam
1269 3845 1590 3918 sapientem
1611 3848 1832 3905 dictum

190 3941 307 3994 est:
335 3959 363 3986 «
387 3935 675 3991 Mundum
698 3950 936 3990 movens
967 3951 1083 3989 non
1117 3935 1596 4000 moveris,locum
1625 3941 1833 3994 tenens

192 4041 306 4080 non
333 4023 578 4091 teneris;
601 4027 834 4095 tempus
861 4027 1099 4078 mutans
1122 4039 1236 4077 non
1260 4023 1507 4079 mutaris
1532 4043 1544 4092 ;
1577 4041 1723 4097 vaga
1743 4027 1832 4082 fir-

187 4130 356 4169 mans
387 4130 504 4168 non
527 4112 776 4185 vagaris.
797 4135 824 4160 »
841 4111 949 4167 Sed
979 4110 1060 4166 ita
1090 4115 1386 4167 creaturas
1415 4112 1539 4184 ipse
1560 4113 1836 4170 immuta-

180 4201 315 4258 bilis
346 4205 553 4272 mutat,
587 4218 704 4256 non
737 4205 935 4256 tamen
971 4217 1068 4256 eas
1097 4203 1261 4254 trans
1308 4204 1517 4268 mutat,
1551 4203 1832 4274 quoniam

177 4295 343 4348 trans
371 4289 698 4347 naturalem
732 4289 1060 4345 bonitatem
1093 4305 1190 4344 eas
1213 4305 1316 4361 per
1343 4289 1550 4346 vitium
1583 4309 1697 4348 non
1731 4294 1830 4350 de-

174 4385 394 4454 pravat,
429 4380 583 4452 quod
619 4377 876 4451 apertius
900 4377 1226 4450 exponitur,
1245 4394 1378 4432 cum
1396 4379 1698 4436 subditur:
1717 4387 1832 4439 Nec

177 4469 609 4527 vicissitudinis
620 4468 788 4522 obum
799 4466 1177 4535 bratio,idest
1189 4483 1293 4522 nec
1308 4469 1557 4524 tenebre
1570 4470 1828 4528 vicissim

1938 1892 2094 1948 enim
2128 1897 2216 1949 est
2245 1909 2310 1948 ac
2341 1892 2608 1947 dicamus
2634 1909 2646 1959 ;
2681 1891 2790 1947 hoc
2821 1908 2936 1947 non
2969 1893 3252 1961 mihi,sed
3275 1894 3390 1951 Deo
3405 1895 3579 1951 ascri-

1938 1982 2194 2038 bendum
2229 1985 2337 2047 est,
2371 1980 2470 2052 qui
2502 1998 2594 2036 me
2622 1981 2800 2036 talem
2831 1980 3062 2037 creavit.
3098 1981 3246 2038 Proh
3277 1983 3460 2040 nefas.
3496 2003 3586 2042 as-

1938 2069 2223 2126 cribimus
2247 2071 2410 2141 justo
2443 2069 2840 2142 iniquitatem,
2873 2076 2930 2126 et
2961 2070 3056 2142 pio
3087 2071 3588 2140 crudelitatem,et

1938 2159 2210 2231 discipuli
2233 2157 2571 2232 ignorantiae
2595 2176 2941 2215 accusamus
2966 2160 3301 2229 Dominum,
3320 2161 3586 2218 utvidea—

1939 2251 2036 2303 tur
2075 2247 2298 2303 nescire
2349 2248 2502 2318 quod
2546 2248 2700 2316 fecit,
2732 2252 2789 2304 et
2836 2249 3059 2304 nescire
3111 2249 3266 2321 quod
3289 2249 3492 2320 jussit.
3516 2251 3587 2307 Et

1939 2337 2105 2410 quasi
2138 2336 2354 2392 oblitus
2385 2335 2719 2412 fragilitatis
2740 2337 3030 2406 humanm,
3048 2339 3218 2409 cujus
3241 2343 3444 2394 auctor
3461 2339 3587 2412 ipse

1939 2426 2288 2493 est,homini
2315 2424 2658 2498 imposuerit
2690 2426 2969 2481 mandata
3000 2444 3126 2498 quas
3160 2427 3308 2483 ferre
3341 2445 3456 2483 non
3491 2445 3588 2500 po-

1937 2521 2070 2571 test.
2107 2517 2240 2583 Sed,
2275 2516 2481 2570 fratres
2512 2515 2646 2581 mei,
2681 2532 2852 2570 nemo
2885 2515 3073 2588 magis
3104 2517 3264 2572 novit
3289 2516 3441 2573 vires
3481 2535 3586 2574 no-

1939 2609 2112 2672 stras,
2146 2622 2320 2675 quem
2342 2604 2439 2659 ille
2470 2604 2570 2676 q'ui
2601 2621 2699 2659 eas
2733 2605 2901 2660 nobis
2932 2604 3110 2660 dedit.
3145 2605 3260 2661 Nec
3290 2607 3447 2662 enim
3479 2607 3586 2663 ali-

1940 2693 2081 2765 quid
2110 2691 2816 2765 impossibileimperavit,
2837 2693 2934 2764 qui
2952 2694 3155 2764 justus
3176 2699 3282 2750 est.
3300 2695 3588 2751 Necdam-

1939 2787 2186 2838 naturus
2217 2785 2305 2836 est
2323 2781 2621 2837 hominem
2649 2798 2752 2853 pro
2784 2797 2848 2836 eo
2872 2783 3027 2852 quod
3045 2799 3158 2838 non
3177 2783 3369 2854 potuit
3382 2783 3583 2852 vitare,

1941 2872 2040 2944 qui
2075 2871 2207 2944 pius
2241 2874 2350 2926 est.

2011 2960 2290 3033 Sequitur
2319 2977 2456 3032 pars
2487 2957 2751 3025 tertia,in
2769 2976 2886 3030 qua
2917 2959 3243 3015 ostenditur
3263 2962 3417 3032 quod
3430 2962 3584 3020 Deus

1941 3051 2041 3105 dat
2053 3048 2236 3121 gratis
2258 3047 2426 3104 nobis
2443 3048 2876 3113 suabona,cum
2915 3047 3216 3104 subditur:
3234 3051 3587 3107 Voluntarie

1941 3140 2140 3210 genuit
2163 3153 2266 3193 nos
2294 3139 2464 3193 verba
2492 3137 2777 3204 veritatis,
2793 3142 2856 3191 ut
2867 3138 3050 3192 simus
3075 3138 3315 3210 aliquod
3344 3140 3588 3196 initium

1943 3238 2223 3284 creatura:
2251 3230 2398 3298 ejus.
2425 3225 2586 3290 Quod
2619 3225 2690 3280 de
2721 3242 2838 3280 una
2866 3224 3054 3296 gratia
3083 3224 3332 3294 dicit,de
3363 3229 3587 3285 ceteris

1942 3316 2217 3372 omnibus
2247 3314 2694 3387 intelligendum
2709 3313 3005 3386 relinquit.
3021 3313 3214 3370 Prima
3226 3315 3517 3387 siquidem
3531 3322 3589 3373 et

1943 3407 2132 3477 major
2157 3404 2361 3478 gratia,
2379 3420 2556 3476 quam
2589 3403 2740 3458 Deus
2761 3402 2856 3458 hic
2875 3403 3097 3459 confert
3117 3403 3284 3461 nobis
3305 3409 3412 3474 est,
3429 3407 3584 3478 quod

1943 3513 2050 3551 nos
2071 3499 2400 3568 generatos,
2415 3509 2517 3564 per
2538 3492 3072 3564 concupiscentiam
3086 3493 3278 3550 carnis
3299 3493 3583 3563 ﬁliosirae,

1942 3588 2243 3658 regenerat
2275 3599 2376 3654 per
2401 3580 2649 3653 gratiam
2680 3580 2959 3653 baptismi
2993 3581 3050 3636 in
3075 3580 3226 3637 filios
3257 3583 3587 3656 adaptionis

1943 3679 2000 3729 et
2029 3670 2458 3737 misericordiae,
2492 3671 2648 3740 quod
2672 3670 2742 3724 de
2773 3669 2910 3725 ﬁliis
2941 3670 3335 3728 damnationis
3367 3672 3504 3728 facit
3525 3674 3588 3728 ﬁ-

1942 3763 2052 3818 lios
2083 3759 2575 3830 electionis,quod
2607 3759 2676 3814 de
2707 3759 2844 3814 ﬁliis
2876 3758 3268 3827 diaboli,facit
3291 3760 3442 3818 ﬁlios
3458 3762 3581 3818 Dei.

1943 3854 2013 3907 Et
2045 3853 2124 3906 ita
2151 3851 2390 3922 quidem
2424 3865 2529 3903 nos
2561 3852 2865 3920 regenerat
2884 3848 3076 3914 verbo,
3110 3848 3168 3904 id
3201 3854 3288 3904 est
3317 3867 3420 3921 per
3457 3869 3583 3907 ver-

1943 3942 2085 3996 bum
2115 3939 2392 3994 veritatis.
2417 3937 2541 3992 Non
2574 3937 2657 3992 ait
2686 3953 2789 4007 per
2818 3937 3180 4008 baptismum
3212 3937 3426 4010 solum,
3452 3957 3590 4011 qno-

1944 4029 2104 4084 niam
2135 4032 2190 4083 et
2221 4027 2279 4081 in
2310 4025 2605 4096 baptismo
2627 4025 2869 4079 verbum
2895 4026 3160 4080 mundat.
3198 4026 3343 4081 Nam
3376 4027 3424 4082 si
3448 4027 3586 4082 sub-

1942 4117 2142 4172 trahas
2170 4116 2434 4180 verbum,
2451 4113 2592 4184 quid
2623 4117 2710 4168 est
2732 4130 2885 4184 aqua
2906 4113 3255 4185 baptisterii,
3272 4113 3384 4170 nisi
3407 4115 3589 4186 aqua?

1945 4203 2324 4278 Regeneravit
2354 4200 2534 4274 igitur
2563 4218 2670 4256 nos
2700 4201 2757 4254 in
2791 4200 2942 4256 ﬁlios
2964 4218 3104 4258 suos
3144 4202 3298 4257 Deus
3330 4219 3432 4275 per
3460 4219 3587 4258 ver-

1943 4297 2085 4350 bum
2134 4291 2416 4358 veritatis,
2444 4289 2501 4344 id
2552 4293 2658 4356 est,
2693 4306 2796 4360 per
2841 4288 3052 4345 Filium
3101 4307 3298 4358 suum,
3333 4291 3454 4346 sive
3485 4307 3588 4364 per

1941 4383 2182 4439 verbum
2216 4378 2543 4450 ﬁdei,quod
2560 4377 2684 4448 ipse
2699 4376 2879 4433 Filius
2896 4377 3064 4434 nobis
3096 4379 3448 4450 praedicavit.
3466 4380 3586 4436 Hoc

1943 4477 2029 4529 est
2063 4470 2215 4543 quod
2246 4469 2502 4524 Joannes
2533 4466 2616 4521 ait
2650 4483 2662 4520 :
2694 4470 2982 4540 Quotquot
3011 4473 3204 4522 autem
3242 4474 3586 4540 receperunt

177 4555 706 4616 obumbrantes.Ut
738 4555 892 4610 enim
916 4555 1214 4610 Johannes
1230 4556 1335 4611 ait:
1353 4559 1498 4613 Deus
1521 4558 1628 4613 lux
1643 4566 1744 4631 est,
1763 4567 1816 4617 et
1848 4571 1895 4636 D
1927 4581 2079 4628 eum,
2111 4559 2264 4616 dedit
2281 4559 2365 4613 eis
2379 4561 2729 4629 potestatem
2753 4554 2914 4626 ﬁlios
2941 4557 3050 4610 Dei
3071 4556 3206 4626 fieri
3214 4597 3227 4620 ,
3251 4556 3338 4612 his
3361 4557 3588 4630 quiore-

175 4648 421 4706 tenebraa
452 4648 514 4702 in
543 4662 610 4700 eo
639 4661 756 4701 non
801 4651 930 4699 sunt
970 4643 1116 4700 ulla:
1141 4648 1194 4713 (Ι
1217 4650 1394 4702 Joan.
1427 4650 1486 4713 ι).
1521 4647 1821 4706 Illuminat

179 4735 356 4806 enim,
385 4752 499 4791 non
532 4733 892 4790 obtenebrat.
925 4734 1208 4789 Caeterum
1241 4735 1490 4790 tenebrae
1522 4735 1645 4791 aliae
1685 4744 1824 4794 sunt

179 4824 386 4888 noctis,
419 4822 544 4880 aliae
576 4827 718 4880 sunt
746 4823 1140 4889 adversitatis,
1175 4822 1300 4879 aliae
1325 4830 1548 4880 aeternae
1581 4826 1824 4884 damna-

181 4912 383 4980 tionis,
395 4912 520 4968 aliae
553 4911 792 4984 peccati.
813 4911 986 4967 Porro
1006 4911 1158 4968 diem
1184 4913 1441 4970 vicissim
1460 4914 1613 4972 Deus
1625 4917 1827 4973 obum-

184 5002 315 5057 brat
339 5017 441 5073 per
466 5005 736 5069 mortem,
769 5001 926 5057 unde
956 5001 1007 5056 ei
1040 4999 1256 5057 dicitur
1285 5019 1298 5057 :

616 5108 841 5158 Eterme
858 5122 1031 5157 rerum
1062 5108 1297 5157 conditor

554 5185 760 5236 Noctem
788 5188 1024 5253 diemque
1053 5189 1145 5253 qui
1169 5189 1323 5252 regis,

553 5265 623 5316 Et
649 5267 932 5331 temporum
961 5267 1055 5317 dus
1084 5270 1331 5332 tempora,

557 5347 618 5396 Ut
638 5345 822 5397 alleves
848 5349 1142 5411 fastidium.

183 5445 630 5518 Prosperitatem
662 5462 895 5518 quoque
923 5447 1182 5504 vicissim
1216 5447 1530 5502 obumbrat
1552 5447 1705 5504 Deus
1727 5467 1829 5522 per

183 5533 786 5591 adversitatem.Unde
819 5541 876 5591 et
907 5537 1060 5592 idem
1079 5538 1149 5593 de
1173 5554 1234 5594 se
1255 5541 1830 5596 testaturzFormans

185 5625 365 5680 lucem
377 5630 432 5681 et
445 5625 947 5694 creanstenebras,
953 5627 1174 5697 faciens
1177 5644 1411 5700 pacem,
1425 5633 1479 5683 et
1491 5643 1624 5685 crea
1631 5644 1694 5683 ns
1704 5645 1826 5687 ma-

1929 4655 2071 4709 dunt
2103 4650 2163 4704 in.
2193 4647 2423 4702 nomine
2453 4649 2581 4716 ejus
2612 4645 2876 4712 (Joan.1).
2913 4643 3071 4700 Fecit
3101 4649 3299 4700 autem
3330 4644 3443 4701 hoc
3466 4662 3584 4701 non

1932 4738 2156 4797 meritis
2190 4735 2428 4801 nostris,
2463 4751 2590 4806 quae
2619 4732 2784 4788 nulla
2807 4737 2992 4801 erant,
3029 4733 3128 4788 sed
3151 4732 3493 4801 voluntarie,
3526 4733 3584 4790 id

1934 4834 2041 4896 est,
2078 4827 2200 4884 sola
2233 4841 2340 4880 sua
2369 4822 2626 4896 gratuita
2644 4822 2963 4877 voluntate.
2997 4821 3158 4877 Unde
3188 4822 3442 4878 Joannes
3475 4840 3488 4878 :
3522 4824 3586 4880 In

1938 4921 2046 4975 hoe
2075 4915 2353 4986 apparuit
2372 4915 2637 4969 eharitas
2652 4913 2775 4979 Dei,
2791 4929 2902 4968 non
2915 4913 3084 4985 quasi
3093 4929 3194 4968 nos
3212 4913 3586 4970 dilexerimus

1939 5006 2366 5077 eum,sed.yuia
2400 5004 2522 5072 ipse
2552 5003 2723 5071 prior
2751 5000 2978 5057 dilexit
3006 5019 3106 5057 nos
3137 5005 3185 5070 (Ι
3211 5003 3498 5072 Joan.1v).
3522 5003 3585 5059 Si

1941 5097 2097 5153 enim
2129 5097 2424 5166 quaeratur
2451 5107 2630 5162 quare
2654 5090 2810 5146 Deus
2838 5107 2944 5146 nos
2965 5089 3138 5162 elegit
3164 5090 3224 5147 in
3249 5090 3399 5147 filios
3423 5108 3582 5148 suos.

1940 5187 2090 5242 Vera
2119 5188 2175 5240 et
2203 5180 2472 5239 absoluta
2496 5184 2584 5234 est
2614 5180 2936 5250 responsio,
2953 5179 3092 5252 quia
3109 5179 3190 5234 sic
3208 5179 3404 5236 voluit.
3422 5181 3584 5246 Quod

1940 5274 2076 5330 inde
2121 5271 2373 5328 maxime
2420 5272 2599 5340 patet,
2633 5268 2911 5340 quoniam
2955 5269 3300 5325 necessitate
3329 5285 3445 5324 non
3478 5268 3588 5326 fuit.

1939 5367 2196 5430 coactus,
2231 5359 2330 5431 qui
2363 5356 2490 5430 cogi
2521 5375 2636 5413 non
2670 5361 2879 5429 potest,
2911 5375 3015 5414 nec
3040 5374 3149 5413 sua
3176 5358 3428 5413 utilitate
3465 5361 3586 5411 tra-

1939 5450 2199 5523 ctus,qui
2225 5450 2514 5504 bonorum
2547 5450 2884 5501 nostrorum
2915 5464 3031 5502 non
3063 5451 3345 5517 eget,non
3359 5444 3588 5500 meritis

1938 5542 2154 5597 nostris
2205 5538 2503 5601 astrictus,
2539 5551 2664 5606 qua
2718 5534 2880 5591 nulla
2917 5536 3357 5608 praecesserant.
3391 5532 3501 5588 Sed
3534 5532 3588 5587 si

1942 5629 2144 5702 aliqua
2173 5628 2381 5688 merita
2413 5623 2695 5696 subsequi
2722 5624 3014 5696 videntur,
3047 5639 3158 5679 sua
3187 5619 3390 5699 procul
3414 5617 3590 5677 dubio
