3982 6082
398 200 554 272 1887

1398 203 1795 268 ADDENDA.
1827 237 1904 248 —
1937 203 2327 268 RADULPHI
2369 205 2782 270 ARDEN'I‘IS.

3667 31 3930 312 ml

395 341 584 415 gratia
613 341 772 408 sunt,
787 335 1064 410 quoniam
1095 335 1218 410 ipse
1247 341 1520 410 operatur
1548 337 1607 391 in
1639 335 1877 392 nobiset
1890 334 2036 392 velle
2067 336 2122 403 Α
2151 338 2276 391 tum
2309 354 2624 410 possumus
2656 339 2938 396 evitemus
2962 339 3402 414 ipsam,iraaque
3421 343 3674 398 motum
3699 356 3820 397 sur-

393 434 451 486 et
480 429 752 502 perficere
781 425 1438 500 (Philipp.n).Agamus
1460 425 1657 498 igitur,
1676 425 1882 481 fratres
1900 424 2032 491 mei,

392 519 508 575 Deo
539 517 778 590 gratias,
793 515 914 588 qui,
934 517 1005 572 ob
1028 515 1212 571 solam
1235 531 1402 570 suam
1422 514 1738 587 gratuitam
1770 513 2035 569 volunta-

388 611 530 675 tem,
553 624 659 664 nos
681 624 716 661 a
743 622 985 661 numero
1009 604 1385 676 reproborum
1428 620 1762 676 segregans,
1794 602 1853 658 in
1884 602 2034 658 ﬁlios

390 715 530 754 suos
551 693 1046 768 elegit,beneﬁciis
1071 692 1194 748 suis
1216 692 1736 759 cumulavit,nohis
1757 696 2034 748 aeternam

388 784 807 844 beatitudinem
841 782 1206 856 przeparavit,
1225 781 1300 835 sit
1333 786 1526 836 tamen
1551 781 1608 835 in
1642 780 1830 854 gratia
1851 780 2033 852 bapti-

388 875 501 934 smi
547 872 1126 947 perseveraverimus,
1159 870 1206 926 si
1255 872 1383 941 ejus
1437 870 1730 926 mandatis
1771 869 2031 925 obsecuti

387 965 692 1022 fuerimus.
710 963 882 1018 Porro
900 961 970 1016 ad
1008 959 1145 1031 quid
1169 977 1268 1014 vos
1299 959 1621 1014 voluntarie
1637 959 2029 1031 genuitverbo

383 1053 642 1112 veritatis
660 1052 687 1108 ?
703 1057 771 1110 Ut
801 1052 900 1106 sim
912 1067 976 1104 us
999 1051 1109 1105 inii
1119 1051 1236 1104 ium
1260 1047 1510 1121 aliquod
1521 1057 1812 1104 creaturae
1822 1049 1944 1118 ejus
1967 1053 2031 1102 ut

380 1143 650 1200 videlicet
675 1141 735 1196 in
764 1140 926 1195 illam
945 1137 1283 1208 dignitatem
1301 1143 1355 1192 et
1371 1136 1858 1208 principalitatem
1877 1154 2029 1192 crea-

383 1238 651 1289 turarum
687 1245 1110 1302 repararemur,
1143 1227 1201 1281 in
1235 1244 1352 1298 qua
1374 1227 1550 1281 creati
1583 1225 2027 1282 fuimus.Homo

380 1323 538 1380 enim
587 1320 822 1376 initium
872 1321 1271 1372 creaturarum
1317 1320 1424 1382 est,
1458 1332 1572 1369 non
1606 1319 1888 1386 tempore,
1925 1315 2025 1370 sed

381 1428 559 1468 causa
583 1414 640 1464 et
671 1407 1272 1481 dignitate.’l‘empore
1294 1404 1447 1458 enim
1483 1421 1595 1458 non
1617 1408 1704 1458 est
1733 1401 2026 1457 bomoini-

378 1500 528 1558 tium
561 1501 979 1562 creaturarum,
996 1494 1271 1565 quoniam
1303 1509 1418 1547 non
1442 1492 1617 1546 homo
1637 1495 1768 1547 ante
1790 1495 2024 1546 caeteras

379 1594 697 1656 creaturas,
732 1585 832 1641 sed
869 1583 1063 1656 potius
1105 1586 1319 1636 craterae
1352 1585 1628 1635 creaturae
1662 1585 1797 1635 ante
1827 1577 2023 1633 homi—

378 1695 511 1739 nem
543 1679 746 1732 creataa
779 1676 1281 1729 sunt.Causavero
1315 1675 1403 1724 est
1423 1669 1597 1725 homo
1621 1668 1853 1724 initium
1870 1685 2022 1722 crea-

374 1772 663 1833 turarum,
688 1762 966 1835 quoniam
1015 1764 1230 1815 czeterze
1279 1763 1514 1830 propter
1549 1757 1869 1824 hominem,
1904 1773 2019 1811 non

374 1857 548 1912 homo
580 1857 816 1926 propter
836 1854 1132 1906 creaturas
1153 1852 1382 1903 creatus
1403 1851 1510 1902 est.
1527 1847 1820 1919 Dignitate
1842 1845 2018 1900 etiam

375 1947 466 2001 est
514 1943 691 1998 homo
735 1939 965 1995 initium
1015 1941 1437 2004 creaturarum,
1471 1935 1754 2008 quoniam
1794 1933 2018 1990 caeteris

375 2029 658 2090 creaturis
691 2026 936 2084 dominii
960 2029 1014 2082 et
1035 2025 1277 2080 rationis
1299 2023 1681 2096 praerogativa
1704 2022 2014 2078 antecellit.

371 2121 752 2177 Vindicemus
783 2116 981 2190 igitur,
1004 2116 1212 2170 fratres
1245 2114 1378 2181 mei,
1414 2113 1608 2168 divina
1639 2113 1808 2168 nobis
1827 2111 2016 2184 opitu-

371 2213 526 2268 lante
547 2207 754 2282 gratia,
787 2203 1224 2278 prmrogativam
1258 2207 1315 2258 et
1345 2201 1674 2258 dominium
1713 2201 1868 2273 quod
1911 2201 2014 2255 ha-

372 2299 612 2357 buimus
645 2314 679 2352 a
703 2293 989 2368 principio
1022 2293 1080 2347 in
1104 2291 1407 2347 creaturis.
1426 2291 1549 2345 Non
1573 2289 1897 2344 subdamus
1911 2306 2016 2346 nos

371 2405 475 2462 per
503 2385 806 2442 avaritiam
829 2383 1003 2438 rebus
1022 2379 1463 2453 temporalibus,
1482 2380 1581 2434 sed
1611 2378 1804 2451 potius
1819 2378 1901 2433 eis
1915 2379 2016 2434 do-

372 2477 687 2533 minemur.
704 2473 829 2529 Non
853 2471 1214 2527 admiremur
1234 2468 1338 2538 eis,
1355 2468 1452 2523 sed
1469 2467 1663 2539 potius
1677 2471 2015 2522 contemna-

371 2583 507 2623 mus
535 2581 634 2622 eas
662 2561 722 2618 in
754 2559 1103 2634 obsequium
1138 2557 1326 2626 Dei,et
1357 2557 1415 2611 in
1449 2560 1712 2611 nostram
1743 2555 2016 2628 proximi-

373 2673 484 2731 que
515 2651 923 2710 necessitatem
953 2647 1372 2720 expendamus.

441 2742 720 2814 Sequitur
748 2755 886 2812 pars
918 2735 1220 2808 quarta,in
1235 2737 1561 2806 quamonet
1575 2750 1680 2789 nos
1701 2733 2014 2804 Apostolus

369 2832 537 2906 sequi
572 2831 723 2886 bona
753 2832 809 2884 et
836 2826 1018 2882 vitare
1051 2823 1226 2888 mala,
1259 2840 1393 2880 cum
1421 2822 1618 2878 subdit
1651 2839 1662 2876 :
1697 2821 1778 2877 Sit
1826 2830 2015 2879 autem

367 2921 544 2978 omnis
583 2919 738 2974 homo
768 2917 926 2972 velox
956 2913 1026 2968 ad
1058 2912 1412 2978 audiendum,
1448 2910 1735 2966 subaudis
1768 2910 2010 2966 verbum

369 3009 494 3066 Dei.
527 3009 612 3063 Ad
635 3003 992 3061 audiendum
1025 3001 1179 3058 enim
1212 2999 1565 3072 vaniloquia.
1599 2997 2003 3062 scurrilitates,

2145 431 2376 498 gentem
2422 428 2620 484 statim
2653 429 3081 486 refrenemuset
3112 432 3504 501 retardemus,
3522 431 3816 504 quoniam
3931 463 3934 500 ε

2147 532 2311 572 mora
2341 520 2397 571 et
2425 517 2670 574 tarditas
2701 520 3026 576 remedium
3057 518 3153 574 irae
3184 525 3292 586 est,
3327 525 3384 576 et
3417 520 3511 575 ira
3543 536 3698 576 eum
3733 537 3816 574 re-
3937 527 3948 604 ι

2143 605 2427 673 tardatur,
2463 607 2785 680 mitigatur.
2817 611 2928 675 Ira,
2960 608 3172 680 inquit,
3217 611 3328 665 viri
3366 610 3673 682 justitiam
3717 611 3817 664 Dei

2143 605 2427 673 tardatur,
2463 607 2785 680 mitigatur.
2817 611 2928 675 Ira,
2960 608 3172 680 inquit,
3217 611 3328 665 viri
3366 610 3673 682 justitiam
3717 611 3817 664 Dei
3939 573 3948 630 Ψ

2141 713 2251 752 ηοη
2279 707 2559 773 aperatur.
2595 697 2809 754 Litotes
2839 702 2946 765 est,
2980 697 3178 754 minus
3209 698 3432 766 dicens,
3467 703 3532 753 et
3566 699 3716 770 plus
3748 698 3814 753 si.

2143 791 2426 830 oniﬁnnnc
2474 790 2614 830 {Tum
2651 788 2803 830 enim
2835 803 3003 830 mnnq
3031 787 3137 830 viri
3173 787 3252 830 im
3278 788 3680 830 nprfnrhninr
3730 787 3811 830 in-

2140 791 2447 861 gniﬁcans.
2474 790 2618 845 Cum
2651 788 2807 843 enim
2835 803 3003 841 mens
3031 787 3140 841 viri
3173 787 3258 842 ira
3278 788 3703 860 perturbatur,
3730 787 3811 841 ia-

2133 877 2428 947 justitiam
2460 882 2752 950 operatur.
2785 877 3113 948 Propterea,
3147 875 3374 941 fratres,
3405 875 3629 932 discite
3661 876 3810 932 iram

2137 967 2341 1034 vitare,
2361 972 2417 1024 et
2439 969 2611 1023 mites
2634 965 3044 1036 mansuetique
3065 981 3192 1021 esse
3220 982 3232 1019 :
3264 965 3557 1038 quoniam
3583 971 3808 1039 quanto

2138 1056 2327 1128 magis
2349 1056 2508 1112 eritis
2531 1053 2822 1110 mansueti
2835 1052 3225 1125 ettraaquilli,
3246 1059 3406 1109 tanto
3422 1055 3602 1110 eritis
3617 1055 3808 1127 magis

2137 1145 2253 1201 Deo
2267 1145 2490 1201 similes
2504 1143 2904 1216 etpropinqui,
2920 1142 2979 1197 in
2995 1159 3168 1214 quem
3182 1142 3381 1200 nullus
3397 1147 3612 1200 motus
3626 1144 3803 1201 cadit.

2136 1233 2210 1289 Ut
2239 1238 2434 1290 autem
2469 1234 2616 1288 iram
2641 1238 2696 1288 et
2717 1232 3068 1304 injustitiam
3086 1231 3266 1288 vitare
3280 1232 3554 1301 valeatis,
3575 1234 3805 1289 radices

2135 1341 2337 1381 earum
2367 1341 2401 1379 a
2444 1322 2608 1379 vobis
2656 1321 2910 1393 objicite,
2945 1337 3178 1377 omnem
3228 1320 3719 1382 immunditiam.
3751 1330 3806 1378 et

2134 1413 2554 1470 abundantiam
2590 1410 2854 1478 malitiae;
2880 1415 2945 1466 ut
2974 1409 3367 1466 videlicetnon
3387 1411 3806 1468 sitisimmun-

2133 1503 2191 1558 di
2225 1505 2283 1558 in
2325 1520 2426 1558 vos
2471 1501 2666 1567 corde,
2700 1516 2803 1555 nec
2850 1498 3127 1555 malitiosi
3155 1499 3213 1553 in
3247 1499 3555 1571 proximos
3584 1518 3600 1568 ;
3633 1504 3696 1556 et
3728 1503 3807 1556 ita

2131 1609 2264 1649 cum
2291 1589 2742 1647 mansuetudine
2769 1588 3108 1644 obedientite
3126 1590 3381 1660 suscipite
3402 1590 3644 1644 verbum
3665 1593 3805 1646 insi-

2131 1691 2265 1749 tum,
2297 1681 2355 1736 id
2389 1685 2478 1736 est
2508 1679 2862 1735 seminatum
2897 1678 2957 1732 in
2989 1676 3172 1733 vobis.
3209 1677 3382 1744 Ordo,
3419 1678 3799 1735 fratresmei.

2131 1787 2426 1844 congruus
2457 1773 2565 1836 est,
2581 1768 2860 1840 quoniam
2891 1766 3005 1822 nisi
3027 1767 3190 1838 prius
3211 1766 3541 1822 evelluntur
3564 1785 3602 1822 a
3625 1769 3802 1824 nobis

2128 1861 2309 1932 spinae
2339 1863 2397 1915 et
2421 1856 2623 1914 tribuli
2647 1856 3034 1911 immunditiae
3056 1859 3113 1911 et
3137 1855 3392 1923 malitiae,
3409 1860 3799 1923 ceterorum;

2128 1965 2241 2020 que
2267 1947 2561 2012 vitiorum,
2594 1962 2708 2000 non
2741 1945 2952 2017 poterit
2977 1945 3036 1999 in
3072 1943 3242 2000 nobis
3271 1943 3615 2016 germinare
3664 1963 3802 2002 ver-

2127 2038 2291 2093 bum.
2327 2033 2622 2107 Scriptum
2653 2038 2741 2089 est
2771 2032 2966 2088 enim:
3000 2033 3224 2088 Declina
3253 2049 3287 2087 a
3312 2033 3462 2087 maio
3493 2040 3548 2088 et
3576 2035 3676 2104 fac
3698 2035 3801 2090 bo-

2125 2143 2261 2180 num
2293 2124 2465 2197 (Psul.
2497 2125 2634 2187 XVI).
2671 2124 2894 2194 Itaque,
2919 2122 3125 2176 fratres
3156 2120 3294 2182 mei,
3317 2120 3526 2192 spinas
3561 2123 3798 2179 scilicet

2124 2213 2400 2269 vitiorum
2431 2231 2463 2268 a
2483 2211 2758 2267 cordibus
2781 2210 2990 2266 vestris
3013 2209 3176 2282 prius
3196 2208 3421 2265 evellite
3444 2214 3512 2265 ut
3535 2209 3627 2266 ita
3647 2229 3796 2284 prae-

2125 2302 2383 2358 dicatum
2414 2301 2513 2356 Dei
2535 2299 2776 2354 verbum
2797 2300 2857 2353 in
2879 2298 3043 2354 vobis
3053 2297 3241 2353 valeat
3261 2295 3512 2352 ﬁdeliter
3531 2299 3792 2357 adhere-

2126 2407 2208 2462 re,
2223 2389 2539 2462 perjugem
2559 2386 2901 2443 memoriam
2936 2387 2997 2441 in
3017 2386 3183 2441 vobis
3208 2385 3436 2442 radices
3459 2386 3669 2460 ﬁgere,
3685 2406 3794 2462 per

2124 2479 2387 2535 crebram
2419 2474 2925 2532 meditationemin
2957 2473 3122 2529 vobis
3137 2489 3421 2538 exercere,
3436 2491 3544 2545 per
3561 2475 3786 2532 bonam

2122 2567 2478 2624 voluntatem
2513 2565 2855 2635 florere,per
2875 2563 3028 2619 bona
3058 2579 3232 2635 opera
3262 2562 3653 2631 fructiﬁcare,
3685 2582 3787 2638 per

2123 2655 2613 2730 perseverantiam
2646 2651 2874 2708 animas
2904 2656 3128 2707 vestras
3159 2650 3784 2724 salvare,operantein

2119 2745 2286 2801 vobis
2322 2745 2417 2800 Dei
2449 2744 2641 2808 verbo,
2658 2742 2907 2814 quicum
2922 2741 3088 2796 Patre
3101 2743 3156 2796 et
3172 2739 3394 2812 Spiritu
3414 2747 3632 2798 sancto
3645 2744 3786 2798 vivit

2121 2841 2178 2892 et
2196 2838 2402 2908 regnat
2425 2838 2577 2889 Deus
2599 2849 2700 2906 per
2720 2831 2919 2887 omnia
2949 2829 3163 2886 saecula
3185 2829 3782 2890 saeculorum.Amen.

2693 2937 3001 2994 HOMILIA
3040 2937 3177 2994 LXI.

2443 3027 2715 3067 DOMINICA
2752 3027 2972 3073 QUABTA
3012 3026 3151 3064 POST
3191 3023 3426 3064 PASCHA.

368 3091 1235 3160 adulationes,detractiones,et
1257 3088 1807 3160 blasphemias,non
1839 3105 2010 3144 aures
2043 3076 2084 3141 C
2193 3101 2344 3158 ναάο
2376 3099 2445 3155 ad
2474 3115 2597 3155 eum
2626 3100 2724 3170 qui
2753 3100 2902 3154 misit
2930 3113 3036 3166 me,
3068 3104 3122 3154 ει
3148 3113 3304 3153 nemo
3323 3113 3394 3152 ex
3420 3099 3578 3155 υοιφίε
3610 3101 3784 3158 inter.

367 3186 616 3261 aperire,
649 3184 751 3240 sed
800 3181 994 3254 potius
1042 3180 1313 3235 obturare
1343 3177 1646 3243 debemus,
1677 3193 1748 3231 ne
1779 3193 1882 3249 per
1913 3193 2011 3232 eas

364 3290 659 3332 venenosa
685 3271 863 3348 verba
889 3267 1250 3324 introeuntia
1280 3265 1538 3321 animam
1571 3264 1802 3320 valeant
1833 3267 2009 3321 suffo-

368 3381 520 3422 care.
551 3361 716 3419 Unde
745 3359 990 3431 Sapiens
1023 3375 1036 3412 :
1070 3358 1202 3428 Scpi
1231 3371 1392 3410 aures
1419 3363 1539 3410 tuas
1563 3356 1763 3426 spinis,
1793 3371 1864 3410 ne
1908 3372 2008 3410 au-

366 3453 524 3510 diant
555 3452 807 3520 lingu-am
837 3463 1071 3518 nequam
1102 3445 1260 3516 (Eccl.
1293 3445 1512 3514 xxvm).
1547 3475 1614 3484 -—
1666 3444 1888 3510 Tardus,
1921 3443 2008 3498 in-

367 3542 516 3616 quit,
550 3539 622 3595 ad
675 3537 1022 3608 loquendum,
1067 3543 1118 3590 et
1163 3533 1352 3589 tardus
1401 3533 1470 3586 ad
1519 3533 1682 3587 iram.
1721 3533 2006 3597 Quoniam

365 3627 679 3704 Apostolus
712 3623 1167 3696 simplicioribus
1198 3621 1565 3693 loquebatur,
1600 3625 1797 3676 monet
1827 3639 1924 3676 eos
1947 3627 2011 3676 ut

364 3719 591 3777 veloces
623 3717 742 3773 sint
771 3715 842 3771 ad
873 3713 1231 3769 audiendum
1260 3711 1503 3767 verbum
1534 3711 1657 3777 Dei,
1677 3715 1733 3765 et
1762 3712 1910 3766 tardi
1937 3713 2008 3768 ad

365 3807 749 3882 loquendum,
768 3802 1046 3876 quoniam
1077 3801 1288 3856 veritas
1321 3799 1507 3855 tutius
1537 3800 1795 3868 auditur,
1831 3817 2009 3872 quam

366 3897 735 3972 pradicetur.
761 3893 880 3948 Hoc
911 3894 1115 3947 contra
1133 3889 1264 3945 illos
1295 3888 1394 3962 qui
1417 3892 1730 3960 antequam
1748 3889 2012 3945 noverint

366 4005 494 4044 esse
525 3981 820 4056 discipuli,
851 3983 1000 4037 ﬁunt
1029 3977 1292 4052 magistri
1319 3995 1330 4032 :
1367 3978 1437 4032 Et
1467 3978 1622 4049 quod
1655 3995 1768 4033 non
1801 3979 2014 4034 didice-

366 4080 526 4145 runt,
561 4076 766 4131 docere
794 4072 1182 4144 praesumunt.
1207 4068 1318 4124 Sed
1351 4067 1546 4122 omnis
1575 4066 1752 4122 homo
1801 4068 2010 4124 fratres

367 4161 708 4236 mei,magis
741 4160 985 4218 auribus
1016 4174 1193 4230 quam
1218 4155 1418 4228 lingua
1448 4156 1620 4212 debet
1651 4155 1734 4210 uti
1761 4174 1773 4225 ;
1797 4162 2008 4212 etcum

365 4253 646 4328 loquitur,
682 4267 818 4306 cum
841 4245 1424 4322 prazconsideratione
1454 4244 1747 4316 loquatur,
1756 4246 2008 4316 juxtail-

364 4343 465 4400 lud
490 4339 809 4414 Sapientis:
831 4361 852 4388 ι
869 4336 1016 4393 Cum
1042 4336 1130 4391 vis
1163 4333 1382 4406 aliquid
1406 4333 1596 4389 alieno
1619 4334 1828 4398 dicere,
1847 4335 2010 4406 prius

2117 3197 2380 3260 rogatme
2413 3207 2432 3243 :
2465 3192 2586 3261 Quo
2615 3186 2810 3242 vadis?
2841 3188 3020 3256 (Joan.
3049 3203 3166 3241 xvr.
3198 3189 3218 3253 )
3250 3185 3444 3242 Iturus
3479 3187 3780 3246 Dominus

2117 3283 2174 3336 et
2205 3278 2556 3349 Redemptor
2585 3279 2800 3343 noster,
2817 3275 3024 3330 fratres
3044 3273 3399 3344 charissimi,
3416 3291 3525 3348 per
3542 3280 3780 3348 passio-

2119 3384 2253 3424 nem
2284 3367 2356 3422 ad
2388 3369 2640 3430 Patrem,
2673 3361 2982 3436 discipulis
3013 3362 3138 3418 suis
3159 3379 3334 3419 suum
3373 3365 3656 3435 praedixit
3687 3385 3777 3423 re-

2118 3453 2544 3524 cessum,ne,si
2577 3450 2769 3508 subito
2800 3456 2857 3506 et
2886 3467 2955 3506 ex
2985 3451 3300 3522 improviso
3331 3453 3658 3520 recederet,
3679 3473 3780 3512 eos

2117 3543 2273 3599 ultra
2303 3543 2543 3598 modum
2576 3539 3269 3595 mzestiﬁcaret.Przedicit
3289 3539 3470 3612 igitur
3491 3541 3781 3610 eis,sicut

2114 3633 2176 3689 in
2205 3631 2316 3688 hac
2344 3628 2588 3686 lectione
2605 3627 3251 3699 audlvimus,quatuor:
3267 3629 3423 3701 quod
3441 3630 3518 3685 ad
3542 3636 3779 3703 patrem

2118 3721 2244 3786 iret,
2265 3719 2420 3791 quod
2454 3718 2564 3773 hoc
2597 3717 2680 3772 eis
2709 3714 3024 3788 expediret,
3045 3716 3203 3787 quod
3224 3716 3662 3775 consolatorem
3696 3721 3780 3776 eis

2113 3810 2392 3872 mitteret,
2407 3810 2465 3862 et
2493 3806 2648 3878 quod
2680 3805 2834 3860 bona
2853 3803 2936 3860 eis
2957 3803 3081 3877 ipse
3093 3803 3426 3860 consolator
3454 3807 3776 3865 conferret.

2117 3897 2310 3953 Primo
2341 3894 2522 3968 igitur
2553 3893 2815 3966 praedicit
2844 3909 2908 3949 se
2955 3892 3180 3948 iturum
3225 3893 3297 3948 ad
3340 3894 3599 3958 Patrem,
3636 3913 3779 3953 cum

2117 3985 2345 4044 subdit:
2369 3983 2601 4040 Vadoad
2629 3999 2754 4038 cum
2784 3983 2880 4054 qui
2909 3983 3063 4037 misit
3091 3998 3192 4038 me.
3210 3982 3356 4048 Quid
3380 3987 3468 4038 est
3499 3983 3776 4054 Domine,

2118 4075 2273 4148 quod
2306 4072 2488 4129 dicis?
2518 4072 2603 4126 Tu
2634 4087 2866 4143 semper
2889 4086 2952 4126 es
2975 4087 3109 4126 cum
3144 4071 3328 4140 Patre,
3343 4074 3401 4127 et
3429 4071 3604 4128 Pater
3625 4091 3781 4130 sem-

2117 4179 2221 4236 per
2250 4167 2466 4228 tecum,
2501 4159 2792 4232 quomodo
2824 4159 2897 4214 ad
2932 4175 3066 4214 eum
3117 4157 3202 4214 ire
3243 4164 3430 4231 potes,
3462 4176 3604 4215 cum
3658 4179 3778 4234 quo

2119 4268 2350 4324 semper
2380 4265 2567 4304 unum
2599 4252 2656 4302 et
2686 4247 2841 4302 idem
2873 4247 2974 4303 es?
3005 4247 3207 4303 Nonne
3237 4265 3370 4302 cum
3400 4247 3512 4304 hoc
3543 4249 3701 4306 dicis
3719 4251 3778 4307 in

2117 4346 2292 4408 terra,
2321 4343 2385 4394 tu
2425 4355 2487 4394 es
2537 4353 2671 4392 cum
2704 4336 2870 4391 Patre
2901 4335 2960 4390 in
2993 4335 3156 4403 caelo,
3191 4340 3248 4391 et
3279 4335 3448 4392 Pater
3477 4341 3684 4394 tecum
3716 4341 3774 4395 in

363 4432 458 4501 die
485 4430 610 4488 tibi.
648 4451 676 4478 »
705 4430 1010 4491 Caeterum,
1041 4424 1214 4480 istam
1246 4423 1583 4478 tarditatem
1632 4421 1716 4477 ita
1746 4424 2010 4481 modere-
2045 4444 2089 4508 ι)
2120 4428 2316 4486 terra?
2341 4428 2567 4483 Fratres
2600 4425 3046 4498 mei,quomodo
3078 4422 3261 4480 Filius
3279 4423 3380 4480 Dei
3413 4425 3778 4484 descendita

363 4537 518 4589 mur,
550 4523 616 4575 ut
646 4533 751 4573 nec
781 4515 1096 4587 loquamur
1126 4517 1261 4568 ante
1291 4515 1544 4583 tempus,
1579 4527 1683 4566 nec
1715 4528 2011 4569 cessemus

361 4610 424 4667 in
445 4614 724 4682 tempore.
758 4605 904 4660 Nam
935 4603 1090 4659 sicut
1109 4601 1318 4656 vitiosa
1348 4604 1436 4655 est
1462 4600 1793 4655 festiaantia
1824 4601 2009 4657 nimia

361 4697 660 4773 loquendi,
695 4695 777 4750 ita
805 4697 862 4750 et
891 4690 1076 4748 nimia
1101 4689 1367 4746 tarditas.
1401 4688 1690 4760 Scriptum
1720 4692 1808 4745 est
1823 4690 2010 4746 enim?

369 4790 453 4845 Va:
497 4789 657 4855 mihi,
692 4786 824 4857 quia
869 4783 1048 4839 tacui!
1079 4780 1208 4851 (Isa.
1241 4777 1341 4850 v1.)
1370 4778 1494 4832 Non
1548 4777 1704 4832 enim
1749 4796 2007 4846 murum,

367 4878 469 4933 sed
491 4875 709 4932 ostium
733 4873 887 4946 quod
907 4887 1062 4927 nunc
1081 4867 1394 4934 clauditur,
1413 4883 1566 4921 nunc
1589 4867 1866 4938 aperitur,
1885 4872 2012 4923 orat

365 4963 656 5034 Propheta
684 4962 770 5018 ori
800 4979 905 5018 suo
937 4957 1173 5033 apponi,
1198 4957 1396 5013 dicens
1432 4973 1444 5010 :
1471 4957 1895 5024 Pone,Domine,
1917 4974 2012 5012 cu-

363 5049 619 5109 stodtiam
647 5051 732 5106 ori
750 5065 866 5106 meo
894 5057 944 5104 et
970 5049 1168 5104 ostium
1195 5046 1630 5101 circumstantiae
1673 5045 1838 5100 labiis
1877 5048 2013 5101 meis

366 5140 544 5211 (Psal.
587 5138 732 5208 exn.)
775 5138 900 5193 Non
950 5142 1145 5192 autem
1189 5151 1255 5190 eo
1307 5134 1476 5189 modo
1522 5132 1772 5206 intelligi
1816 5134 2010 5200 debet,

369 5227 525 5301 quod
557 5226 775 5282 dicitur
803 5226 1008 5280 tardus
1029 5225 1100 5280 ad
1121 5224 1291 5291 iram,
1307 5240 1421 5295 quo
1439 5221 1787 5294 intelligitur
1806 5224 2013 5280 tardus

370 5317 443 5373 ad
470 5313 991 5387 10quendum.Non
1023 5313 1179 5368 enim
1211 5313 1367 5367 sicut
1395 5311 1710 5383 aliquando
1734 5311 2014 5384 loqui,ita

370 5403 686 5474 aliquando
721 5403 939 5460 bonum
961 5405 1051 5456 est
1069 5400 1262 5467 irasci,
1279 5401 1379 5455 sed
1404 5399 1739 5472 praecipitur
1768 5400 1936 5456 nobis
1950 5406 2014 5456 ut

368 5492 422 5556 si
446 5506 677 5564 semper
702 5491 852 5549 iram
884 5489 1065 5547 vitare
1092 5506 1206 5546 non
1239 5489 1802 5560 possumus,saltem
1834 5507 2014 5564 quau-

2122 4521 2290 4573 Patre
2317 4516 2377 4570 in
2408 4519 2645 4582 terram,
2661 4517 2718 4569 et
2729 4513 2811 4569 ita
2825 4530 2858 4568 a
2873 4514 3092 4569 mundo
3105 4511 3369 4569 ascendit
3397 4515 3469 4568 ad
3493 4513 3735 4572 Patrem
3750 4517 3777 4571 ?

2118 4603 2392 4662 Desendit
2404 4601 2769 4668 humiliatus,
2787 4601 3420 4675 ascenditgloriﬁcatus
3437 4620 3450 4670 ;
3465 4603 3777 4660 descendit

2117 4691 2620 4768 perhumilitatem
2638 4689 3077 4758 incarnationis,
3091 4689 3355 4746 ascendit
3365 4707 3469 4763 per
3481 4691 3774 4748 sublima-

2117 4783 2337 4839 tionem
2370 4778 2827 4854 glorificationis.
2863 4778 3176 4835 Descendit
3204 4784 3424 4851 qutppe
3455 4781 3770 4851 perhumi-

2118 4871 2546 4942 liationem,per
2577 4867 3143 4934 dissimilitudinem,
3168 4884 3271 4940 per
3297 4866 3406 4922 loci
3438 4867 3774 4925 obscurita-

2119 4964 2259 5016 tem.
2295 4959 2399 5015 Per
2428 4955 2990 5024 dissimilitudinem,
3011 4956 3151 5028 quia
3179 4955 3249 5011 de
3275 4955 3547 5010 Creatore
3579 4957 3774 5014 factus

2121 5052 2211 5104 est
2240 5050 2520 5113 creatura,
2536 5048 2594 5100 et
2622 5043 3062 5118 deimpassibili
3087 5042 3400 5116 passibilis.
3419 5042 3526 5098 Per
3545 5042 3774 5101 lociob

2123 5136 2481 5200 scuritatem,
2501 5133 2639 5206 quia
2671 5132 2772 5205 qui
2807 5132 2949 5190 ccelo
2980 5133 3170 5205 magis
3199 5148 3326 5188 esse
3357 5131 3648 5200 cernitur,
3673 5150 3773 5205 per

2122 5224 2232 5282 loci
2271 5222 2607 5297 puritatem,
2639 5222 2911 5294 apparuit
2940 5222 3278 5277 incarnatus
3326 5219 3387 5276 in
3437 5221 3691 5286 mundo,
3713 5220 3770 5275 in

2125 5329 2238 5387 quo
2269 5313 2423 5368 Deus
2453 5310 2650 5366 minus
2681 5310 3053 5367 essevidetur
3085 5308 3767 5383 perlociobscuritatem.

2121 5401 2397 5458 Ascendit
2442 5415 2675 5471 quoque
2719 5415 2822 5470 per
2859 5397 3300 5472 gloriﬁcationis
3329 5396 3769 5464 exaltationem,

2115 5492 2284 5563 juxta
2316 5487 2460 5544 illud
2481 5504 2492 5542 :
2512 5488 2696 5544 Gloria
2707 5495 2758 5544 et
2785 5489 2985 5545 honore
3003 5489 3279 5546 coronasti
3290 5488 3606 5556 eum(Psat.
3624 5489 3767 5556 vni).
