3982 6082
416 271 566 329 1993

1409 265 1808 325 ADDENDA.
1843 298 1919 306 —
1951 265 2348 326 RADU‘LPHI
2389 267 2802 330 ARDENTIS.

3671 269 3854 328 1896

403 420 542 457 suos
589 400 660 455 ad
712 398 1048 472 petendum,
1079 397 1334 453 secundo
1382 395 1644 469 praedicit
1691 394 1776 450 eis
1815 395 2049 468 quando
2075 396 2132 464 Α
2161 400 2280 454 tres
2309 398 2444 466 mei,
2469 417 2502 456 a
2527 400 2764 456 domino
2793 402 3044 472 petenda
3088 362 3218 459 esse
3255 400 3634 476 temporalia,
3679 417 3856 473 prae-

405 496 556 544 recte
587 487 773 544 scient
802 491 1018 560 petere,
1050 487 1218 542 tertio
1249 485 1525 552 ostendit,
1556 488 1697 539 tunc
1729 485 1956 540 Patrem
1977 485 2049 540 ad

403 578 764 635 audiendum
795 593 893 632 eos
925 576 1044 631 fore
1073 573 1637 646 propitium,quarto
1670 573 2052 646 subjungitur

400 666 828 741 discipulorum
861 663 1180 736 responsio.
1218 661 1412 717 Primo
1434 661 1589 717 enim
1619 661 1917 717 instruens
1938 661 2052 717 dis-

399 757 626 830 cipulos
676 771 814 812 suos
864 754 937 808 ad
984 752 1327 824 petendum,
1359 752 1442 806 ait
1475 768 1487 806 :
1522 751 1690 806 Amen
1737 767 1895 806 amen.
1932 751 2048 806 dico

398 847 570 914 vobis,
602 847 653 900 si
683 843 815 917 quid
839 842 1112 915 petieritis
1143 842 1362 896 Patrem
1391 842 1450 895 in
1479 841 1699 895 nomine
1734 856 1870 908 meo,
1897 839 2052 896 dabit

399 937 570 993 vobis.
598 933 694 989 His
724 931 916 988 verbis
944 929 1184 985 instruit
1212 947 1318 985 nos
1350 928 1650 996 Dominus,
1675 929 1879 984 fratres
1910 928 2044 998 mei,

401 1029 465 1081 ut
493 1024 542 1080 si
573 1021 844 1079 volumus
876 1019 1122 1093 petitum
1154 1019 1279 1074 dari
1313 1017 1503 1084 nobis,
1523 1022 1792 1090 petamus
1813 1017 2049 1089 quid,et

398 1133 432 1171 a
459 1115 648 1179 Patre,
681 1115 739 1168 et
760 1111 817 1164 in
849 1109 1085 1165 nomine
1114 1109 1255 1164 Jesu
1297 1107 1534 1162 Christi.
1588 1107 1654 1161 Et
1695 1106 1742 1161 si
1794 1106 1908 1162 ista
1935 1105 2048 1162 tria

396 1200 813 1269 concurrerint,
837 1199 1163 1263 confirmat,
1182 1213 1286 1268 per
1313 1195 1765 1268 duplicationem
1797 1194 2047 1250 afﬁrma-

397 1293 500 1350 tivi
529 1288 808 1356 adverbii,
827 1303 1004 1356 amen,
1031 1287 1173 1358 quia
1197 1285 1362 1341 dabit
1392 1285 1578 1340 nobis.
1597 1283 1696 1340 Ille
1713 1283 1856 1355 petit
1878 1284 2042 1355 quid,

395 1383 454 1440 id
487 1384 597 1448 est,
649 1377 892 1450 aliquid,
923 1375 1024 1447 qui
1057 1373 1198 1447 petit
1245 1373 1405 1429 illam
1455 1390 1634 1428 unam
1679 1373 2042 1445 petitionem,

396 1487 574 1543 quam
605 1466 916 1524 Psalmista
947 1463 1224 1536 postulat,
1257 1463 1494 1519 dicens:
1525 1463 1694 1519 Unam
1728 1463 1858 1523 petii
1876 1478 1910 1515 a
1935 1465 2044 1516 Do-

393 1561 565 1627 mino,
599 1558 739 1613 hanc
767 1557 1068 1628 requiram,
1101 1561 1161 1608 ut
1190 1553 1492 1607 inhabitem
1520 1553 1582 1605 in
1629 1550 1783 1606 domo
1827 1551 2046 1605 Domini

395 1649 644 1706 omnibus
699 1646 889 1700 diebus
946 1645 1066 1698 vita:
1121 1657 1260 1698 meae
1291 1641 1458 1714 (Psat.
1490 1644 1664 1708 xxvx).
1697 1641 1767 1694 Et
1814 1639 1882 1694 de
1931 1656 2046 1710 qua

393 1737 679 1794 Dominus
703 1733 862 1801 alibi,
885 1734 1127 1805 primum
1157 1733 1387 1804 quaerite
1417 1746 1644 1800 regnum
1671 1731 1770 1784 Dei
1797 1736 1846 1783 et
1875 1729 2040 1799 justi-

391 1830 529 1884 tiam
557 1827 673 1899 ejus
706 1823 910 1896 (Matth.
945 1824 1047 1890 v.).
1083 1819 1231 1876 lllud
1288 1817 1442 1874 enim
1497 1818 1555 1872 in
1608 1816 2042 1888 comparatione

388 1913 794 1988 temporalium
829 1911 1135 1976 bonorum,
1159 1924 1289 1964 vere
1310 1911 1398 1963 est
1428 1907 1589 1979 quid,
1624 1907 1764 1978 quia
1793 1910 1880 1960 est
1911 1922 2042 1978 per-

387 2009 655 2078 petuum,
687 1999 1054 2056 immutabile
1103 2003 1160 2053 et
1206 1996 1526 2053 sufﬁciens.
1579 1995 1874 2066 Quidquid
1905 2012 2039 2049 vero

386 2091 706 2166 temporale
734 2095 823 2145 est
851 2105 966 2144 non
997 2093 1086 2144 est
1104 2103 1236 2142 vere
1268 2085 1428 2158 quid,
1451 2085 1590 2156 quia
1619 2088 1707 2139 est
1737 2083 2036 2147 variabile,

389 2182 561 2238 labile
589 2185 646 2236 et
676 2178 1040 2235 insufﬁciens
1074 2193 1086 2231 :
1123 2176 1284 2231 Unde
1313 2174 1550 2229 illorum
1603 2172 1832 2228 nullum
1865 2171 2040 2228 satiat

387 2271 689 2327 habentes.
717 2273 791 2323 De
821 2267 1035 2338 quibus
1067 2263 1362 2331 Salomon,
1398 2263 1615 2318 Vanitas
1653 2263 1960 2316 vanitatum
1987 2267 2040 2316 et

385 2361 571 2416 omnia
589 2357 1006 2425 vanitas(Eccle.
1023 2355 1082 2426 1).
1097 2353 1222 2408 Non
1244 2352 1401 2408 enim
1430 2368 1560 2406 vere
1576 2351 1844 2422 est,quod
1863 2350 2035 2404 modo

384 2447 675 2514 est,modo
696 2462 811 2500 non
833 2448 941 2500 est.
957 2442 1062 2508 Qui
1087 2458 1223 2514 ergo
1243 2439 1356 2496 tale
1388 2439 1551 2512 petit,
1571 2439 1894 2511 quidquam
1918 2455 2030 2492 non

384 2536 548 2609 petit.
574 2535 737 2591 Unde
769 2539 826 2589 et
853 2531 948 2588 hic
998 2529 1282 2586 Dominus
1325 2527 1668 2600 subjungit:
1707 2527 2034 2598 Usquemodo

383 2642 495 2681 non
520 2626 732 2697 petistis
749 2622 1047 2694 quidquam.
1064 2621 1120 2675 in
1138 2621 1360 2674 nomine
1382 2634 1518 2673 meo.
1538 2616 1718 2671 Multa
1741 2615 2032 2686 siquidem

385 2714 674 2786 petierant
700 2709 972 2783 discipuli
1005 2727 1039 2765 a
1078 2708 1339 2764 Domino.
1375 2706 1666 2761 Petierunt
1695 2705 1948 2760 Jacobus
1979 2707 2035 2760 et

381 2804 638 2860 Joannes
668 2805 732 2857 ut
761 2802 1048 2866 sederent,
1082 2798 1228 2854 alter
1257 2798 1330 2853 ad
1363 2797 1678 2861 dexteram,
1701 2798 1756 2849 et
1787 2793 1932 2848 alter
1960 2794 2033 2849 ad

383 2891 685 2948 sinistram
717 2891 843 2962 ejus
877 2889 936 2944 in
966 2905 1144 2960 regno
1175 2904 1280 2942 suo
1314 2885 1529 2955 (Matth.
1560 2885 1673 2955 xx).
1725 2882 2031 2952 Petierunt,

380 2983 448 3036 ut
468 2979 621 3054 ignis
651 2981 723 3035 de
751 2977 892 3034 ccnlo
922 2976 1289 3033 combureret
1318 2972 1716 3030 Samaritanos
1749 2971 1897 3036 (Luc.
1930 2969 2028 3042 1x).

382 3070 629 3124 Petierat
675 3069 845 3124 beata
891 3066 1067 3139 Virgo
1097 3065 1298 3118 vinum
1349 3061 1408 3116 in
1457 3059 1698 3133 nuptiis.
1734 3061 1908 3131 (Joan.
1943 3062 2026 3127 ιι).

2161 487 2362 543 sertim
2417 505 2551 544 cum
2609 489 2866 546 Ecclesia
2913 490 3176 563 quotidie
3221 495 3346 547 oret
3378 509 3484 564 pro
3514 507 3699 563 pace,
3741 506 3856 561 pro
3945 487 3947 562 ἵ

2159 576 2428 643 sanitate,
2463 594 2566 650 pro
2595 577 2914 647 fertilitate,
2951 581 3053 636 sed
3083 579 3196 635 ista
3243 596 3377 636 cum
3409 580 3549 636 ﬁnis
3583 577 3856 634 rectitu-
3945 583 3947 650 ᾗ

2463 629 2559 650 Γ,
2952 629 3053 636 _,_
3084 629 3196 635 me
3247 629 3377 636 η---
3584 629 3826 634 __-__-_

2157 663 2313 730 dine,
2347 669 2403 721 et
2432 682 2566 721 cum
2597 667 2947 724 conditionis
2978 669 3326 725 discretione
3356 669 3617 742 petenda
3661 671 3848 722 sunt.
3945 629 3947 742 1

2160 711 2313 730 κων,
2349 711 2403 721 ν-
2434 711 2566 721 νη.--
2598 711 2947 724 w........,....,
2979 711 3325 725 ωυωννηηω
3357 711 3617 742 pm“..-
3661 711 3848 722 ψη.-.

2158 753 2263 818 Qui
2297 754 2453 809 enim
2487 773 2555 810 ea
2583 760 2818 829 propter
2848 773 3061 825 se,non
3093 761 3329 831 propter
3355 774 3612 831 regnum
3647 755 3846 812 cazlo-
3945 711 3947 844 |

2155 857 2286 897 rum
2310 844 2788 916 consequendum
2835 846 2999 918 petit,
3035 846 3186 902 male
3226 846 3386 918 petit,
3409 862 3518 902 nec
3550 845 3842 902 exaudiri

2156 935 2496 987 mereretur.
2531 932 2695 988 Unde
2725 934 2996 1004 Jacobus,
3029 936 3223 990 Petitis
3251 943 3301 990 et
3325 951 3436 991 non
3468 937 3842 1006 accipitis,ee

2155 1019 2297 1090 quod
2323 1021 2480 1096 male
2493 1024 2692 1093 petatis
2714 1025 2831 1093 (Jac
2849 1027 2948 1092 ιν),
2973 1027 3038 1079 ut
3066 1023 3124 1079 in
3167 1023 3675 1096 concupiscentiis
3706 1040 3841 1078 ves-

2154 1108 2260 1164 tris
2289 1108 2624 1166 insinuatis.
2661 1112 2907 1180 Rursus,
2933 1113 3034 1185 qui
3063 1112 3190 1169 sine
3221 1112 3583 1170 conditionis
3608 1112 3837 1168 discre-

2152 1197 2308 1254 tione
2341 1198 2484 1270 petit
2503 1200 2868 1272 temporalia,
2888 1201 3062 1258 stulte
3085 1202 3247 1275 petit,
3279 1218 3385 1258 nec
3407 1199 3684 1258 exaudiri
3713 1217 3831 1256 me-

2151 1289 2330 1341 retur.
2348 1286 2661 1345 Indiscrete
2679 1289 2821 1361 petit
2842 1289 3058 1346 Paulus
3079 1307 3113 1346 a
3129 1307 3190 1346 se
3210 1288 3334 1346 tolli
3358 1289 3646 1362 angelum
3661 1289 3831 1344 Sata-

2153 1375 2374 1446 nze,qui
2406 1375 2608 1448 utique
2638 1376 2748 1432 sibi
2781 1378 3146 1434 necessarius
3175 1383 3299 1434 erat
3327 1379 3400 1434 ad
3422 1378 3828 1434 conservatio-

2153 1481 2288 1519 nem
2310 1464 2682 1535 humilitatis,
2709 1467 2863 1523 unde
2885 1485 2988 1523 nec
3005 1468 3332 1534 exauditur,
3353 1468 3454 1523 sed
3468 1467 3520 1523 ei
3552 1466 3790 1522 dicitur
3813 1484 3827 1520 :

2156 1553 2334 1608 Virtus
2364 1555 2423 1608 in
2455 1556 2776 1624 inﬁrmitate
2793 1558 3172 1628 perﬁciturUl
3184 1557 3439 1628 Cor.xu).
3467 1557 3643 1612 Unde
3661 1556 3826 1611 idem

2153 1641 2225 1696 de
2278 1659 2340 1698 se
2397 1642 2616 1698 ibidem
2676 1644 2960 1700 dicitzNe
3003 1645 3346 1718 magnitudo
3380 1644 3826 1701 revelationum

2153 1730 2388 1786 extollat
2408 1748 2518 1800 me,
2545 1734 2718 1789 datus
2737 1739 2825 1790 est
2845 1733 2989 1789 mihi
3013 1733 3292 1790 stimulus
3321 1735 3536 1801 carnis,
3557 1739 3826 1805 angelus

2152 1819 2378 1874 Satanze
2399 1820 2498 1891 qui
2519 1837 2610 1876 me
2647 1821 2990 1894 colaphizet.
3019 1823 3285 1891 Proinde,
3311 1823 3522 1878 fratres
3551 1821 3701 1890 mei,
3739 1840 3824 1877 re-

2149 1923 2330 1979 gnum
2352 1908 2451 1963 Dci
2483 1915 2719 1983 propter
2748 1929 2810 1966 se
2835 1916 2892 1966 et
2914 1911 3316 1984 principaliter
3333 1916 3647 1985 petamus;
3671 1915 3826 1967 tem-

2149 1997 2371 2068 poralia
2389 2015 2522 2054 vero
2544 2017 2657 2054 non
2680 2004 2916 2072 propter
2945 2001 3135 2069 se,sed
3157 2004 3395 2073 propter
3413 1999 3657 2068 illud,et
3679 2017 3820 2056 cum

2149 2086 2500 2142 conditionis
2533 2087 2910 2156 discretione;
2938 2093 3003 2145 ut
3031 2089 3300 2145 videlicet
3329 2090 3428 2145 det
3458 2089 3637 2145 nobis
3660 2107 3752 2156 ea,
3769 2090 3818 2145 si

2146 2174 2354 2246 placet,
2369 2179 2425 2230 et
2455 2177 2503 2231 si
2537 2177 2649 2231 scit
2676 2193 2744 2232 ea
2773 2177 2942 2233 nobis
2971 2177 3258 2250 expedire,
3273 2177 3373 2250 qui
3405 2179 3570 2234 novit
3593 2178 3814 2234 melius

2148 2264 2316 2337 nobis
2347 2281 2476 2336 quae
2507 2266 2818 2338 expediant
2846 2266 3036 2322 nobis.
3068 2267 3248 2331 Quem
3280 2268 3526 2323 modum
3567 2268 3812 2340 petendi

2143 2352 2269 2424 ipse
2299 2353 2468 2409 nobis
2497 2353 2760 2427 exemplo
2791 2355 2882 2410 sui
2914 2355 3470 2428 demonstravit,qui
3503 2372 3648 2412 cum
3673 2373 3814 2413 con-

2145 2442 2362 2498 ditione
2393 2442 2631 2498 calicem
2667 2443 2958 2515 passionis
2991 2461 3025 2500 a
3053 2461 3114 2500 se
3137 2446 3440 2500 transferri
3464 2447 3814 2517 rogavit,di-

2143 2547 2279 2586 cens
2305 2547 2317 2585 :
2344 2537 2527 2597 Pater,
2559 2534 2611 2586 si
2634 2533 2892 2604 possibile
2919 2541 3014 2601 est,
3048 2541 3290 2590 transeat
3319 2551 3351 2588 a
3381 2549 3469 2588 me
3518 2536 3682 2588 cati:
3709 2536 3808 2588 iste

2143 2620 2350 2688 (Matth.
2382 2623 2558 2693 xxvr).
2593 2620 2925 2677 Coelestium
2975 2637 3106 2676 vero
3156 2626 3213 2678 et
3261 2621 3673 2695 spiritualium
3705 2623 3802 2678 bo-

2142 2726 2352 2764 norum
2381 2713 2545 2765 tanta
2572 2713 2661 2766 est
2691 2709 2965 2784 dignitas,
2996 2711 3152 2782 quod
3182 2727 3250 2766 ea
3279 2710 3549 2772 absolute
3580 2717 3646 2767 et
3685 2714 3808 2767 sine

2142 2799 2472 2854 conditione
2503 2801 2892 2872 postulamus.
2925 2802 2971 2854 A
3001 2817 3118 2872 quo
3158 2805 3350 2872 petere
3395 2800 3738 2856 debemus?
3765 2803 3804 2855 Α

2141 2887 2257 2944 Deo
2288 2889 2474 2944 Patre.
2507 2888 2680 2944 Porro
2711 2906 2845 2944 cum
2877 2889 3063 2957 Pater,
3093 2893 3152 2944 et
3203 2889 3402 2959 Filius,
3432 2893 3494 2946 et
3540 2889 3802 2962 Spiritus

2141 2982 2382 3033 sanctus
2412 2977 2530 3032 sint
2559 2994 2714 3033 unus
2743 2981 2946 3033 auctor
2973 2982 3031 3034 et
3055 2979 3320 3049 donator,
3353 2982 3554 3034 tamen
3588 2995 3802 3034 omnes

2142 3066 2322 3121 ferme
2355 3066 2646 3122 orationes
2677 3065 2875 3139 dirigit
2905 3067 3163 3123 Ecclesia
3191 3068 3263 3122 ad
3295 3067 3549 3135 Patrem,
3577 3085 3803 3140 paucas

383 3158 672 3214 Petierant
700 3153 972 3228 discipuli
1006 3138 1253 3209 Salutem
1288 3150 1416 3205 filia:
1439 3151 1773 3205 Chananeus
1805 3147 2022 3216 (Matth.
2057 3138 2099 3205 C
2138 3155 2209 3210 ad
2229 3154 2772 3226 Filium,pauciores
2803 3138 2876 3211 ad
2908 3156 3191 3228 Spiritum
3218 3138 3640 3212 sanctum.Sed
3659 3174 3803 3229 prae-

378 3251 473 3316 xv)
507 3264 520 3302 :
555 3251 611 3302 et
638 3250 835 3300 tamen
886 3244 1028 3299 dicit
1077 3243 1162 3298 eis
1217 3240 1518 3305 Dominus,
1563 3237 1889 3310 usquemodo
1917 3253 2026 3293 non

373 3337 587 3409 petistis
617 3331 1094 3407 quidquam.Quia
1110 3329 1265 3385 enim
1298 3327 1641 3400 temporalia
1667 3327 2023 3398 querebant,

377 3424 700 3498 quidquam
735 3440 847 3478 non
872 3422 1164 3494 petebant,
1197 3419 1296 3473 sed
1330 3417 1471 3489 quid
1511 3420 1704 3488 petere
1755 3416 2023 3483 debeant,

377 3514 653 3580 ostendit,
671 3529 805 3566 cum
839 3509 1058 3565 subdit.
1083 3509 1258 3564 Petito
1280 3515 1330 3562 et
1358 3507 1730 3577 accipietis,ut
1760 3505 2027 3574 gaudium

374 3609 611 3657 vestrum
638 3603 713 3655 sit
735 3598 1065 3671 plenum.Et
1095 3596 1414 3668 accipietis,
1447 3595 1750 3661 subaudis,
1785 3593 1832 3648 si
1865 3611 1899 3648 a
1931 3593 2030 3647 Pa-

373 3695 461 3746 tre
491 3695 547 3745 et
578 3690 635 3744 in
668 3688 904 3743 nomine
933 3688 1064 3742 Jesu
1115 3685 1344 3757 petatis.
1371 3687 1434 3738 In
1483 3683 1592 3738 hac
1647 3683 1785 3750 vita,
1822 3683 2026 3736 fratres

376 3778 641 3850 mei,non
673 3780 863 3850 potest
890 3793 1018 3832 esse
1048 3774 1286 3846 plenum
1318 3773 1622 3847 gaudium,
1649 3773 1749 3828 sed
1781 3770 2024 3843 particu.

373 3867 512 3936 lare,
546 3865 931 3933 insufﬁciens,
968 3869 1024 3919 et
1049 3863 1238 3919 breve.
1276 3860 1648 3929 Particulare,
1672 3859 1950 3933 quoniam
1978 3858 2026 3916 si

373 3956 435 4012 in
467 3955 660 4029 aliquo
689 3955 968 4022 succedit,
984 3953 1118 4008 huic
1138 3951 1361 4008 homini
1387 3969 1504 4007 non
1540 3950 1820 4006 succedit.
1845 3949 2028 4005 Insuf-

375 4046 601 4112 ficiens,
626 4044 904 4118 quoniam
936 4043 993 4098 in
1029 4059 1142 4114 quo
1175 4041 1226 4098 ei
1255 4040 1609 4111 succedit,in
1640 4040 1843 4095 eodem
1865 4041 2028 4110 optat

375 4134 589 4190 melius
618 4133 811 4190 adhuc
861 4133 1172 4188 succedere
1219 4131 1352 4186 sibi.
1400 4131 1593 4198 Breve,
1628 4127 1926 4201 quoniam,
1961 4131 2026 4183 ut

375 4223 458 4280 ait
509 4222 780 4278 Salomon
817 4238 830 4277 :
863 4223 1022 4278 Risus
1077 4221 1260 4276 dolore
1312 4219 1656 4287 miscebitur,
1685 4224 1737 4274 et
1783 4226 2025 4275 extrema

375 4311 570 4384 gaudii
599 4313 776 4367 luctus
805 4318 1028 4382 occupat
1057 4311 1238 4378 (Prov.
1270 4308 1706 4380 xw).Caeterum
1741 4323 1772 4363 e
1802 4311 2027 4362 contra-

376 4401 462 4458 rio
488 4401 545 4456 in
571 4402 769 4456 futura
787 4400 906 4456 vita
921 4399 1032 4455 erit
1047 4398 1283 4470 plenum
1304 4397 1606 4469 gaudium,
1623 4395 1900 4467 quoniam
1917 4395 2027 4451 erit

2136 3242 2384 3316 cipiente
2416 3245 2730 3300 mediatore
2762 3249 2961 3300 nostro
2991 3245 3132 3301 Jesu
3153 3245 3453 3312 Christo,a
3472 3245 3652 3301 Patre
3675 3263 3800 3302 om-

2136 3332 2234 3388 nia
2264 3334 2416 3388 bona
2436 3333 3011 3406 petamus,quoniam
3030 3334 3154 3408 ipse
3173 3338 3264 3390 est
3279 3333 3643 3407 principium
3669 3335 3796 3392 Filii

2137 3425 2193 3476 et
2219 3420 2473 3492 Spiritus
2505 3421 2709 3489 sancti,
2731 3423 3116 3494 omniumque
3146 3422 3644 3479 bonorum.Unde
3663 3429 3719 3480 ct
3738 3425 3795 3479 in

2137 3510 2394 3566 oratione
2423 3510 2724 3566 Dominica
2754 3511 2824 3566 ad
2857 3511 3039 3566 Deum
3071 3511 3298 3567 Patrem
3329 3511 3656 3584 dirigimus
3677 3529 3798 3567 εει-ε

2136 3605 2667 3667 monem,vocantes
2689 3617 2822 3655 eum
2841 3601 3092 3667 Patrem,
3115 3600 3394 3672 quoniam
3420 3617 3584 3656 more
3613 3601 3796 3674 patris

2136 3688 2269 3760 pius
2291 3693 2379 3744 est
2399 3706 2576 3761 super
2595 3693 2826 3744 nostras
2865 3689 3174 3760 petitiones
3203 3691 3424 3761 justas,
3447 3689 3495 3745 si
3520 3706 3631 3761 per
3663 3692 3794 3746 ohe.

2137 3777 2417 3832 dientiam
2435 3781 2490 3833 et
2506 3777 2878 3833 sanctitatem
2891 3776 3052 3850 digni
3074 3778 3202 3850 ejus
3227 3777 3329 3833 ﬁlii
3351 3795 3420 3834 ex
3434 3778 3792 3847 stiterimus;

2137 3865 2281 3922 alias
2309 3870 2592 3938 tanquam
2625 3867 2939 3938 degeneres
2969 3871 3026 3922 et
3072 3866 3344 3940 indignos
3392 3866 3646 3922 minime
3693 3885 3794 3924 nos

2135 3955 2320 4011 audit.
2353 3955 2648 4027 Scriptum
2672 3959 2761 4010 est
2790 3955 2968 4010 enim.
3003 3955 3108 4023 Qui
3136 3957 3354 4011 obturat
3400 3972 3598 4012 aurem
3636 3974 3797 4013 suam

2135 4061 2204 4101 ne
2261 4043 2452 4100 audiat
2497 4046 2685 4115 legem,
2717 4045 2888 4100 oratio
2936 4044 3052 4116 ejus
3100 4045 3456 4101 exsecrabilis
3499 4053 3578 4101 est
3607 4049 3793 4116 (Prov.

2133 4133 2358 4206 nvm);
2392 4137 2448 4188 et
2478 4133 2660 4189 Isaias
2693 4150 2707 4188 :
2745 4133 2879 4189 Cum
2909 4133 3215 4190 levaveritis
3244 4132 3314 4189 ad
3341 4150 3428 4189 me
3453 4151 3663 4191 manus
3685 4153 3795 4192 res-

2134 4231 2267 4290 tras,
2303 4229 2541 4278 avertam
2565 4223 2767 4294 faciem
2794 4238 2971 4278 meam
2999 4239 3033 4277 a
3059 4222 3226 4291 vobis,
3258 4230 3311 4278 et
3342 4239 3468 4278 cum
3516 4225 3795 4296 multipli-

2133 4311 2389 4367 caveritis
2419 4311 2710 4377 orationes,
2759 4326 2870 4365 non
2912 4309 3206 4366 exaudiam
3251 4327 3361 4366 vos.
3394 4316 3600 4368 Manus
3646 4315 3796 4368 enim

2134 4408 2326 4457 vestra?
2344 4400 2614 4468 sanguine
2630 4401 2813 4471 plenae
2830 4406 2960 4454 sunt
2987 4401 3116 4470 (Isa.
3149 4400 3207 4471 ι).
3238 4399 3300 4454 In
3334 4416 3448 4472 quo
3479 4403 3686 4471 petere
3706 4403 3798 4457 de-

376 4489 726 4561 universale,
743 4488 1044 4544 sufﬁciens
1074 4492 1132 4542 et
1161 4491 1442 4542 aeternum
1479 4501 1494 4540 :
1527 4482 2024 4574 universalc,quo-
2055 4509 2103 4574 D
2135 4489 2381 4545 bemus?
2415 4488 2473 4543 in
2506 4488 2825 4557 nomine,id
2858 4494 2947 4544 est
2975 4489 3035 4544 in
3063 4489 3174 4545 fide
3202 4489 3341 4545 Jesu
3373 4488 3792 4557 Christi.Quod

377 4579 536 4635 niam
566 4579 626 4634 in
659 4577 932 4634 omnibus
951 4578 1097 4632 bene
1115 4576 1406 4642 succedet,
1425 4574 1725 4630 sufficiens
1747 4573 2022 4646 quoniam

377 4685 549 4724 nemo
581 4667 794 4724 melius
825 4666 935 4723 sibi
977 4666 1286 4722 succedere
1331 4664 1516 4732 volet;
1552 4668 1853 4730 aeternum,
1883 4679 2026 4735 quo-

376 4757 534 4813 niam
565 4756 764 4812 nullus
797 4773 1010 4812 maeror
1039 4755 1088 4810 ei
1113 4755 1403 4811 succedet.
1431 4754 1864 4824 Itaque,fratres
1887 4752 2023 4821 mei,

377 4846 564 4902 edocti
611 4864 644 4901 a
693 4845 962 4912 Domino,
990 4862 1102 4900 non
1162 4848 1430 4917 petamus
1489 4842 1644 4897 mala
1692 4860 1725 4896 a
1755 4841 2023 4911 Domino,

377 4937 444 4989 ut
498 4935 741 5005 quidam
792 4935 1033 5002 faciant,
1091 4938 1353 5007 petentes
1401 4933 1683 4988 damnum
1752 4931 2022 5003 proximi,

377 5021 466 5077 vel
499 5027 747 5078 mortem
779 5023 1022 5080 inimici.
1057 5024 1171 5079 Nec
1220 5025 1489 5094 petamus
1519 5039 1552 5078 a
1583 5020 1830 5077 Domino
1877 5036 2029 5075 vana

379 5114 445 5165 ut
475 5110 713 5182 quidam
765 5111 986 5168 faciunt
1037 5115 1296 5185 petentes
1347 5110 1598 5177 divitias,
1638 5108 1874 5183 glorias,
1924 5107 2027 5164 ho-

380 5215 574 5265 nores,
606 5199 952 5272 voluptates,
989 5206 1046 5256 et
1077 5201 1290 5275 gaudia
1330 5200 1650 5266 mundana,
1683 5199 1783 5255 sed
1833 5199 2029 5271 potius

378 5292 653 5363 petamus
683 5285 1050 5343 immutabile
1081 5288 1320 5355 bonum,
1350 5291 1617 5360 petamus
1647 5292 1712 5342 ut
1748 5286 2025 5358 gaudium

377 5382 652 5438 nostrum
684 5376 762 5432 sit
790 5375 1050 5449 plenum.
1085 5377 1195 5433 Sed
1228 5380 1286 5431 et
1311 5375 1360 5432 si
1409 5376 1641 5448 quando
1689 5373 2034 5447 temporalia

372 5468 540 5528 bona
594 5466 872 5538 petimus,
907 5468 1142 5537 propter
1199 5479 1445 5536 regnum
1515 5463 1793 5520 caelorum
1846 5467 1903 5521 et
1958 5463 2032 5521 ad

362 5568 635 5634 regnum
660 5555 939 5615 caelorum
970 5569 1038 5611 ea
1062 5558 1356 5630 petamu.
1389 5553 1512 5613 Non
1547 5568 1692 5629 nego
1725 5553 1882 5612 enim
1926 5553 2037 5612 fra-

2134 4578 2336 4649 utique
2362 4577 2632 4643 facimus,
2657 4577 2706 4632 si
2737 4577 2855 4632 veri
2887 4576 3200 4633 Christiani
3232 4577 3448 4634 Christi
3474 4595 3680 4634 veram
3726 4578 3793 4633 ﬁ-

2136 4667 2269 4722 dem
2303 4671 2359 4721 et
2387 4665 2712 4722 doctrinam
2746 4669 3033 4722 tenemus.
3067 4666 3129 4721 In
3163 4665 3390 4723 Christo
3421 4667 3681 4734 enim,et
3695 4685 3798 4741 per

2135 4755 2433 4812 Christum
2466 4755 2845 4811 mediatorem
2897 4753 3311 4827 nostrum,qui
3360 4759 3448 4811 est
3497 4759 3712 4812 auctor
3741 4760 3796 4813 et

2136 4849 2298 4900 actor
2311 4848 2520 4900 nostra:
2539 4843 3086 4915 redemptionis,per
3105 4860 3277 4914 quem
3295 4842 3587 4900 habemus
3604 4860 3797 4901 acces-

2135 4938 2354 5001 sum,et
2381 4933 2479 5004 qui
2514 4950 2616 5006 pro
2647 4932 2817 4988 nobis
2846 4931 3176 5004 interpellat
3196 4932 3352 5004 apud
3375 4931 3605 4988 Patrem
3641 4933 3797 4989 salu-

2136 5027 2251 5078 tem
2285 5039 2318 5077 a
2337 5023 2504 5077 Patre
2529 5021 2944 5077 obtinebimus.
2960 5021 3124 5077 Unde
3145 5025 3201 5076 et
3221 5037 3425 5076 omnes
3449 5021 3566 5076 fere
3587 5023 3796 5078 oratio-

2138 5129 2229 5166 ne.
2262 5113 2368 5165 Per
2396 5111 2686 5165 Dominum
2721 5117 2968 5165 nostrum
3014 5111 3196 5166 Iesum
3217 5112 3515 5178 Christum,
3549 5112 3792 5167 conclu-

2139 5199 2348 5252 dentur
2379 5214 2392 5252 :
2428 5197 2711 5264 Quoniam
2741 5214 2858 5254 non
2890 5202 2978 5254 est
3007 5197 3164 5254 aliud
3196 5215 3408 5254 nomen
3431 5199 3489 5254 in
3513 5199 3792 5267 calamos

2138 5286 2198 5341 in
2226 5291 2382 5342 terra
2402 5287 2461 5342 in
2495 5303 2609 5359 quo
2635 5289 2896 5359 oporteat
2945 5303 3053 5342 nos
3101 5286 3312 5343 salvari
3344 5288 3478 5359 (Act.
3511 5288 3613 5360 Iv).
3648 5287 3794 5352 Quia

2139 5390 2276 5448 ergo
2324 5375 2509 5432 Judaei
2559 5380 2615 5431 et
2661 5374 2895 5449 pagani,
2929 5375 3176 5448 falsique
3200 5375 3536 5443 Christiani,
3569 5376 3631 5432 in
3683 5377 3793 5433 fide

2139 5463 2356 5521 Christi
2385 5481 2500 5520 non
2533 5469 2759 5537 petunt,
2792 5469 3071 5521 aeternam
3100 5464 3354 5521 salutem
3381 5463 3648 5522 obtinere
3677 5481 3789 5521 non

2144 5559 2414 5631 possunt.
2449 5555 2671 5628 Itaque,
2705 5554 2916 5612 fratres
2945 5553 3078 5627 mei,
3101 5554 3154 5612 si
3185 5553 3658 5631 petieritis-quid,
3679 5559 3790 5614 etc
