3982 6082
37 307 42 318 ε
144 279 300 342 1897

813 279 1162 340 HOMILLE
1204 279 1283 338 IN
1330 279 1582 339 EPIST.
1628 280 1728 339 ET
1773 280 2059 342 EVANG.
2108 247 2454 343 DOMINIC.
2491 283 2799 344 —PARS
2845 285 2892 344 Ι.

3399 285 3558 348 1898

144 412 332 476 Patre,
368 409 424 466 in
458 409 690 466 nomine
720 410 1138 502 Jesu.Chrisli,
1175 411 1316 465 illud
1367 410 1565 482 procul
1615 411 1793 465 dubio
1824 413 1879 479 Α
1908 420 2038 475 tute,
2076 415 2322 480 Domine,
2365 432 2527 485 quiin
2570 415 2903 471 abscondisti
2944 417 3259 472 timentibus
3305 424 3354 472 te
3383 418 3556 486 (Psal.

32 529 36 562 ς
143 501 317 556 Pater
349 498 508 555 dabit
528 499 712 554 vobis.
737 498 977 555 Non'ait
1007 499 1142 567 illis,
1169 500 1275 554 Pro
1303 498 1518 570 quibus
1549 500 1799 572 petatis?
1907 504 2061 569 xxx).
2087 501 2452 558 Abscondisti
2475 502 3050 576 anegligentibus,et
3066 503 3332 560 revelasti
3353 505 3562 560 timen-

143 589 294 644 Nam
327 605 504 660 prava
538 588 658 644 vita
710 587 1090 660 reproborum
1149 588 1446 643 multoties
1478 589 1670 644 obstat
1729 606 1800 644 ne

144 677 434 734 Dominus
465 677 758 733 orationes
796 693 900 749 pro
949 677 1033 732 eis
1081 679 1264 734 factas
1312 677 1602 734 exaudiat.
1638 678 1800 734 Unde

144 766 437 823 Dominus
487 783 590 839 per
630 766 973 840 prophetam
1019 784 1032 822 :
1075 769 1141 823 Et
1167 775 1244 834 tu,
1277 768 1363 838 ﬁli
1405 769 1645 823 hominis
1690 783 1797 822 non

30 889 34 923 ς
144 872 400 913 assumas
447 855 664 911 laudem
706 863 758 911 et
785 856 1088 911 orationem
1131 872 1230 927 pro
1272 857 1472 927 populo
1519 858 1642 922 isto,
1675 872 1802 928 quo-

30 979 34 1010 ;
141 947 304 1002 niam
332 962 441 1002 non
471 945 768 1000 exaudiam
795 952 844 1001 te
875 949 1010 1015 (Jer.
1036 949 1134 1015 ιχ).
1163 946 1231 999 Et
1262 945 1423 1012 alibi,
1465 947 1516 1000 si
1558 948 1807 1001 steterint

30 1069 34 1102 ς
139 1033 351 1106 Moyses
397 1042 448 1090 et
487 1035 712 1091 Samuel
749 1051 934 1090 coram
964 1050 1066 1099 me,
1099 1051 1210 1089 non
1243 1042 1322 1090 est
1350 1037 1540 1089 anima
1585 1051 1704 1090 mea
1734 1034 1803 1089 ad

28 1157 30 1192 ;
140 1125 413 1196 populum
440 1125 606 1178 istum
628 1124 754 1195 (Jer.
777 1128 889 1190 xv).
917 1124 996 1178 Ac
1017 1121 1068 1179 si
1090 1123 1306 1178 diceret
1329 1139 1342 1180 :
1367 1123 1482 1179 Nec
1508 1123 1680 1179 etiam
1705 1139 1804 1180 eos

28 1249 32 1282 τ
142 1212 250 1284 qui
304 1212 364 1268 in
413 1211 823 1284 impetratione
851 1211 1133 1268 orationis
1177 1213 1500 1284 probantur
1525 1211 1802 1285 viguisse,

28 1341 30 1346 ι
143 1301 386 1357 audiam
423 1317 524 1373 pro
556 1300 708 1368 istis,
735 1301 836 1357 sed
865 1305 922 1356 et
952 1301 1000 1356 si
1037 1302 1244 1357 fratres
1265 1302 1402 1369 mei,
1423 1319 1539 1357 non
1571 1301 1806 1358 dabitur

28 1431 30 1434 μ
141 1407 254 1463 pro
286 1389 503 1462 quibus
552 1390 819 1462 reprobis
845 1389 1300 1462 postulaveritis,
1325 1394 1521 1446 tamen
1570 1391 1807 1446 dabitur

139 1479 332 1546 vobis,
358 1479 638 1551 quoniam
662 1495 764 1535 vos
797 1480 866 1535 de
897 1495 1070 1551 opere
1101 1480 1358 1552 pietatis,
1383 1480 1510 1536 sine
1542 1481 1808 1536 mercede

140 1585 266 1624 non
299 1567 480 1637 eritis,
506 1569 678 1640 juxta
723 1567 868 1623 illud
901 1567 1246 1636 Psalmistte,
1273 1572 1345 1625 Et
1377 1571 1551 1625 oratio
1601 1586 1718 1625 mea
1748 1571 1809 1624 in

136 1660 278 1714 sinu
305 1674 420 1714 meo
469 1665 812 1714 convertetur
842 1659 1016 1725 (Psal.
1041 1661 1232 1726 xxxxv)
1276 1659 1346 1713 Et
1377 1658 1520 1713 illud
1551 1660 1807 1731 Evange-

139 1745 212 1802 lii
247 1764 261 1803 :
295 1748 362 1804 Et
387 1749 440 1802 si
466 1749 640 1820 fuerit
671 1747 751 1801 ibi
777 1747 930 1817 ﬁlius
967 1748 1142 1818 pacis,
1176 1748 1469 1818 requiescet
1493 1763 1658 1818 super
1684 1764 1808 1802 eum
1839 1787 1888 1852 Β

134 1852 263 1908 pax
291 1843 492 1892 vestra.
516 1835 617 1891 Sin
645 1842 828 1890 autem
848 1834 918 1889 ad
947 1852 1038 1891 vos
1067 1843 1367 1891 revertetur
1387 1836 1535 1906 (Luc.
1557 1835 1635 1907 x).
1663 1834 1808 1890 Illud

144 1941 390 1997 quoque
420 1924 749 1980 notandum
779 1928 887 1992 est,
914 1923 1193 1995 quoniam
1226 1941 1342 1979 non
1369 1923 1469 1990 ait,
1495 1941 1627 1980 mox
1649 1924 1814 1980 dabit

140 2013 336 2081 vobis,
363 2012 642 2085 quoniam
685 2015 743 2068 et
792 2011 842 2068 si
895 2011 1178 2068 Dominus
1208 2012 1421 2081 ditfert,
1449 2016 1644 2069 tamen
1695 2030 1812 2070 non

147 2102 346 2158 aufert
373 2101 687 2174 petitiones
724 2105 969 2167 vestras,
995 2101 1094 2157 sed
1141 2105 1433 2174 prorogat,
1467 2105 1530 2157 ut
1557 2119 1660 2157 vos
1687 2119 1814 2158 ma-

151 2191 251 2262 gis
283 2191 520 2263 rogetis,
553 2195 611 2246 et
643 2189 830 2263 magis
871 2190 1234 2245 mereamini.
1268 2190 1374 2255 Qui
1433 2195 1630 2246 tamen
1684 2194 1818 2264 post

151 2282 395 2352 longam
427 2279 773 2336 instantiam
809 2279 1008 2351 procul
1052 2279 1230 2334 dubio
1263 2279 1425 2335 dabit
1453 2280 1636 2346 vobis,
1671 2297 1814 2352 quo-

161 2369 323 2425 niam
350 2367 474 2424 vult
498 2373 561 2424 ut
583 2367 772 2435 Pater,
795 2373 853 2423 et
873 2371 1064 2439 potest
1085 2372 1150 2422 ut
1170 2368 1344 2423 Deus.
1374 2369 1659 2434 Quoniam
1683 2385 1816 2424 vero

162 2459 439 2532 pra-dicta
471 2456 762 2529 Evangelii
793 2457 968 2512 verba
1008 2455 1286 2528 apostolis
1317 2457 1510 2512 adhuc
1539 2457 1818 2529 simplici-

162 2547 276 2602 bus
311 2545 485 2619 plana
516 2549 574 2600 et
606 2548 807 2618 aperta
847 2544 1215 2607 videbantur,
1239 2549 1296 2600 et
1326 2545 1453 2600 ideo
1503 2544 1818 2618 aliquando

162 2635 387 2708 aliquid
409 2634 741 2706 petentibus
771 2637 827 2688 et
855 2649 967 2688 non
997 2634 1515 2705 consequentibus,
1540 2653 1655 2690 non
1685 2651 1821 2690 vera

163 2740 296 2782 esse
316 2723 643 2792 videantur,
667 2722 923 2779 ostendit
947 2722 1231 2779 Dominus
1251 2739 1318 2778 ea
1341 2723 1618 2779 subtilius
1640 2741 1820 2795 quam

164 2816 463 2879 sonarent,
488 2812 930 2884 perscrutanda,
955 2827 1089 2866 cum
1113 2811 1350 2867 subdit:
1375 2817 1493 2868 Hoc
1513 2815 1574 2868 in
1599 2829 1820 2884 prover-

165 2903 272 2960 biis
304 2903 514 2958 locutus
541 2917 665 2957 sum
699 2902 871 2957 vobis.
907 2901 1284 2956 Proverbium
1333 2901 1549 2974 quippe
1582 2908 1670 2957 est
1701 2919 1822 2958 ser-

167 3009 266 3048 mo
298 2990 490 3048 brevis
519 2995 576 3047 et
603 2989 836 3062 planus,
862 2989 1140 3046 subtilius
1170 3007 1349 3062 quam
1401 2996 1567 3047 sonet
1608 2990 1821 3047 intelli-

170 3081 419 3155 gendus.

1907 590 2068 645 tibus
2099 596 2173 646 te.
2199 596 2317 647 Hoc
2338 596 2427 648 est
2455 593 2609 664 quod
2641 593 2926 648 Dominus
2945 593 3026 648 ait
3049 609 3061 648 :
3087 593 3424 650 Abscondisti
3444 595 3564 653 haec

1911 697 1944 734 a
1971 681 2307 751 sapientibus
2333 689 2386 736 et
2407 682 2792 752 prudentibus,
2825 689 2876 738 et
2903 680 3161 737 revelasti
3207 698 3272 737 ea
3309 684 3562 754 parvulis

1911 769 2116 839 (Matth.
2156 787 2232 835 II;
2264 771 2416 838 (Luc.
2448 771 2524 840 χ).
2563 771 2760 826 Potest
2806 770 3003 837 etiam,
3055 771 3282 839 fratres,
3334 774 3391 826 et
3441 770 3562 826 haec

1911 855 2054 912 hora
2084 857 2334 930 intelligi
2362 860 2480 914 vita
2508 859 2722 926 futura,
2748 859 2983 931 quando
3014 875 3130 915 non
3154 860 3279 930 jam
3310 858 3562 914 exterius

1912 963 2016 1018 per
2045 946 2346 1018 proverbia
2394 946 2665 1020 loquetur
2693 947 2999 1014 Dominus,
3042 949 3142 1003 sed
3194 948 3368 1004 rebus
3417 947 3564 1020 ipsis

1912 1036 2083 1092 nobis
2113 1035 2510 1107 loquentibus,
2540 1036 2732 1108 palam
2765 1037 2837 1092 de
2866 1037 3031 1092 Patre
3065 1034 3438 1092 annuntiabit
3465 1052 3565 1092 no-

1912 1126 2025 1192 bis,
2050 1125 2220 1196 juxta
2242 1125 2398 1196 quod
2425 1124 2638 1180 Paulus
2661 1125 2740 1180 ait
2765 1143 2777 1180 :
2806 1126 3053 1181 Videmus
3077 1141 3227 1180 nunc
3249 1140 3352 1197 per
3376 1140 3566 1198 specu-

1914 1215 2030 1270 lum
2057 1221 2109 1270 et
2145 1216 2204 1269 in
2249 1216 2566 1283 wnigmate,
2601 1222 2731 1270 tunc
2773 1220 2961 1270 autem
3010 1216 3156 1287 faeie
3211 1214 3281 1270 ad
3333 1215 3561 1287 faciem.

1912 1304 2068 1360 Nunc
2095 1320 2350 1373 cognosco
2381 1319 2450 1359 ea:
2490 1311 2663 1375 parte,
2697 1312 2828 1359 tunc
2854 1319 3168 1375 cognoscam
3194 1304 3340 1359 sicut
3378 1310 3431 1359 et
3477 1318 3564 1360 co-

1914 1394 2099 1462 gnitus
2121 1409 2244 1447 sum
2273 1394 2322 1460 (1
2333 1395 2456 1449 Cor.
2480 1392 2624 1464 xm).
2657 1394 2717 1447 In
2751 1392 2866 1457 illo,
2905 1392 3116 1465 inquit,
3139 1392 3228 1448 die
3258 1394 3320 1448 in
3347 1390 3568 1448 nomine

1913 1498 2032 1538 meo
2055 1484 2264 1553 petetis.
2293 1480 2589 1538 Rutilante
2611 1481 2825 1553 quippe
2850 1480 3047 1537 interni
3071 1480 3182 1536 diei
3206 1479 3328 1536 sole
3348 1480 3570 1536 animae

1916 1570 2028 1626 bus
2053 1573 2411 1638 sanctorum,
2441 1587 2556 1625 non
2583 1570 2707 1641 jam
2730 1568 3097 1642 temporalia,
3120 1569 3221 1626 sed
3243 1567 3428 1626 solam
3455 1572 3570 1626 sto-

1916 1658 2034 1714 lam
2058 1658 2542 1726 immortalitatis,
2567 1663 2622 1714 et
2644 1657 2754 1715 sibi
2772 1659 2898 1730 jam
2921 1657 3166 1714 alteram
3192 1657 3570 1727 habentibus,

1918 1752 1975 1802 et
2005 1747 2280 1803 ﬁdelibus
2314 1748 2505 1804 adhuc
2533 1747 2592 1802 in
2625 1752 2782 1804 terra
2823 1745 3227 1803 laborantibus
3261 1748 3572 1819 utramque

1923 1837 2186 1894 noverint
2215 1837 2530 1911 postnlare.

1991 1927 2271 2000 Sequitnr
2324 1944 2461 2000 pars
2510 1926 2700 1993 tertia,
2731 1925 2789 1982 in
2824 1942 2941 1998 qua
2970 1925 3228 1982 ostendit
3284 1923 3572 1980 Dominus

1921 2021 2153 2072 Patrem
2201 2018 2321 2074 fore
2380 2033 2631 2088 pronum
2690 2016 2761 2070 ad
2823 2015 3180 2071 audiendum
3229 2009 3570 2086 discipulos,

1923 2106 2158 2177 quando
2181 2105 2452 2177 petierint
2481 2105 2540 2160 in
2565 2103 2798 2160 nomine
2820 2121 2926 2160 suo
2949 2103 3150 2160 dicens
3174 2119 3187 2160 :
3213 2105 3288 2159 Et
3314 2119 3427 2160 non
3453 2101 3576 2158 dico

1923 2197 2055 2266 quia
2085 2196 2285 2263 rogabo
2315 2200 2538 2250 Patrem
2581 2210 2682 2265 pro
2713 2193 2880 2263 vobis,
2914 2195 3028 2264 ipse
3077 2197 3238 2249 Pater
3286 2198 3436 2248 amat
3459 2205 3572 2247 vos.

1923 2286 2004 2340 Ac
2025 2283 2073 2339 si
2096 2283 2288 2339 dicat:
2315 2285 2478 2338 Tune
2501 2283 2738 2355 quando
2762 2282 2970 2354 petatis
2994 2281 3223 2336 Patrem
3250 2281 3308 2336 in
3340 2278 3580 2336 nomine

1927 2389 2076 2440 meo,
2107 2371 2235 2427 dico
2266 2372 2406 2443 quia
2434 2389 2550 2428 non
2583 2371 2797 2444 rogabo
2825 2375 2963 2425 tunc
2993 2370 3223 2426 Patrem
3257 2385 3361 2440 pro
3389 2368 3578 2434 vobis,

1925 2467 2207 2532 tanquam
2259 2461 2474 2516 durum
2529 2461 2600 2515 ad
2661 2459 3021 2515 audiendum
3081 2475 3200 2514 vos.
3235 2457 3363 2530 Ipse
3419 2456 3582 2512 enim.

1928 2551 2096 2606 Pater
2125 2553 2284 2606 amat
2311 2566 2434 2614 vos,
2462 2549 2616 2604 sicut
2665 2553 2720 2604 et
2758 2564 2885 2620 ego,
2927 2551 2986 2602 et
3031 2546 3318 2619 propitius
3365 2544 3477 2602 erit
3506 2545 3578 2601 ad

1928 2639 2287 2696 audiendum
2318 2655 2440 2693 vos.
2465 2638 2627 2692 Patet
2656 2635 2853 2708 igitur,
2895 2635 3105 2690 fratres
3149 2635 3284 2702 mei,
3312 2650 3416 2707 per
3443 2649 3580 2689 con-

1927 2728 2198 2795 trarium,
2252 2725 2531 2798 quoniam
2591 2725 2690 2796 qui
2751 2723 3002 2790 divitias,
3034 2722 3123 2779 vel
3183 2722 3452 2790 honores,
3492 2720 3582 2778 vel

1931 2816 2153 2889 aliquid
2209 2814 2529 2888 temporale
2589 2813 2799 2886 petita
2831 2813 3017 2878 Patre,
3068 2829 3186 2867 non
3246 2809 3520 2884 petitilla
3549 2826 3586 2867 ο

1931 2906 2097 2961 Patre
2128 2904 2188 2960 in
2220 2904 2457 2960 nomine
2501 2903 2662 2968 Jesu,
2687 2902 2745 2957 id
2778 2903 2868 2957 est
2896 2901 2968 2956 ad
3001 2899 3252 2957 salutem
3281 2903 3580 2969 aeternam,

1932 2995 2034 3052 sed
2065 2993 2260 3066 potius
2309 2993 2380 3048 ad
2430 2991 2776 3064 explendam
2807 2989 3164 3046 voluntatem
3215 3005 3416 3057 suam;
3449 3003 3584 3061 pro-

1933 3084 2026 3140 cul
2060 3083 2235 3138 dubio
2285 3083 2344 3137 in
2397 3079 2502 3136 tali
2563 3079 2840 3153 petitione
2899 3080 3133 3148 durum,
3167 3081 3224 3134 et
3278 3075 3586 3133 difﬁcilem

242 3169 519 3242 Sequitur
549 3185 686 3240 pars
716 3168 993 3237 secunda,
1017 3167 1075 3223 in
1105 3185 1221 3240 qua
1251 3168 1510 3240 praedicit
1540 3168 1825 3225 Dominus
1856 3154 1899 3220 C
1937 3172 2192 3228 inveniet
2244 3172 2492 3226 Patrem.
2515 3170 2624 3225 Sed
2657 3168 2706 3225 si
2738 3169 2885 3224 forte
2915 3167 3140 3224 dederit
3184 3167 3236 3224 ei
3284 3165 3587 3238 requisita,

169 3258 497 3330 discipulis,
521 3257 755 3330 quando
785 3261 938 3314 recte
963 3258 1149 3314 scient
1181 3262 1393 3330 petere,
1417 3274 1551 3313 eum
1585 3258 1785 3314 subdit
1815 3291 1829 3341 ;

173 3349 326 3406 Venit
355 3348 490 3404 hora
513 3364 639 3404 cum
673 3348 797 3419 jam
831 3363 943 3404 non
973 3348 1034 3402 in
1056 3348 1361 3419 proverbiis
1411 3349 1607 3420 loquar
1652 3347 1829 3414 vobis,

169 3437 264 3494 sed
309 3437 504 3510 palam
545 3436 609 3492 de
654 3438 819 3492 Patre
866 3437 1208 3492 annuntiabo
1266 3436 1439 3492 vobis.
1474 3437 1603 3492 Haec
1661 3436 1827 3503 hora,

176 3527 407 3594 fratre,
442 3525 554 3580 fuit
600 3528 736 3597 post
772 3524 1177 3582 ascensionem
1232 3529 1291 3579 et
1338 3525 1594 3597 Spiritus
1645 3525 1831 3582 sancti

176 3614 541 3680 missionem,
565 3613 799 3686 quando
829 3613 930 3670 illa
958 3614 1136 3669 verba
1166 3631 1293 3685 qua:
1325 3613 1632 3686 discipulis
1665 3615 1832 3687 prius

177 3702 878 3776 minusintelligentibus,
903 3703 1133 3758 fuerant
1157 3703 1460 3774 proverbia
1490 3704 1662 3772 facta,
1690 3706 1835 3758 sunt

177 3793 252 3849 ad
283 3791 728 3865 intelligendum
776 3790 953 3864 plana
982 3795 1040 3848 et
1077 3796 1298 3864 aperta,
1332 3793 1574 3865 quando
1627 3796 1684 3848 et
1732 3809 1836 3864 per

175 3881 458 3955 Spiritum
485 3885 758 3940 sanctum
779 3881 851 3937 de
881 3880 1110 3938 arcanis
1147 3881 1250 3936 Dei
1294 3881 1500 3950 Patris,
1523 3881 1705 3936 Filius
1735 3897 1834 3936 eos

179 3971 357 4028 altius
385 3971 696 4028 instruxit:
723 3971 793 4026 de
825 3987 942 4042 qua
981 3970 1126 4026 hora
1155 3974 1213 4025 et
1244 3970 1446 4026 subdit
1471 3987 1482 4025 :
1510 3971 1573 4025 In
1603 3971 1701 4026 illo
1724 3969 1832 4037 die,

181 4063 243 4117 in
271 4063 496 4117 nomine
523 4075 638 4116 meo
675 4061 884 4132 petetis.
911 4060 1076 4114 Tunc
1104 4058 1263 4114 enim
1295 4061 1525 4114 tantum
1558 4062 1835 4113 aeternam

181 4147 556 4216 salutem,vel
589 4149 662 4204 ad
693 4165 822 4204 eam
854 4147 1442 4219 petierunt.Utinam,
1467 4147 1672 4202 fratres
1700 4146 1834 4216 mei,

181 4243 242 4298 et
259 4255 360 4295 vos
381 4242 440 4294 et
463 4255 591 4306 nos,
621 4236 904 4292 Dominus
937 4252 1038 4308 per
1068 4234 1348 4308 Spiritum
1372 4240 1640 4292 sanctum
1663 4253 1836 4292 suum

181 4327 344 4384 intus
383 4326 758 4383 invisibiliter
787 4325 1017 4382 erudire
1047 4325 1341 4397 dignetur,
1363 4329 1428 4380 ut
1456 4325 1631 4380 verba
1662 4341 1838 4381 sacris

183 4416 520 4488 Scriptum,
537 4431 666 4486 quin
687 4413 856 4470 nobis
887 4417 1028 4469 sunt
1048 4413 1218 4485 quasi
1240 4415 1492 4470 obscura
1513 4412 1836 4486 proverbia,

1939 3262 2101 3318 dabit
2131 3277 2198 3317 ea
2226 3260 2286 3315 in
2319 3260 2406 3315 ira
2453 3275 2582 3314 sua.
2617 3258 2726 3315 Sed
2760 3257 2898 3330 quid
2931 3261 3019 3313 est
3049 3272 3184 3313 cum
3230 3254 3540 3329 subjungit
3569 3269 3588 3310 :

1940 3353 2055 3423 ipse
2082 3357 2248 3406 Pater
2273 3357 2426 3404 amat
2455 3365 2564 3414 vos,
2588 3349 2719 3420 quia
2748 3363 2838 3403 vos
2857 3362 2942 3402 me
2963 3347 3206 3414 amastis,
3230 3352 3283 3402 et
3300 3343 3440 3416 quod
3458 3344 3591 3415 quia

1940 3459 1975 3496 a
2010 3445 2118 3496 Deo
2151 3441 2302 3495 exivi
2329 3437 2570 3494 creditis.
2603 3435 2880 3508 Nunquid
2911 3433 3183 3508 discipuli
3229 3433 3394 3506 prius
3441 3436 3590 3488 tem~

1941 3546 2080 3603 pore
2109 3528 2198 3584 vel
2229 3545 2407 3585 eausa
2445 3529 2788 3583 amaverunt
2827 3525 3157 3592 Dominum,
3183 3527 3239 3578 et
3266 3521 3396 3578 ideo
3428 3521 3595 3577 Pater

1943 3621 2102 3674 amat
2131 3620 2275 3673 eos?
2303 3617 2430 3672 Non
2474 3616 2681 3670 fratres
2712 3613 2825 3669 mei
2857 3612 2976 3668 imo
3007 3615 3154 3667 teste
3201 3611 3446 3678 Joanne,
3479 3611 3596 3681 Ipso

1937 3709 2096 3780 prior
2124 3724 2219 3762 nos
2249 3705 2446 3761 dilexit
2476 3706 2527 3772 (I
2553 3708 2738 3773 (Joan.
2765 3706 2862 3770 ιν).
2887 3702 3033 3768 Quia
3057 3716 3193 3773 ergo
3227 3699 3396 3756 Pater
3425 3697 3597 3754 disci-

1943 3796 2112 3869 pulos
2134 3795 2378 3862 amavit;
2403 3791 2674 3865 discipuli
2697 3797 2879 3847 Deum
2902 3791 3246 3846 amaverunt
3266 3792 3322 3844 et
3341 3787 3599 3844 credide-

1945 3882 2382 3940 runt.Causalis
2430 3881 2586 3937 enim
2617 3879 2952 3952 conjunctio
3001 3877 3296 3950 significat
3343 3875 3448 3942 ibi,
3479 3891 3598 3930 non

1946 3989 2184 4030 causam
2207 3970 2462 4036 essendi,
2477 3970 2580 4026 sed
2601 3985 2840 4024 causam
2864 3964 3419 4037 intelligendi.Quod
3440 3962 3597 4018 enim

1946 4060 2218 4133 discipuli
2247 4062 2590 4116 amaverunt
2621 4061 2678 4112 et
2707 4055 3081 4112 crediderunt
3111 4058 3316 4119 Deum,
3342 4068 3459 4107 non
3492 4049 3602 4107 fuit

1946 4156 2062 4207 Deo
2084 4166 2261 4205 causa
2281 4153 2347 4202 ut
2367 4163 2466 4203 eos
2483 4146 2770 4218 diligeret,
2789 4145 2891 4200 sed
2909 4142 3250 4199 hominibus
3268 4140 3379 4196 fuit
3399 4155 3600 4207 causa,

1949 4239 2089 4312 quia
2117 4236 2526 4293 intellexerunt
2547 4234 2700 4307 quod
2723 4239 2874 4290 Deus
2901 4249 3000 4289 eos
3023 4231 3276 4288 amabat.
3296 4230 3422 4286 Non
3443 4227 3602 4285 enim

1949 4334 2134 4384 Deum
2165 4327 2479 4399 potuerunt
2525 4340 2743 4391 amare,
2778 4322 2891 4378 nisi
2923 4327 3077 4378 Deus
3108 4337 3207 4377 eos
3237 4322 3514 4387 amasset,
3546 4320 3606 4373 et

1949 4417 2034 4474 eis
2053 4431 2312 4472 amorem
2337 4431 2513 4470 suum
2536 4412 2906 4485 inspirasset.
2932 4412 3114 4478 Exivi,
3137 4408 3348 4481 inquit,
3362 4425 3399 4464 a
3418 4413 3604 4476 Patre,

185 4506 330 4561 ﬁant
361 4503 530 4561 nobis
561 4502 756 4558 lucida
779 4506 836 4558 et
867 4507 1394 4574 aperta,quatenus
1423 4503 1494 4558 de
1525 4501 1624 4558 Dei
1656 4501 1842 4575 gloria
1874 4526 1919 4591 Β
1949 4515 1999 4564 ει
2025 4507 2152 4562 veni
2180 4507 2240 4560 in
2267 4503 2569 4570 mundum;
2598 4511 2648 4591 et
2691 4503 2899 4591 iterum
2945 4501 3198 4591 relinquo
3239 4497 3610 4591 mundum,_et

186 4599 248 4654 et
269 4593 579 4650 dulcedine
600 4591 777 4648 altius
805 4591 1106 4648 valeamus
1128 4591 1469 4664 intelligere,
1490 4596 1548 4647 et
1578 4608 1680 4664 per
1708 4609 1843 4648 con-

187 4682 631 4756 templationem
654 4681 986 4753 degustare,
1002 4685 1066 4736 ut
1086 4681 1361 4736 omnibus
1384 4680 1595 4752 spretis
1622 4686 1847 4754 tempo-

191 4771 436 4840 ralibus,
462 4787 590 4826 eam
621 4769 804 4826 solam
850 4765 1252 4826 desideremus
1283 4774 1338 4825 et
1369 4769 1724 4842 “agitemus,
1757 4769 1848 4825 di-

195 4864 394 4916 centes
423 4877 558 4918 cum
593 4857 902 4916 Psalmista
927 4875 939 4913 :
979 4859 1121 4928 Quid
1147 4861 1298 4914 enim
1329 4861 1469 4914 mihi
1495 4867 1573 4914 est
1603 4862 1664 4914 in
1697 4861 1846 4927 caelo,

196 4950 252 5006 ei
280 4966 313 5002 a
343 4956 390 5003 te
422 4948 553 5019 quid
579 4949 732 5005 volui
757 4964 922 5020 super
951 4951 1194 5004 terram?
1233 4950 1405 5017 (Psal.
1434 4952 1625 5016 Lxxn.)
1650 4949 1851 5016 Nemo,

203 5038 438 5104 fratres,
463 5036 522 5091 in
550 5036 784 5109 ingenio
808 5054 936 5104 suo,
963 5053 1137 5093 nemo
1158 5037 1228 5092 de
1259 5038 1452 5092 studio
1479 5055 1606 5105 suo,
1631 5043 1695 5094 ut
1724 5039 1854 5110 qui-

199 5127 340 5183 dam
374 5125 615 5191 faciunt,
640 5126 963 5198 scripturas
985 5125 1310 5199 intelligere
1333 5131 1648 5198 praesumat
1672 5144 1684 5182 :
1711 5130 1858 5193 Quo-

201 5217 361 5274 niam
393 5214 510 5272 nisi
532 5213 709 5272 clavis
735 5216 934 5284 David,
960 5233 1088 5288 qusa
1111 5216 1298 5288 aperit
1327 5221 1383 5271 et
1412 5233 1582 5271 nemo
1615 5215 1854 5286 claudit,

203 5305 423 5362 claudit
443 5308 500 5360 et
521 5321 692 5361 nemo
716 5305 902 5378 aperit
920 5306 1097 5378 (Apoc.
1120 5309 1223 5373 in),
1247 5304 1413 5360 nobis
1436 5305 1682 5376 aperiat,
1705 5305 1860 5361 clau—

1953 4595 2089 4651 vado
2111 4594 2180 4650 ad
2201 4599 2442 4649 Patrem.
2469 4594 2548 4647 Ac
2571 4590 2620 4647 si
2643 4590 2798 4646 dicat
2821 4607 2833 4645 :
2861 4589 2988 4646 Non
3013 4587 3230 4643 sufficit
3245 4584 3408 4641 vobis
3429 4583 3612 4640 credi-

1957 4685 2116 4741 disse
2151 4683 2304 4754 quod
2337 4681 2485 4737 exivi
2518 4698 2551 4736 a
2583 4681 2748 4735 Patre
2779 4695 2883 4751 per
2911 4681 3186 4733 aeternam
3219 4673 3610 4744 nativitatem,

1959 4773 2074 4830 nisi
2098 4777 2156 4827 et
2176 4771 2431 4828 credatis
2450 4786 2543 4825 me
2564 4768 2793 4824 venisse
2810 4767 2868 4822 in
2891 4767 3180 4821 mundum
3205 4780 3308 4836 per
3327 4767 3616 4834 tempora-

1958 4863 2074 4918 lem
2099 4861 2485 4924 nativitatem,
2511 4863 2569 4913 et
2600 4875 2693 4914 me
2725 4857 2935 4912 iterum
2969 4854 3300 4925 relinquere
3321 4851 3613 4906 mundum

1963 4969 2067 5025 per
2089 4949 2450 5022 corporalem
2484 4963 2801 5014 recessum,
2830 4949 2887 5000 et
2915 4944 3228 5000 ascendere
3271 4941 3343 4996 ad
3386 4940 3616 4996 Patrem

1965 5059 2068 5114 per
2116 5038 2475 5110 corporalem
2531 5033 2893 5091 ascensionis
2951 5031 3452 5106 gloriﬁcationem.
3500 5032 3618 5085 Hos

1965 5129 2121 5185 enim
2154 5144 2289 5183 cum
2339 5124 2561 5181 caeteris
2617 5121 2880 5179 articulis
2940 5121 3097 5189 ﬁdei,
3131 5120 3277 5177 ﬁdes
3334 5116 3622 5176 catholica

1967 5217 2165 5290 exigit,
2191 5221 2256 5271 ut
2287 5215 2596 5272 credamus
2617 5213 2644 5268 ?

2039 5306 2315 5378 Sequitur
2336 5321 2471 5374 qars
2496 5305 2725 5374 quarta,
2746 5300 2806 5356 in
2833 5318 2948 5374 qua
2968 5298 3242 5373 discipuli
3267 5295 3629 5368 respondent

204 5411 309 5452 sus
339 5393 450 5449 erit
488 5393 658 5448 nobis
709 5398 1048 5450 sanctarum
1093 5393 1243 5448 liber
1290 5393 1726 5464 Scripturarum
1753 5411 1766 5450 :
1794 5395 1864 5449 Et
1971 5398 2044 5452 ad
2066 5397 2174 5452 hoc
2200 5396 2355 5468 quod
2378 5392 2663 5449 Dominus
2685 5407 2747 5446 se
2777 5391 2837 5446 in
2862 5390 3188 5465 proverbiis
3216 5389 3485 5446 locutum
3505 5397 3636 5439 esse

205 5482 406 5540 clausa
426 5483 539 5539 erit
556 5481 728 5538 nobis
748 5483 1165 5556 contemplatio
1187 5482 1396 5538 divinae
1418 5481 1766 5553 dulcedinis,
1793 5484 1864 5540 de
1974 5485 2216 5550 dixerat,
2237 5488 2296 5540 et
2323 5485 2632 5538 venturam
2661 5479 2888 5550 horam,
2912 5480 2972 5536 in
3011 5495 3131 5552 qua
3159 5496 3280 5536 non
3309 5474 3379 5529 in
3408 5485 3640 5542 prove?-

207 5587 325 5647 qua
344 5570 428 5628 ait
449 5569 760 5629 Psalmista
783 5587 796 5627 :
823 5571 996 5640 Quam
1017 5589 1220 5644 magna
1247 5572 1541 5629 multitudo
1563 5571 1866 5632 dulcedinis
1974 5573 2110 5646 biis,
2135 5575 2239 5633 sed
2273 5572 2469 5649 palam
2500 5571 2587 5629 eis
2616 5568 2953 5644 loqueretur
2984 5585 3000 5626 :
3031 5568 3190 5640 Ecce,
3221 5559 3534 5635 ὶηειῑιὶιιιὶῖν
3559 5567 3654 5627 P‘l’

573 5698 840 5762 Panos.
889 5698 1057 5763 CLV.
3262 5687 3358 5756 5°
