3982 6082
385 287 540 351 1899

1374 285 1772 346 ADDENDA.
1821 317 1898 327 —
1942 281 2338 344 RADULPHI
2381 283 2796 346 ARDENTIS.

3647 281 3836 342 1900

386 422 499 478 lam
522 419 778 491 loqueris,
811 427 862 474 et
899 419 1248 490 proverbium
1295 420 1510 472 uultum
1556 417 1714 472 dicis.
1749 417 2033 482 Quoniam
2062 416 2117 482 Α
2147 414 2356 471 risibili
2386 421 2622 488 peccata
2649 419 2975 472 renarrant.
3001 415 3111 471 Sed
3155 413 3236 470 illi
3268 415 3526 487 profecto
3560 421 3838 488 peccata

385 525 640 581 namque
662 507 930 580 discipuli
955 507 1296 562 exteriorem
1319 507 1626 562 verborum
1650 506 1880 562 Domini
1907 506 2030 578 pla-

385 598 592 655 nitiem
613 595 1039 668 intelligebant,
1055 597 1339 668 putabant
1359 596 1487 668 ipsa
1503 597 1676 652 verba
1692 595 1866 668 plana
1881 613 2029 664 esse,

386 691 444 743 et
462 685 682 742 nullius
705 685 1046 742 subtilitatis
1069 685 1524 757 profunditatem
1550 687 1863 741 continere.
1889 687 2034 750 Quo-

387 792 518 831 rum
551 774 729 830 etiam
761 773 933 829 hodie
965 778 1102 829 sunt
1124 773 1367 842 similes,
1393 774 1492 846 qui
1513 775 1697 830 solam
1721 775 2032 846 Scripturze

387 881 564 921 sacrae
595 863 964 934 superficiem
992 863 1379 928 attendentes,
1403 863 1565 918 nulla
1594 868 1806 936 putant
1836 863 1916 918 ibi
1949 881 2033 918 ar-

385 969 665 1009 canorum
687 952 963 1024 mysteria
984 951 1287 1007 contineri.
1303 953 1413 1008 Sed
1437 953 1738 1024 Scriptura
1758 970 1923 1008 sacra
1954 953 2034 1008 ita

386 1045 478 1098 est
505 1041 1018 1114 temperata,quod
1049 1041 1108 1096 in
1137 1058 1204 1096 ea
1235 1046 1426 1113 potest
1455 1047 1512 1097 et
1537 1042 1812 1114 parvulus
1835 1043 2035 1097 ambu-

385 1129 528 1199 lare,
543 1135 600 1186 et
621 1129 786 1203 gigas
817 1135 1036 1185 natare.
1059 1131 1122 1184 ln
1145 1147 1213 1185 ea
1231 1147 1334 1202 per
1353 1131 1694 1186 exteriorem
1727 1131 2031 1187 historiam

384 1218 476 1276 vel
501 1218 892 1275 moralitatem
919 1224 1244 1291 pascuntur
1273 1220 1466 1287 rudes,
1491 1225 1548 1275 et
1577 1237 1680 1292 per
1698 1219 2032 1277 interiorem

387 1307 726 1380 allegoriam
776 1312 1116 1364 exercentur
1157 1309 1469 1380 sapientes.
1500 1309 1652 1364 Nunc
1697 1311 1920 1377 scimus,
1952 1311 2036 1365 in-

392 1397 625 1470 quiunt,
649 1399 781 1470 quia
810 1399 915 1453 scis
945 1400 1152 1462 omnia,
1185 1406 1235 1453 et
1270 1415 1380 1453 non
1423 1416 1554 1470 opus
1583 1406 1661 1454 est
1689 1401 1794 1454 tibi
1821 1407 1882 1454 ut
1912 1402 2035 1470 quis

388 1495 440 1543 te
468 1487 786 1555 interroget.
809 1486 874 1540 In
896 1486 996 1542 hoc
1010 1485 1300 1554 credimus,
1325 1489 1458 1558 quia
1482 1505 1517 1542 (ι
1545 1489 1650 1543 Deo
1677 1490 1861 1544 existi.
1891 1488 2037 1554 Quia

391 1590 648 1647 namque
672 1573 954 1632 Dominus
979 1592 1077 1631 eos
1099 1575 1170 1630 de
1196 1575 1320 1630 suis
1342 1575 1616 1631 omnibus
1649 1576 2034 1632 dubitationi-

389 1664 503 1721 bus
523 1680 640 1720 non
675 1663 868 1720 solum
896 1665 1242 1733 instruebat,
1270 1666 1369 1720 sed
1391 1666 1568 1722 etiam
1591 1666 2036 1740 interroganles,

2142 521 2250 560 sua
2281 521 2396 560 non
2429 506 2797 574 confitentur,
2831 505 2928 561 sed
2974 504 3170 578 potius
3199 505 3543 576 praedicant.
3580 504 3839 560 Dicitur

2142 598 2338 649 autem
2373 594 2660 650 confessio
2691 594 2859 666 quasi
2891 593 3222 650 communis
3252 594 3451 665 fassio,
3476 599 3545 650 ut
3579 594 3840 650 scilicet

2142 683 2333 750 corde,
2359 699 2474 751 ore,
2499 700 2670 755 opere
2711 685 3094 740 conﬁteamur
3143 700 3248 739 nos
3296 700 3607 756 peccasse;
3633 683 3836 740 corde

2141 773 2552 844 pmniteamus,
2586 789 2683 828 ore
2715 790 2819 828 nos
2863 789 3229 841 accusemus,
3263 789 3434 844 opere
3465 772 3834 829 satisfacia-

2143 877 2296 916 mus.
2321 862 2424 917 Est
2453 866 2648 917 autem
2681 863 2967 918 confessio
3026 863 3170 918 adeo
3212 863 3381 918 nobis
3437 863 3826 928 necessaria,

2142 951 2296 1022 quod
2332 967 2434 1022 per
2463 967 2592 1005 eam
2624 955 2863 1023 peccata
2901 955 3101 1006 nostra
3148 951 3547 1018 dimittantur,
3587 957 3650 1006 et
3683 951 3829 1006 sine

2141 1056 2210 1094 ea
2235 1056 2351 1094 non
2374 1039 2768 1095 dimittantur.
2785 1041 2947 1106 Quod
2979 1057 3081 1112 per
3099 1040 3526 1096 confessionem
3561 1046 3827 1114 peccata

2143 1127 2537 1194 dimittantur,
2551 1133 2792 1201 apparet
2817 1129 2876 1183 in
2907 1128 3218 1198 David,cui
3247 1146 3383 1185 cum
3414 1135 3824 1186 accusaretur

2143 1233 2176 1272 a
2196 1216 2423 1272 Nathan
2447 1217 2732 1289 prepheta
2752 1218 2823 1272 de
2847 1217 3132 1273 adulterio
3155 1235 3288 1273 cum
3307 1219 3618 1287 Betsabee,
3637 1223 3701 1274 et
3727 1236 3820 1275 ec-

2143 1304 2362 1360 cisione
2380 1305 2486 1360 viri
2510 1307 2658 1377 ejus,
2687 1322 2790 1378 per
2814 1307 3158 1379 paradigma
3176 1307 3374 1364 divitis
3397 1312 3650 1364 centum
3674 1326 3818 1365 oves

2143 1393 2434 1462 habentis,
2459 1399 2515 1449 et
2544 1394 2733 1450 vicino
2777 1395 3018 1467 pauperi
3071 1396 3304 1452 unicam
3356 1397 3664 1453 oviculam
3716 1416 3819 1454 ra-

2145 1481 2376 1553 pientis,
2392 1486 2694 1552 peccatum
2714 1500 2889 1538 suum
2907 1500 3100 1539 coram
3124 1485 3402 1540 omnibus
3421 1503 3542 1541 non
3567 1487 3826 1542 erubuit

2144 1569 2408 1626 confiteri
2433 1570 2633 1627 dicens
2659 1589 2672 1627 :
2698 1575 2926 1628 Peccavi
2949 1590 3134 1629 coram
3162 1575 3391 1631 Domino
3421 1577 3498 1644 (II
3525 1578 3666 1646 Reg.
3691 1581 3782 1644 XI)
3805 1594 3818 1604 ·

2149 1664 2205 1714 et
2233 1660 2316 1714 ait
2346 1677 2480 1715 mox
2529 1659 2580 1715 ei
2632 1661 2916 1717 Dominus
2948 1679 3050 1734 per
3077 1662 3455 1735 prophetam;
3503 1666 3824 1720 Transtulit

391 1769 542 1827 quas
565 1752 774 1810 facturi
803 1757 990 1822 erant,
1016 1755 1420 1826 respondendo
1451 1755 1854 1827 praeveniebat,
1877 1760 1934 1811 et
1963 1757 2032 1811 ad
2074 1789 2122 1854 B
2154 1751 2424 1849 Dominus
2454 1767 2488 1804 a
2520 1759 2602 1854 tem
2611 1757 2890 1854 peccatum
2932 1759 3089 1852 tuum
3136 1753 3362 1854 (ibiut):
3387 1753 3570 1854 Ecce,.
3607 1755 3828 1853 fratres

391 1840 672 1910 occultas,
711 1840 1090 1914 cogitationes
1133 1844 1538 1915 respondebat,
1565 1845 1648 1900 sic
1680 1862 1814 1900 eum
1847 1845 2047 1900 omnia

391 1931 624 2002 scire,et
640 1947 674 1985 a
692 1935 804 1986 Deo
822 1931 1175 1986 confitentur
1194 1932 1440 1988 venisse.
1456 1933 1536 1987 Ad
1555 1933 1812 1988 occultas
1829 1933 2045 2006 quippe

389 2019 774 2093 cogitationes
824 2023 881 2076 et
928 2020 1326 2076 dubitationes
1375 2024 1748 2094 respondere,
1782 2023 2042 2078 divinum

392 2113 507 2176 est,
533 2126 648 2163 non
679 2108 1028 2164 humanum.
1054 2109 1215 2163 Unde
1238 2114 1294 2164 et
1316 2111 1385 2164 ad
1419 2129 1551 2166 eum
1585 2129 1687 2184 per
1711 2112 2042 2183 Sapientem

392 2197 644 2254 dicitur:
675 2200 750 2253 Tu
794 2199 943 2253 solus
977 2201 1119 2254 nosti
1164 2200 1327 2254 corda
1371 2201 1616 2269 ﬁliorum
1661 2201 1945 2255 hominum
1973 2201 2048 2270 (II

391 2287 524 2342 Par.
557 2287 657 2359 γι).
683 2287 830 2353 Quia
875 2303 1032 2359 ergo,
1067 2288 1275 2344 fratres
1307 2288 1441 2356 mei,
1477 2290 1815 2361 ubicunque
1864 2289 2044 2346 latea-

398 2378 704 2443 mus,ante
724 2375 923 2431 oculos
945 2375 1153 2430 divina:
1189 2377 1512 2448 majestatis
1544 2379 1880 2451 sumus,qui
1903 2396 2045 2452 ope-

393 2480 479 2530 ra,
493 2463 668 2532 dicta,
684 2464 1086 2537 cogitationes,
1106 2469 1162 2521 et
1177 2465 1502 2538 voluptates
1520 2471 2045 2540 quantumcunque

393 2551 674 2619 occultas,
707 2552 1060 2625 speculatur.
1103 2553 1410 2626 Propterea
1460 2573 1674 2629 magna
1723 2556 1912 2612 indita
1957 2560 2046 2612 est

375 2641 564 2698 nobis
597 2642 916 2698 necessitas
962 2641 1205 2699 honeste
1255 2646 1656 2714 conversandi,
1683 2647 1960 2717 quoniam
1994 2647 2042 2702 si

393 2730 798 2787 erubescimus
850 2731 1070 2804 aliquid
1103 2737 1274 2806 turpe
1307 2734 1496 2790 dicere
1540 2734 1628 2790 vel
1675 2736 1861 2792 facere
1910 2740 2044 2793 ante

394 2819 592 2876 oculos
615 2821 768 2893 regis
789 2821 877 2877 vel
907 2821 1188 2894 principis
1209 2824 1442 2890 terreni,
1462 2829 1678 2896 quanto
1702 2825 1890 2898 magis
1912 2832 2046 2883 ante

394 2909 594 2966 oculos
636 2909 738 2965 Dei
783 2911 1203 2983 omnipotentis
1257 2912 1475 2985 aliquid
1525 2917 1694 2986 turpe
1742 2916 1927 2970 facere
1957 2915 2044 2972 vel

392 2997 584 3055 dicere
615 2999 896 3056 debemus
946 3001 1328 3057 erubescere?
1372 3003 1793 3076 Abstergamus
1841 3005 2040 3077 igitur,

391 3085 602 3142 fratres
633 3087 770 3153 mei,
803 3088 1034 3144 fletibus
1065 3089 1435 3162 pcenitentiaa,
1464 3097 1796 3148 nostrorum
1841 3096 2042 3151 sordes

2159 1837 2294 1904 mei,
2319 1838 2450 1910 quis
2472 1839 2724 1894 sufficiat
2745 1856 2991 1911 pensare
3011 1840 3232 1897 viscera
3252 1841 3457 1897 divinae
3489 1843 3832 1899 misericor-

2157 1927 2394 1998 dize,qui
2414 1929 2484 1982 ad
2505 1927 2689 1983 solam
2710 1928 3134 1985 confessionem
3152 1935 3390 2002 peccata
3402 1935 3460 1986 et
3479 1936 3607 1986 tam
3627 1933 3833 2003 gravia

2157 2016 2424 2072 destruit.
2449 2016 2594 2071 Hinc
2625 2017 2748 2088 ipse
2781 2018 2956 2073 David
2981 2018 3123 2074 dicit
3147 2037 3158 2074 :
3185 2021 3357 2075 Diri:
3383 2021 3706 2090 Conﬁtebor
3735 2021 3833 2076 ad-

2155 2123 2371 2161 versum
2396 2124 2481 2162 me
2523 2108 2853 2177 injustitiam
2901 2125 3079 2164 meam
3128 2111 3356 2165 Domino
3383 2119 3433 2166 et
3462 2121 3524 2166 tu
3557 2115 3835 2167 remisisti

2155 2197 2485 2266 impietatem
2523 2198 2732 2267 peccati
2774 2199 2886 2252 mei
2913 2199 3082 2269 (Psal.
3107 2199 3281 2268 xxxx).
3306 2200 3472 2266 Quod
3505 2217 3650 2256 vero
3705 2201 3828 2256 sine

2155 2285 2518 2340 confessione
2548 2284 2786 2341 habenti
2827 2290 3062 2358 tempus
3105 2287 3157 2342 ei
3201 2287 3394 2344 locum
3427 2295 3682 2361 peccata
3711 2308 3824 2346 non

2155 2373 2810 2440 dimittantur,ostendit
2825 2375 3110 2448 propheta
3125 2393 3260 2432 cum
3274 2377 3442 2434 dicit:
3461 2379 3566 2434 Dic
3584 2388 3650 2434 tu
3663 2383 3824 2452 prius

2153 2464 2474 2534 iniquitates
2504 2470 2644 2532 tuas,
2676 2472 2728 2518 et
2748 2464 3071 2535 justiﬁceris
3101 2467 3230 2536 (Isa.
3257 2467 3439 2538 mu).
3459 2469 3534 2524 Et
3553 2468 3820 2540 philoso-

2154 2551 2388 2624 phusm
2416 2551 2474 2607 Si
2507 2569 2762 2624 operam.
2816 2551 3030 2626 inquit,
3081 2555 3429 2612 medicantis
3482 2562 3814 2630 exspectas,

2154 2645 2381 2713 oportet
2413 2645 2476 2695 ut
2505 2640 2718 2696 vulnus
2751 2641 3008 2715 detegas.
3035 2665 3063 2692 »
3091 2644 3192 2699 Cui
3227 2645 3350 2700 fieri
3382 2645 3562 2702 debet
3595 2648 3820 2704 confes-

2155 2731 2280 2786 sio?
2301 2730 2600 2786 Confessio
2631 2730 3027 2787 eriminalium
3058 2733 3228 2788 debet
3257 2735 3382 2790 fieri
3408 2737 3736 2804 sacerdoti,
3767 2743 3821 2793 et

2155 2819 2630 2890 nominatim,qui
2649 2819 2811 2875 solus
2833 2819 3007 2876 habet
3029 2826 3376 2894 potestatem
3394 2823 3629 2897 ligandi
3648 2831 3820 2900 atque

2155 2907 2436 2975 solvendi,
2462 2908 2612 2964 sicut
2633 2913 2690 2964 et
2719 2908 2892 2982 lepraa
2916 2910 3209 2981 judicium
3234 2912 3374 2969 solis
3405 2916 3820 2971 sacerdotibus

2152 2997 2213 3054 in
2245 2997 2370 3070 lege
2401 3003 2524 3054 erat
2552 2999 2957 3054 commissum.
2984 3000 3281 3057 Confessio
3325 3019 3458 3058 vero
3491 3004 3820 3060 venialium

2155 3087 2504 3143 alterutrum
2549 3092 2606 3143 et
2653 3088 2909 3157 cuilibet,
2945 3089 3120 3145 etiam
3153 3091 3385 3160 minori,
3419 3097 3624 3164 potest
3673 3095 3818 3164 ﬁeri,

393 3179 787 3247 peccatorum,
809 3176 1172 3250 corrigamus
1187 3179 1364 3234 vitam
1389 3185 1670 3247 nostram,
1691 3186 1748 3237 et
1767 3185 2033 3240 emunde-

2155 3176 2434 3248 quoniam
2453 3176 2945 3248 proptervcnialia
2961 3195 3074 3234 non
3095 3186 3400 3252 separatur
3420 3181 3606 3238 homo
3625 3201 3664 3238 a
3682 3185 3816 3253 Deo,

393 3279 527 3320 mus
545 3263 960 3320 conscientiam
983 3271 1266 3322 nostram.
1291 3270 1444 3324 Beati
1463 3269 1618 3324 enim
1640 3271 1843 3328 mundo
1863 3273 2040 3342 corde,

391 3353 650 3426 quoniam
695 3355 806 3424 ipsi
829 3356 936 3410 soli
979 3357 1147 3411 Deum
1176 3356 1435 3414 videbunt
1467 3358 1672 3428 (Matth.
1695 3362 1770 3432 v).
1795 3361 2041 3418 Oremus

390 3439 791 3514 igituripsum
814 3448 1105 3514 quatenus
1136 3443 1261 3515 ipse
1292 3447 1393 3518 qui
1423 3447 1581 3504 solus
1604 3453 1811 3521 potest,
1838 3467 2042 3508 emun-

393 3529 495 3585 det
522 3546 622 3586 cor
651 3534 940 3599 nostrum,
965 3537 1032 3587 ut
1060 3533 1256 3604 ipsum
1281 3534 1340 3588 in
1363 3537 1534 3591 corde
1565 3555 1672 3592 suo
1701 3538 1894 3594 videre
1928 3557 2045 3596 me-

393 3632 647 3686 reamur,
681 3635 785 3690 per
813 3620 1013 3675 omnia
1041 3621 1254 3676 saecula
1282 3623 1648 3680 saeculorum.
1681 3628 1885 3684 Amen.

945 3724 1251 3781 HOMILIA
1292 3727 1479 3782 LXIV.

915 3813 975 3851 IN
1015 3814 1236 3853 LITANIA
1285 3816 1513 3855 MAJORI.

459 3879 806 3952 Conﬁtemini
819 3884 1150 3941 alterutrum
1159 3897 1382 3958 peccata
1399 3899 1578 3946 vestra
1590 3933 1602 3956 ,
1617 3900 1668 3947 et
1683 3901 1832 3950 orate
1841 3910 1942 3965 pro
1961 3898 2043 3951 in.-

384 3970 559 4027 vicem
589 3979 652 4027 ut
678 3973 974 4030 saivemiui
993 3977 1125 4042 (Jac.
1141 3979 1218 4044 v),
1241 3981 1349 4032 etc.
1370 3979 1454 4033 Ad
1485 3979 1597 4034 tria
1629 3981 1799 4050 bona,
1831 3983 2041 4041 fratres

382 4059 519 4129 mei,
539 4076 646 4116 nos
667 4059 935 4118 hortatur
955 4064 1277 4136 apostolus,
1299 4066 1356 4121 in
1382 4066 1490 4122 hac
1518 4068 1786 4137 lectione,
1813 4073 1885 4127 ad
1911 4090 2041 4128 mu-

380 4149 547 4204 tuam
566 4149 836 4207 videlicet
851 4153 1299 4223 confessionem,
1316 4155 1388 4210 ad
1409 4161 1677 4213 mutuam
1694 4161 2038 4231 orationem,

381 4238 440 4292 et
458 4236 532 4292 ad
555 4241 822 4295 mutuam
839 4241 1436 4300 correctionem.Sunt
1453 4251 1650 4302 autem
1674 4247 1795 4304 haec
1813 4249 1925 4305 tria
1947 4251 2042 4311 bo.

380 4339 479 4391 na,
493 4323 708 4398 magna
724 4344 918 4384 coram
939 4329 1074 4397 Deo,
1093 4335 1151 4386 et
1166 4330 1332 4387 valde
1351 4334 1520 4390 nobis
1543 4338 2042 4394 necessaria.Con-

380 4413 557 4470 fessio
579 4415 796 4489 quippe
817 4419 1148 4476 necessaria
1169 4425 1259 4476 est
1287 4422 1749 4496 nobismetipsis,
1772 4427 1953 4484 oratio
1985 4433 2042 4484 et

2150 3265 2265 3321 nisi
2282 3264 2436 3320 ultra
2448 3265 2687 3320 modum
2713 3282 2816 3338 per
2839 3266 3126 3323 incuriam
3141 3270 3397 3337 excedat,
3414 3270 3576 3327 sicut
3587 3290 3702 3330 nec
3719 3290 3818 3346 per

2150 3354 2406 3410 scabiem
2435 3353 2524 3409 vel
2555 3371 2657 3426 per
2683 3354 3106 3429 impetiginem,
3140 3357 3354 3430 aliquis
3385 3359 3445 3414 in
3477 3359 3614 3434 lege
3646 3380 3813 3436 sepa-

2151 3444 2393 3499 rabatur
2413 3459 2447 3498 a
2466 3442 2694 3499 castris.
2717 3444 2808 3499 Fit
2823 3449 3018 3500 autem
3040 3446 3161 3501 haec
3182 3447 3492 3516 confessio,
3513 3467 3638 3506 non
3657 3453 3810 3524 quod

2151 3533 2339 3604 possit
2369 3549 2403 3587 a
2432 3531 2684 3604 peccatis
2729 3532 3048 3603 absolvere,
3069 3535 3172 3591 sed
3201 3535 3342 3608 quia
3382 3544 3633 3612 propter
3679 3560 3812 3615 pro-

2151 3620 2338 3692 priam
2368 3620 2932 3693 humiliationem,et
2949 3628 3318 3694 peccatorum
3345 3631 3698 3686 nostrorum
3730 3648 3810 3687 ac-

2152 3709 2534 3778 cusationem,
2551 3714 2608 3765 et
2629 3709 2826 3766 fratris
2847 3711 3188 3781 orationem,
3210 3715 3577 3772 mundamur
3605 3736 3644 3773 ει
3677 3735 3808 3791 pee-

2151 3798 2316 3854 catis.
2333 3799 2495 3855 Unde
2520 3802 2577 3854 et
2597 3816 2711 3854 non
2735 3799 2987 3857 dicimus
3007 3817 3054 3856 :«
3079 3803 3196 3874 Ego
3221 3803 3454 3860 dimitto
3475 3806 3588 3861 tibi
3613 3825 3810 3880 pecca-

2151 3891 2211 3943 ta
2241 3891 2394 3955 tua,»
2423 3888 2524 3943 sed
2555 3887 2807 3944 dicimus
2831 3890 3049 3945 orando
3075 3907 3087 3945 :
3112 3893 3430 3948 Misereatur
3448 3897 3539 3950 tui
3558 3900 3809 3970 omnipo-

2151 3985 2264 4033 tens
2301 3979 2460 4044 Deus,
2486 3980 2594 4034 etc.
2619 3977 2858 4042 Quando
2917 3979 3088 4034 debet
3132 3981 3256 4036 ﬁeri
3307 3983 3600 4040 confessio
3650 3985 3810 4042 haec?

2152 4066 2322 4121 Omni
2356 4070 2615 4137 tempore
2647 4083 2760 4138 quo
2792 4083 2898 4122 nos
2930 4085 3203 4138 peccasse
3235 4071 3806 4143 cognoscimus.Sive

2151 4155 2307 4210 enim
2338 4155 2516 4221 domi,
2541 4155 2659 4211 sive
2690 4156 2746 4210 in
2781 4173 2939 4228 agre,
2966 4157 3084 4213 sive
3112 4157 3171 4213 in
3201 4159 3313 4226 via,
3339 4177 3681 4232 peccavero,
3705 4165 3805 4220 de-

2151 4244 2256 4299 beo
2288 4243 2485 4298 statim
2517 4244 2708 4300 dicere
2738 4245 2901 4300 fratri
2936 4245 3036 4317 qui
3068 4263 3299 4302 mecum
3323 4253 3411 4304 est
3439 4266 3452 4304 :
3479 4273 3510 4300 «
3548 4252 3799 4322 peccavi,

2149 4349 2251 4388 ora
2281 4349 2384 4405 pro
2415 4349 2526 4387 me.
2547 4355 2574 4382 ››
2596 4333 2703 4398 Qui
2736 4333 2785 4388 si
2817 4351 2932 4388 non
2956 4334 3158 4402 aderit,
3183 4336 3364 4392 debeo
3385 4339 3654 4394 conﬁteri
3693 4342 3800 4397 Deo

2149 4421 2348 4477 dicens
2373 4439 2385 4477 :
2414 4443 2440 4470 «
2464 4421 2729 4488 Domine,
2776 4423 3027 4493 peccavi,
3073 4423 3348 4482 miserere
3377 4427 3511 4483 mei.
3540 4451 3569 4479 ››
3591 4428 3798 4486 Preci-

382 4503 661 4560 correetio
683 4507 852 4563 nobis
870 4510 927 4563 et
947 4507 1098 4563 aliis.
1122 4509 1226 4564 Per
1248 4515 1516 4566 mutuam
1541 4513 1695 4568 enim
1720 4516 2036 4573 confessio-
2067 4532 2113 4596 D
2149 4528 2282 4584 p118,
2316 4511 2546 4578 fratres,
2580 4509 2638 4564 in
2679 4510 2868 4582 Prima
2898 4512 3014 4568 diei
3053 4513 3217 4580 hora,
3251 4515 3534 4572 debemus
3565 4520 3798 4575 confess

382 4607 517 4648 nem
540 4594 932 4666 nosmetipsos
953 4598 1332 4666 mandamus,
1348 4604 1405 4654 et
1427 4617 1528 4672 per
1542 4606 1808 4659 mutuam
1829 4606 2036 4662 oratio-

380 4697 516 4737 nem
547 4699 654 4739 nos
685 4685 1124 4756 coadjuvamus.
1146 4687 1252 4742 Per
1290 4693 1556 4746 mutuam
1588 4694 2026 4766 correctionem,

380 4769 528 4826 alter
547 4771 798 4829 alterum
831 4774 946 4830 Deo
977 4774 1398 4833 lucrifaeimus.
1422 4779 1595 4835 Porro
1617 4783 1690 4836 ad
1712 4784 2029 4852 confessio-

378 4875 515 4915 nem
539 4878 643 4918 nos
662 4867 861 4918 monet
878 4879 1011 4919 cum
1029 4865 1196 4920 dicit:
1215 4867 1561 4938 Con/itemini
1574 4872 1899 4928 alterutrum
1913 4891 2033 4946 pec-

376 4953 500 5000 cata
523 4956 717 5004 vestra.
739 4949 958 5016 Videte,
985 4952 1193 5008 fratres
1226 4953 1360 5021 mei,
1377 4955 1516 5025 quid
1542 4957 1619 5012 sit
1639 4960 1948 5031 confessio,
1973 4970 2031 5018 et

375 5034 533 5088 unde
561 5036 806 5105 dicatur,
843 5047 1127 5111 quantum
1171 5042 1248 5097 sit
1288 5045 1742 5114 necessaria,cui
1771 5051 1893 5104 fieri
1927 5052 2030 5106 de-

376 5121 596 5189 beat,et
617 5127 942 5196 quando,et
968 5133 1390 5201 quomodo.l£st
1415 5139 1608 5189 autem
1631 5139 1916 5195 confessio
1939 5140 2034 5196 ﬂe-

378 5208 515 5264 bilis
547 5213 915 5283 propriorum
946 5223 1316 5289 peccatorum
1341 5223 1647 5279 enarratio.
1675 5225 1803 5282 Haec
1834 5233 2029 5285 autem

378 5296 590 5354 ﬂebilis
620 5316 749 5356 esse
779 5303 968 5371 debet,
993 5308 1270 5377 quoniam
1301 5311 1401 5381 qui
1441 5313 1512 5366 ad
1545 5314 1914 5384 jactantiam,
1938 5319 2025 5375 vel

377 5385 451 5442 ad
483 5385 930 5448 delectationem
962 5402 1197 5466 peccata
1228 5416 1337 5454 sua
1370 5400 1562 5468 refert,
1594 5420 1709 5458 non
1742 5411 1906 5462 curat
1935 5424 2021 5476 ea,

377 5473 480 5530 sed
512 5481 706 5568 auget.
738 5481 809 5537 Et
837 5480 968 5549 hoc,
995 5483 1201 5542 fratres
1234 5486 1366 5554 mei,
1400 5495 1601 5546 contra
1629 5491 1761 5549 illos
1791 5499 1898 5562 est,
1923 5473 2021 5568 qui

375 5566 612 5648 peccata
641 5582 768 5643 sua,
792 5587 908 5630 non
929 5589 1063 5633 cum
1090 5573 1298 5632 habitu
1319 5575 1516 5649 ﬂebili,
1541 5581 1640 5635 sed
1669 5583 1864 5655 potius
1887 5566 2019 5642 cum

2145 4601 2371 4656 sionem
2394 4600 2580 4655 facere
2601 4600 2672 4655 de
2695 4599 2786 4655 his
2809 4617 2938 4672 quae
2961 4601 3020 4656 in
3053 4608 3220 4659 nocte
3239 4604 3622 4677 deliquimus.
3649 4613 3706 4664 et
3735 4609 3792 4663 in

2141 4687 2515 4761 eompleterio
2539 4688 2608 4743 de
2639 4687 2732 4744 his
2755 4706 2880 4761 quae
2913 4690 2971 4744 in
2993 4690 3086 4747 die
3105 4693 3498 4764 peccavimus.
3529 4695 3594 4750 Et
3619 4698 3796 4752 maxi-

2140 4795 2233 4834 me
2264 4779 2491 4845 fratres,
2525 4778 2757 4849 quando
2797 4780 3068 4836 accedere
3097 4781 3370 4839 volumus
3420 4785 3490 4839 ad
3547 4785 3790 4844 missam

2139 4865 2226 4923 vel
2257 4869 2328 4922 ad
2362 4865 2518 4922 aliud
2553 4871 2987 4924 sacramentum
3017 4869 3453 4941 celebrandum,
3485 4873 3577 4929 vel
3607 4877 3793 4931 susci-

2139 4957 2440 5029 piendum,
2465 4973 2568 5027 per
2589 4956 3015 5014 confessionem
3040 4975 3146 5015 nos
3178 4962 3464 5018 mundare
3485 4963 3793 5022 debemus.

2140 5047 2273 5112 Quae
2305 5045 2591 5100 confessio
2614 5046 2759 5100 bene
2782 5046 3145 5120 significatur
3177 5067 3279 5121 per
3309 5050 3532 5106 labium
3568 5070 3792 5110 aeneum

2141 5133 2202 5188 in
2223 5133 2368 5206 lege,
2385 5134 2539 5205 quod
2563 5134 2756 5205 posuit
2779 5136 3007 5208 Moyses
3028 5138 3101 5193 ad
3127 5125 3432 5194 introitum
3450 5140 3794 5198 tabernacu-

2138 5221 2199 5290 li,
2221 5223 2280 5277 in
2311 5239 2426 5294 quo
2455 5224 2837 5280 sacrificaturi
2869 5243 3080 5283 manus
3111 5229 3518 5284 amandarent.
3545 5231 3790 5295 Quomo-

2137 5313 2210 5368 do
2241 5312 2502 5368 conﬁteri
2541 5313 2861 5370 debemus?
2895 5315 3040 5370 Cum
3090 5318 3283 5373 cordis
3313 5321 3786 5390 compunctione,

2135 5419 2268 5458 cum
2291 5401 2483 5457 vultus
2515 5401 3017 5470 humilitate,cum
3047 5405 3298 5478 pectoris
3329 5408 3630 5475 tunsione,
3655 5427 3783 5466 cum

2133 5491 2390 5564 corporis
2407 5489 2995 5563 supplieatione,cum
3018 5495 3175 5550 vocis
3201 5494 3521 5552 ﬂebilitate.
3548 5498 3638 5554 Ad
3663 5517 3783 5557 mn-

2129 5588 2291 5641 tuam
2321 5597 2454 5639 vero
2507 5579 2828 5638 orationem
2861 5599 2966 5641 nos
3006 5582 3274 5658 hortatur
3299 5586 3620 5661 Apostolus
3649 5606 3780 5649 cum
