3982 6082
395 310 557 379 1903
1390 311 1788 375 ADDENDA.
1821 344 1900 355 ——
1933 306 2333 370 RADULPHI
2375 307 2794 372 ARDENTIS.
3688 307 3854 372 1904

398 445 679 520 quoniam
702 444 763 500 in
792 444 1143 518 petitioneet
1171 444 1559 517 acquisitione
1589 448 1812 500 mternae
1834 441 2042 499 salutis
2071 444 2125 510 Α
2153 438 2317 496 nulla
2343 440 2584 497 satietas
2614 440 2925 498 invenitur.
2985 442 3102 499 Nec
3149 458 3278 512 nos,
3307 443 3450 516 quid
3502 447 3677 500 ante
3714 459 3854 499 cum

400 535 763 609 negligentes
792 534 1101 605 sumus;in
1116 533 1392 607 petitione
1412 550 1545 590 vero
1574 538 1633 590 et
1662 532 2043 606 acquisitione
2152 545 2463 601 ponamus,
2499 530 2805 601 habemus,
2839 531 2977 603 quia
3006 530 3203 588 divina
3230 533 3441 606 gratia,
3477 550 3639 607 quas
3674 533 3853 589 cibus

401 622 812 698 temporalium
844 623 1130 679 ferventes
1150 622 1531 679 sumus.Nam
1553 623 1603 679 si
1617 623 1853 697 ingruat
1871 622 2044 678 nobis

402 712 602 785 aliqua
630 712 948 770 necessitas
993 710 1352 784 temporalis,
1386 712 1614 768 solliciti
1649 729 1877 779 sumus,
1910 712 2044 767 dor-

403 800 551 862 mire
580 817 697 859 non
736 817 1075 875 possumus,
1110 804 1167 857 et
1195 801 1267 856 de
1310 802 1504 857 media
1540 806 1710 858 nocte
1736 805 2045 873 surgentes

401 890 812 963 discurrimus,
843 889 1063 947 amicos
1096 894 1154 947 et
1181 890 1404 947 vicinos
1442 890 1780 964 fatigamus,
1811 890 2046 947 ﬂetibus

402 984 460 1039 et
485 979 778 1053 suspiriis,
812 979 1087 1053 precibus
1111 984 1168 1036 et
1188 979 1497 1053 promissis
1526 979 1761 1053 pulsare
1782 997 1898 1037 non
1931 996 2049 1036 ces-

401 1085 625 1138 eamus,
655 1069 841 1127 donec
868 1070 1024 1143 quod
1056 1069 1227 1126 nobis
1255 1070 1473 1139 deerat,
1505 1068 2047 1143 accipiamus.Cum

397 1175 535 1216 vero
562 1157 799 1232 ingruat
827 1157 997 1216 nobis
1026 1158 1262 1215 assidue
1288 1160 1548 1215 maxima
1568 1159 1833 1215 omnium
1852 1175 2049 1215 neces-

399 1247 905 1315 sitatum,evitatio
932 1247 1203 1305 videlicet
1230 1249 1435 1304 mortis
1457 1253 1702 1318 aeternas,
1721 1253 1778 1305 et
1807 1248 1878 1305 ad
1896 1248 2051 1304 hanc

400 1336 737 1396 evitandam
764 1336 1126 1410 negligentes
1137 1338 1841 1409 sumus,dormimus,non
1864 1337 2052 1411 surgi-

404 1441 542 1483 mus
566 1429 701 1483 ante
728 1424 918 1482 lucem
942 1429 1032 1491 ;ut
1060 1426 1245 1483 Deum
1268 1430 1325 1483 et
1352 1428 1481 1500 ejus
1511 1432 1747 1484 sanctos
1776 1427 2051 1500 precibus

403 1517 463 1572 et
486 1513 877 1588 promissione
916 1515 1353 1572 emundationis
1399 1515 1725 1588 pulsemus,
1762 1520 2051 1589 quatenus

403 1601 666 1661 dimissis
693 1602 947 1677 peccatis
977 1604 1214 1671 nostris,
1248 1606 1498 1661 mortem
1530 1610 1805 1662 aeternam
1838 1605 2053 1662 evitare

404 1691 893 1767 possimusﬂuod
917 1693 968 1748 si
988 1693 1325 1766 promiserit
1355 1711 1452 1750 rex
1465 1694 1636 1751 nobis
1663 1694 1754 1751 vel
1780 1693 2052 1768 princeps

406 1780 705 1840 sucularis
749 1799 812 1839 se
857 1782 1135 1838 daturum
1180 1783 1349 1840 nobis
1405 1783 1641 1842 divitias
1684 1783 1775 1840 vel
1802 1783 2053 1841 honores

406 1871 587 1944 huius
617 1870 845 1939 mundi,
878 1874 1095 1943 quanto
1123 1871 1412 1928 desiderio
1468 1888 1602 1929 eum
1652 1873 1977 1949 sequimur,
1998 1876 2057 1929 et

408 1963 630 2032 quanta
675 1958 982 2033 diligentia
1014 1959 1067 2014 ei
1115 1960 1472 2016 famulamur
1492 1961 1520 2016 ?
1545 1962 1627 2017 Ad
1654 1963 1893 2034 jussum
1924 1961 2052 2032 ejus

407 2046 732 2105 lustramus
760 2048 1073 2115 mundum,
1102 2049 1553 2106 transfretamus
1584 2049 2052 2123 aaquora,visita-

409 2153 547 2194 mus
571 2135 850 2193 barbaras
878 2136 1163 2206 nationes,
1196 2154 1315 2193 non
1344 2137 1665 2195 retinemur
1695 2139 2051 2212 frigore,non

404 2228 572 2293 aestu,
600 2241 717 2283 non
748 2223 1044 2298 periculis,
1089 2242 1207 2282 non
1249 2225 1482 2299 gladiis.
1514 2228 1584 2284 Et
1630 2227 1740 2284 hoc
1768 2232 1958 2285 totum
1988 2233 2054 2286 ut

402 2330 852 2387 consequamur,
889 2331 1037 2387 quas
1068 2315 1214 2371 forte
1230 2332 1533 2389 nunquam
1565 2317 1935 2374 consecuturi
1959 2335 2053 2375 su-

398 2419 557 2471 mus,
589 2400 771 2459 falsas
799 2407 856 2460 et
883 2404 1085 2461 breves
1105 2403 1285 2476 hujus
1307 2404 1514 2461 mundi
1537 2405 1773 2463 divitias
1793 2410 1850 2463 et
1875 2406 2054 2463 bono.

400 2491 685 2551 res.Nuno
714 2494 909 2548 autem
940 2509 1074 2548 eum
1100 2494 1391 2566 promittit
1409 2494 1779 2568 omnipotens
1796 2500 1853 2552 et
1879 2512 2053 2552 verax

400 2586 556 2640 Deus
585 2581 823 2639 beatum
862 2586 921 2638 et
964 2587 1248 2639 aeternum
1295 2600 1561 2656 regnum,
1613 2585 1966 2660 negligimus
1999 2585 2051 2643 ei

404 2671 659 2742 obedire,
691 2676 749 2728 et
794 2669 1067 2728 famulari
1118 2672 1571 2743 contemnimus,
1607 2690 1713 2730 nec
1751 2675 1927 2731 etiam
1949 2692 2052 2748 per

400 2759 533 2834 ipsa
558 2776 839 2834 prospera
866 2778 1002 2817 eum
1033 2761 1200 2834 sequi
1230 2762 1519 2820 volumus.
1554 2764 1768 2837 thuid
1798 2764 1906 2820 hoc
1936 2765 2049 2821 ira-

404 2853 527 2907 tres
542 2848 688 2907 ‘t'nisi
714 2849 856 2923 quia
882 2849 1137 2906 radicem
1172 2856 1432 2908 nostram
1462 2851 1523 2908 in
1554 2869 1813 2909 amorem
1846 2853 2053 2909 mundi

405 2937 665 3012 figimus,
697 2942 757 2995 et
783 2938 899 2995 Deo
942 2939 1306 3013 promittenti
1355 2957 1600 3015 regnum
1633 2940 1930 3011 ccelorum,
1962 2941 2050 3000 vel

405 3043 523 3084 non
553 3026 868 3095 credimus,
900 3026 988 3083 vel
1024 3029 1477 3085 contemnimus.
1513 3030 1732 3087 Tamen
1764 3031 1920 3087 Deus
1946 3031 2052 3087 Pa-

402 3118 512 3185 ter,
545 3131 707 3173 more
735 3116 818 3189 pii
849 3116 1055 3185 Patris,
1089 3117 1302 3173 bonam
1331 3117 1688 3175 voluntatem
1712 3119 1887 3176 habet
1916 3136 2053 3194 erga

2152 617 2333 674 animi
2363 622 2471 687 est,
2507 619 2566 674 in
2598 637 2776 676 manu
2824 620 3083 677 hominis
3133 638 3250 678 non
3282 626 3388 678 est.
3424 623 3633 679 Fame
3660 622 3857 697 igitur

2152 707 2327 763 amici
2356 712 2620 782 cogente,
2651 726 2767 765 non
2816 714 2906 766 est
2950 712 3324 779 morandum,
3355 715 3421 767 ut
3452 712 3718 768 faciunt
3750 711 3849 785 qui

2153 796 2409 853 salutem
2439 798 2647 854 animae
2698 815 2817 855 suae
2864 801 3316 872 procrastinant,
3350 802 3453 858 sed
3513 803 3602 859 de
3639 801 3848 857 media

2152 889 2320 943 nocte
2352 887 2573 959 peccati
2602 891 2659 943 et
2686 887 3029 961 ignorantiae
3061 906 3239 963 quam
3269 890 3382 947 cito
3412 891 3843 967 surgendum,

2153 980 2210 1032 et
2239 975 2311 1032 ad
2341 976 2601 1032 amicum
2631 977 2871 1034 unicum
2912 984 3202 1046 nostrum,
3232 979 3455 1037 scilicet
3487 981 3709 1037 Deum
3742 981 3843 1038 Pa-

2153 1068 2513 1138 trem,quam
2543 1065 2656 1122 cito
2706 1067 3060 1135 festinando,
3084 1072 3203 1125 tres
3249 1085 3432 1147 panes
3468 1074 3632 1126 sunt
3666 1070 3750 1127 ab
3780 1085 3841 1126 eo

2154 1152 2509 1226 postulandi,
2533 1154 2591 1211 id
2622 1158 2713 1211 est
2740 1156 2886 1213 fides
2919 1157 3244 1225 Trinitatis,
3272 1157 3361 1215 vel
3390 1158 3632 1233 triplex
3656 1175 3840 1216 sacra
3938 1152 3939 1223 Ε

2154 1243 2462 1316 Scriptura
2490 1242 3082 1314 intellectus,scilioet
3110 1246 3757 1317 historicus,moralis,
3788 1253 3839 1306 et
3938 1270 3939 1331 ξ

2156 1331 2682 1406 mysticus,quibus
2702 1334 2883 1390 animi
2916 1335 3101 1393 nostri
3121 1336 3344 1393 esuries
3374 1337 3581 1394 valeat
3603 1339 3835 1396 satiari.

2157 1420 2322 1477 Sicut
2349 1421 2505 1477 enim
2521 1425 2725 1495 justus
2766 1440 2842 1480 ex
2885 1423 3008 1495 ﬁde
3045 1426 3196 1483 vivit
3224 1428 3406 1495 (Rom.
3444 1426 3514 1500 ι),
3546 1426 3646 1484 ita
3677 1432 3743 1485 et
3771 1429 3845 1485 de

2156 1511 2322 1566 omni
2349 1510 2518 1568 verbo
2537 1512 2694 1585 quod
2715 1514 2985 1584 procedit
3014 1514 3197 1572 deor:
3225 1517 3339 1573 Dei
3354 1515 3612 1586 (Matth.
3625 1516 3841 1586 tv).llls

2157 1598 2395 1656 deintus
2418 1603 2779 1675 respondens
2812 1619 2874 1659 se
2903 1605 3317 1671 excusat,dum
3347 1604 3560 1662 clausa
3592 1606 3841 1664 exaudi-

2154 1687 2334 1745 tionis
2355 1689 2543 1761 janua
2571 1690 2851 1748 auxilium
2911 1693 3062 1750 ferre
3107 1693 3467 1752 dissimulat.
3506 1694 3582 1752 Et
3621 1712 3701 1752 ex
3734 1695 3838 1752 hoc

2157 1776 2405 1844 videtur,
2439 1778 2579 1850 quia
2606 1779 2824 1835 ostium
2877 1779 3305 1853 pradicationis
3335 1781 3627 1838 clausum
3658 1786 3759 1839 est
3785 1786 3837 1838 et

2160 1865 2347 1938 pueri,
2376 1865 2436 1920 id
2466 1870 2556 1922 est
2586 1867 2773 1923 sancti
2794 1868 3202 1941 praedicatores
3223 1887 3255 1926 a
3277 1886 3493 1927 carnea
3519 1875 3700 1928 veste
3710 1872 3837 1947 jam

2160 1954 2336 2023 exuti,
2367 1971 2501 2010 eum
2538 1956 2649 2012 Deo
2680 1961 2821 2012 sunt
2849 1957 2907 2012 in
2938 1958 3118 2014 cubili
3149 1963 3376 2015 aeternae
3406 1959 3755 2032 requiei,et
3775 1977 3838 2016 ex

2158 2042 2252 2098 his
2274 2060 2389 2100 non
2420 2043 2650 2100 videtur
2678 2045 2959 2118 possibile
2977 2049 3133 2121 quod
3160 2049 3311 2105 Deus
3337 2054 3574 2123 surgat,
3606 2048 3708 2106 vel
3740 2066 3841 2123 per

2160 2148 2242 2201 se,
2275 2131 2363 2188 vel
2395 2149 2498 2206 per
2526 2133 2826 2192 ministros
2841 2152 2980 2201 suos
3002 2138 3071 2194 ad
3095 2138 3487 2194 erudiendum
3513 2155 3653 2196 nos.
3672 2139 3839 2207 Quod

2158 2219 2352 2287 hodie,
2384 2221 2613 2290 fratres,
2645 2224 2905 2282 evenisse
2922 2225 3173 2295 videtur,
3203 2226 3347 2283 dum
3380 2227 3837 2300 praedicationis
3938 2254 3939 2261 η

2160 2309 2377 2366 ostium
2408 2327 2525 2366 non
2558 2310 2757 2369 minus
2786 2313 2846 2369 in
2894 2313 3375 2387 pradicatorihus
3412 2331 3605 2387 quam
3640 2316 3709 2372 in
3740 2333 3837 2372 au-

2159 2396 2457 2455 dientibus
2484 2399 2715 2456 videtur
2726 2401 2853 2472 jam
2870 2401 3139 2458 clausum
3156 2418 3304 2472 esse,
3318 2403 3599 2477 utrisque
3611 2404 3841 2479 pariter

2159 2486 2585 2546 deficientibus.
2617 2492 3036 2559 Attamen,nos
3065 2493 3293 2561 fratres,
3325 2493 3375 2550 si
3406 2510 3837 2567 perseverave-

2160 2576 2346 2632 rimus
2398 2579 2689 2651 precibus,
2742 2581 3016 2655 suspiriis
3081 2586 3142 2638 et
3191 2582 3426 2640 ﬂetibus
3484 2584 3827 2657 pulsantes,

2160 2664 2288 2743 dico
2317 2666 2481 2723 vobis
2513 2669 2792 2740 quoniam
2843 2687 2978 2727 eum
3026 2687 3133 2728 suo
3183 2688 3402 2741 amore,
3434 2689 3577 2729 eum
3624 2679 3829 2730 nostro

2159 2752 2412 2811 clamore
2442 2756 2646 2826 ﬂexus,
2679 2759 2849 2816 nobis
2878 2777 3090 2833 panem
3140 2760 3505 2818 ministrabit
3535 2762 3824 2837 spiritua-

2159 2841 2298 2899 lem.

2229 2934 2504 3006 Sequitur
2532 2935 2647 2992 alia
2674 2938 3037 3011 parabola,in
3069 2957 3186 3013 qua
3215 2941 3471 2998 ostendit
3504 2941 3821 3010 Dominus,

2160 3022 2437 3095 quoniam
2470 3041 2586 3081 non
2625 3026 2737 3083 nisi
2772 3027 2924 3085 bona
2971 3029 3072 3085 dat
3113 3026 3266 3086 Deus
3311 3030 3501 3098 Pater,
3535 3036 3595 3088 et
3619 3047 3697 3087 ea
3728 3031 3825 3087 dat

2160 3129 2277 3168 non
2308 3117 2545 3186 propter
2574 3115 2849 3172 meritum
2878 3115 2969 3173 vel
3012 3117 3518 3193 importunitatem
3550 3124 3825 3177 nostram

404 3220 535 3274 nos,
565 3204 928 3279 negligentes
977 3206 1207 3275 excitat,
1240 3206 1547 3278 promissis
1598 3207 1826 3280 invitat,
1857 3212 2051 3282 petere
2081 3195 2124 3262 C
2162 3203 2628 3275 compulsus,sed
2648 3205 2849 3262 statim
2880 3211 3118 3281 propter
3132 3208 3409 3265 affectum
3425 3209 3823 3282 paternalem.

402 3292 674 3368 imperat.
706 3294 779 3350 Et
804 3297 977 3363 certe,
1012 3296 1241 3366 fratres,
1287 3295 1385 3367 qui
1417 3297 1681 3370 praecipit
1706 3301 1919 3371 petere,
1953 3315 2054 3354 ou-

402 3383 491 3456 pit
517 3383 678 3440 dare.
708 3384 900 3453 Petita,
952 3382 1166 3456 inquit,
1198 3391 1249 3440 et
1296 3387 1593 3465 accipietis,
1625 3389 1857 3460 quaerite
1883 3395 1938 3444 et
1964 3389 2055 3444 in-

402 3473 651 3539 venietis,
678 3473 897 3544 pulsate
918 3480 969 3529 et
1001 3473 1276 3544 aperietur
1293 3476 1462 3532 vobis.
1499 3476 1563 3530 In
1595 3475 1810 3549 quibus
1839 3475 2052 3545 verbis,

405 3559 614 3616 fratres
646 3560 784 3626 mei,
816 3559 986 3616 nobis
1023 3561 1277 3617 ostendit
1314 3564 1605 3635 quomodo
1634 3563 2054 3637 postulandum

406 3647 506 3716 sit,
539 3651 606 3703 ut
628 3664 962 3704 mereamur
1007 3648 1218 3706 audiri.
1264 3651 1390 3707 Non
1446 3652 1624 3723 enim,
1650 3653 1700 3708 si
1750 3654 1876 3710 sola
1916 3671 2055 3712 voce

407 3739 701 3809 petamus,
731 3736 922 3793 audiri
980 3754 1294 3795 meremur.
1342 3740 1470 3813 Ipse
1518 3741 1674 3797 enim
1706 3741 1843 3798 alibi
1874 3742 2050 3799 dicit:

406 3824 528 3881 Non
553 3827 705 3881 enim
739 3828 916 3883 omnis
934 3829 1034 3899 qui
1067 3828 1201 3884 dicit
1215 3831 1375 3894 mihi,
1405 3831 1649 3899 Domine,
1682 3833 1929 3888 Domine.
1964 3834 2052 3889 in-

409 3913 579 3970 trabit
606 3916 663 3970 in
711 3930 943 3987 regnum
984 3916 1259 3984 caelorum,
1291 3919 1382 3974 sed
1412 3920 1511 3991 qui
1544 3922 1685 3991 facit
1725 3921 2057 3979 voluntatem

404 4003 592 4060 Patris
619 4004 748 4072 mei,
782 4005 894 4077 ipse
922 4006 1151 4063 intrabit
1198 4009 1256 4063 in
1304 4024 1534 4080 regnum
1560 4010 1816 4066 castorum
1846 4010 2050 4084 (Matth.

402 4092 523 4167 vn).
549 4092 609 4149 Si
640 4109 776 4168 ergo
806 4093 1078 4152 volumus
1105 4095 1342 4167 intrare,
1375 4100 1647 4170 petamus
1676 4099 1867 4171 corde,
1897 4116 2054 4174 quze-

404 4196 609 4237 ramus
664 4198 855 4255 opere,
906 4183 1727 4259 pulsemus'perseveratione.
1780 4193 2054 4248 Petamus

404 4269 609 4327 devote
631 4272 871 4341 orando,
904 4288 1238 4345 quaeramus
1259 4274 1406 4332 bene
1427 4278 1739 4348 operando,
1748 4277 2052 4351 pulsemus

404 4356 695 4416 instanter
722 4363 1165 4433 perseverando.
1199 4364 1268 4419 Et
1316 4381 1390 4421 ne
1431 4364 1789 4434 dubitemus,
1824 4367 2050 4437 fratres,

407 4447 479 4504 de
508 4445 936 4521 impetratione,
970 4450 1251 4524 quoniam
1306 4456 1454 4510 teste
1495 4454 1875 4529 Veritate,qui
1903 4474 2052 4530 prae-

2164 3290 2432 3348 Ostendit
2460 3297 2658 3349 autem
2690 3293 2820 3365 hoc,
2854 3300 3092 3370 sumpto
3121 3314 3156 3353 a
3196 3298 3411 3355 minori
3440 3303 3823 3372 argumento,

2164 3379 2441 3453 quoniam
2472 3380 2521 3437 si
2552 3386 2746 3455 patres
2768 3384 3190 3452 carnales,cum
3205 3403 3321 3443 non
3344 3386 3462 3443 sint
3480 3404 3553 3443 ex
3570 3405 3640 3444 se
3659 3388 3825 3456 boni,

2163 3469 2263 3525 sed
2296 3470 2493 3542 potius
2525 3470 2685 3541 mali,
2718 3478 3004 3531 noverunt
3032 3474 3169 3531 ﬁliis
3192 3475 3316 3533 suis
3340 3476 3689 3549 petentibus
3709 3493 3823 3533 non

2162 3557 2337 3626 mala,
2370 3560 2472 3615 sed
2503 3560 2699 3632 potius
2728 3562 2883 3619 bona
2910 3564 3258 3636 temporalia
3286 3564 3510 3639 largiri,
3546 3581 3674 3622 non
3701 3581 3820 3621 me-

2163 3646 2274 3705 rito
2310 3647 2400 3705 vel
2446 3648 2820 3723 improbitate
2877 3652 3132 3710 ﬁliorum
3185 3653 3376 3722 tracti,
3409 3655 3513 3711 sed
3572 3658 3820 3727 paterna

2161 3737 2392 3810 pietate,
2417 3738 2602 3795 multo
2626 3740 2814 3814 magis
2833 3740 3085 3798 scelestis
3112 3743 3441 3816 Pater,cum
3464 3743 3819 3800 naturaliter

2163 3827 2240 3884 sit
2268 3828 2381 3883 bon
2391 3829 2647 3901 us,dabit
2671 3829 2809 3887 filiis
2821 3830 2947 3887 suis
2963 3831 3295 3905 petentibus
3306 3833 3461 3890 bona
3479 3833 3817 3906 spiritualia

2162 3922 2219 3974 et
2247 3920 2479 3985 aeterna,
2513 3918 2725 3975 ductus
2758 3919 3084 3994 sola,quam
3113 3921 3289 3978 habet
3318 3920 3817 3996 naturaliter,pie~

2161 4008 2298 4062 tate.
2330 4006 2507 4062 Juxta
2537 4006 2812 4078 litteram,
2846 4009 3057 4067 fratres
3095 4009 3232 4081 mei,
3264 4027 3587 4085 pensemus
3616 4011 3681 4067 in
3710 4011 3817 4067 hac

2162 4095 2458 4168 parabole,
2492 4112 2673 4168 quam
2700 4097 2780 4153 sit
2806 4100 3037 4155 terrena
3084 4104 3142 4157 et
3185 4099 3461 4157 animalis
3493 4100 3693 4172 pietas
3720 4117 3819 4173 pa-

2161 4187 2393 4240 rentum
2415 4185 2739 4242 carnalium
2769 4186 2829 4242 in
2872 4186 3026 4245 ﬁlios
3057 4205 3218 4259 suos,
3250 4194 3308 4245 et
3355 4205 3539 4262 quam
3572 4188 3655 4245 sit
3686 4205 3819 4245 vera

2160 4272 2415 4330 charitas
2471 4274 2721 4332 scelestis
2770 4277 2961 4334 Patris
3011 4277 3072 4333 in
3128 4276 3283 4337 ﬁlios
3336 4295 3499 4335 suos.
3551 4277 3823 4336 Car-nalis

2161 4361 2377 4435 quippe
2405 4366 2574 4436 pater
2601 4363 2735 4437 plus
2761 4365 3011 4422 intendit
3047 4367 3273 4424 nutrire
3319 4383 3537 4442 corpus
3586 4367 3698 4424 ΠΙἰί
3730 4367 3817 4425 sui

2161 4467 2339 4523 quam
2370 4450 2648 4522 animam,
2686 4453 2970 4511 sollicitus
3026 4455 3283 4513 multum
3332 4473 3404 4513 ne
3464 4455 3632 4514 illius
3674 4472 3817 4513 suus

407 4535 563 4593 dicto
592 4537 767 4594 modo
787 4540 943 4611 petit,
974 4542 1175 4613 accipit
1199 4549 1252 4598 et
1279 4543 1377 4615 qui
1402 4545 1606 4616 quaerit
1634 4546 2054 4619 invenit,etput-
2085 4567 2133 4634 Β
2154 4539 2401 4625 esuriat,
2434 4557 2506 4634 ne
2532 4540 2758 4634 frigeat,
2793 4559 2865 4600 ne
2888 4561 2923 4600 a
2951 4550 3223 4634 serpente
3251 4544 3597 4611 feriatur,ne
3616 4545 3819 4621 aliquo

405 4627 558 4682 sonti
582 4628 859 4700 aperietur
883 4629 1032 4699 (Lue.
1076 4628 1359 4703 x1).Juxta
1404 4632 1718 4705 mysticum
1748 4650 1879 4692 vero
1929 4651 2057 4692 sen-

410 4732 565 4785 sum,
600 4715 829 4774 amicus
856 4722 1073 4787 noster,
1107 4720 1178 4776 ad
1211 4736 1386 4793 quem
1420 4720 1479 4775 in
1500 4725 1666 4779 nocte
1692 4723 2056 4782 necessitatis

410 4820 708 4863 recurrere
737 4806 1042 4877 debemus,
1074 4808 1229 4866 Deus
1258 4809 1427 4867 Pater
1445 4815 1555 4880 est,
1578 4814 1766 4885 qui,ut
1796 4813 1878 4871 ait
1903 4816 2055 4889 Apo-

409 4893 615 4963 stolus,
636 4904 857 4968 propter
874 4899 1107 4954 nimiam
1137 4900 1460 4956 charitatem
1512 4918 1674 4959 suam
1717 4920 1825 4976 qua
1855 4905 2060 4962 dilexit

407 4995 524 5050 nos,
555 4984 707 5039 misit
734 4987 946 5043 Filium
963 5005 1125 5045 suum
1154 4990 1214 5045 in
1261 4989 1693 5049 similitudinem
1719 4996 1905 5050 carnis
1928 5011 2055 5067 pec-

404 5070 524 5125 cati
551 5070 761 5144 (Ephes.
796 5076 879 5148 ιι).
912 5079 1151 5135 Amicus
1193 5096 1328 5136 vero
1376 5079 1493 5149 ille,
1529 5082 1630 5155 qui
1681 5083 1749 5139 de
1778 5083 1872 5139 via
1898 5083 2057 5140 venit

404 5157 478 5214 ad
510 5166 736 5228 nos,est
762 5164 994 5223 animus
1016 5169 1336 5242 noster,qui
1367 5169 1538 5227 teties
1559 5189 1593 5226 a
1621 5171 1790 5229 nobis
1820 5173 2058 5242 recedit,

401 5247 632 5319 quoties
666 5266 783 5306 sum
814 5257 871 5308 et
910 5261 1122 5311 nostrae
1172 5258 1381 5314 salutis
1421 5259 1661 5329 oblitus,
1696 5261 1769 5317 ad
1828 5259 2059 5319 terrena

399 5336 936 5412 concupiscendum
968 5344 1102 5400 exit.
1135 5346 1297 5403 Tunc
1326 5364 1461 5403 vero
1506 5349 1576 5404 de
1602 5348 1693 5405 via
1723 5350 1794 5409 ad
1828 5368 1933 5408 nos
1965 5367 2059 5408 ve-

402 5424 513 5491 nit,
547 5427 780 5500 quando
813 5429 883 5487 de
915 5432 1163 5505 strepitu
1185 5438 1550 5493 terrenarum
1569 5438 2056 5510 eupiditatum,ad

409 5513 815 5581 meditandum
845 5520 918 5581 de
966 5525 1167 5578 nostra
1221 5541 1444 5597 suaque
1474 5526 1662 5584 salute
1692 5529 1859 5586 redit.
1888 5528 2059 5586 Redit

412 5603 609 5662 autem
638 5606 1326 5686 famelicus,quoniamin
1356 5614 1605 5673 terrenis
1637 5617 2057 5689 cupiditatibus

2163 4645 2302 4685 casu
2334 4629 2990 4699 moriatur,thesaurum
3020 4633 3072 4691 ei
3106 4638 3441 4709 congregat,
3460 4651 3819 4708 quocunque

2164 4719 2338 4775 modo
2367 4735 2502 4775 eum
2532 4719 2719 4776 ditare
2766 4721 3003 4779 festinat
3057 4725 3116 4780 et
3160 4724 3524 4790 haereditare,
3572 4722 3819 4781 instruit

2163 4824 2299 4864 eum
2312 4808 2372 4863 in
2384 4806 2700 4867 calliditate
2722 4810 3060 4884 acquirendi
3074 4812 3306 4870 divitias
3327 4817 3384 4869 et
3404 4810 3816 4870 conservandi.

2162 4899 2447 4971 pictarum
2478 4898 2530 4954 si
2560 4898 2754 4956 videat
2783 4916 2917 4957 eum
2949 4900 3369 4970 mendacem,si
3401 4902 3740 4976 perjurum,
3770 4900 3817 4959 si

2162 4985 2451 5057 fallacem,
2486 4986 2535 5044 si
2592 4988 2874 5061 cupidum
2931 4995 2988 5047 et
3042 5006 3303 5058 avarum,
3345 4991 3395 5049 si
3453 5009 3737 5067 rapacem
3767 4994 3817 5049 et

2160 5075 2503 5143 violentum,
2534 5079 2877 5147 contemnit,
2910 5078 3027 5137 imo
3077 5080 3274 5155 potius
3331 5081 3571 5156 gaudet,
3604 5097 3821 5139 vocans

2168 5181 2303 5221 cum
2335 5166 2659 5238 sapientem
2676 5170 2733 5223 et
2756 5168 3148 5241 probum.Sed
3166 5171 3308 5245 quid
3330 5170 3466 5227 inde
3486 5170 3821 5245 contingit?

2166 5255 2482 5329 Postquam
2514 5255 2707 5313 malus
2736 5256 2892 5314 ﬁlius
2919 5276 2954 5315 a
2998 5258 3152 5316 malo
3184 5262 3347 5335 patre
3367 5258 3704 5317 instructus
3726 5276 3815 5316 ex-

2166 5344 2427 5415 creverit,
2462 5349 2766 5418 paternam
2804 5345 2983 5404 vincit
3030 5348 3340 5407 malitiam.
3368 5350 3439 5407 Et
3467 5348 3735 5423 primum
3761 5347 3815 5403 in

2164 5432 2362 5507 ipsum
2402 5438 2702 5507 parentem
2758 5437 3038 5511 exsurgit,
3090 5439 3219 5511 ejus
3276 5439 3455 5496 vitam
3503 5438 3655 5506 odit,
3686 5452 3813 5494 eum

2165 5521 2511 5592 exheredat,
2543 5527 2600 5580 et
2628 5524 2783 5581 fame
2811 5530 3153 5599 pereuntem
3183 5545 3249 5587 se
3276 5544 3411 5587 eum
3440 5544 3625 5586 nosse
3652 5526 3814 5585 dissi~

2165 5610 2373 5669 mulat.
2407 5612 2453 5669 Ο
2481 5613 2662 5671 miser
2679 5619 2976 5688 pater,cur
2994 5616 3184 5677 ﬁlium
3205 5635 3384 5694 super
3400 5617 3512 5678 hoc
3533 5613 3817 5678 accusas?
