3982 6082
357 211 518 280 ιθιι

1359 208 1756 270 ADDENDA.
1790 240 1868 250 —
1897 206 2300 268 RADULPHI
2342 167 2767 266 ABDENTIS.

364 347 579 403 sanctae
608 340 876 400 Ecclesiae
909 341 1019 398 hac
1050 339 1373 398 intentione
1402 341 1710 413 praedictas
1753 338 2010 395 admini-
2043 339 2094 405 Α
2125 337 2476 410 Redemptor
2506 339 2721 407 noster,
2747 336 2963 392 fratres
2993 333 3346 402 charissimi,
3367 333 3642 392 instante
3657 335 3793 406 jam

364 430 676 489 strationes
704 431 917 486 debent
947 429 1499 496 administrare,non
1532 428 1706 485 uthic
1727 429 2006 495 ditentur,

365 538 484 577 non
518 525 581 576 ut
608 519 704 576 hic
735 519 1075 592 glorientur,
1110 537 1224 574 non
1257 523 1322 574 ut
1351 519 1445 574 hic
1475 519 1853 585 honorentur,
1893 535 2006 572 non

365 609 536 665 utbic
548 608 696 682 gulae
718 613 774 664 et
793 609 976 664 ventri
999 608 1490 675 satisfaciant,sed
1515 612 1576 664 ut
1593 625 1726 663 cum
1742 607 2010 680 plebibus

367 697 494 756 suis
525 697 636 754 sibi
667 697 948 770 subjectis
969 696 1792 769 irreprehensibiliterpossint
1817 713 2014 752 occur-

369 803 495 844 rere
525 786 756 842 Christo
787 787 859 841 ad
885 786 1174 858 judicium
1207 803 1380 841 suum
1408 785 1851 842 venienti.Tunc
1876 802 2015 857 quo-

371 891 485 948 que
513 875 722 932 fratres
753 874 1089 944 mei,omnis
1121 874 1253 930 talis
1287 874 1719 931 administratio
1737 873 2009 930 cessabit.

371 966 535 1022 Tunc
565 963 721 1020 enim
753 964 940 1020 sancti
971 981 1086 1018 non
1117 964 1464 1038 indigebunt
1501 964 1732 1035 corrigi,
1767 981 1870 1019 nec
1919 963 2012 1018 in-

366 1052 518 1110 strui
547 1069 654 1109 nec
681 1053 803 1126 regi
834 1053 905 1109 ab
918 1052 1328 1125 homine,quos
1346 1052 1652 1125 praesentia
1671 1052 1876 1108 divina:
1896 1068 2016 1108 ma-

359 1141 597 1214 jestatis
629 1141 966 1196 illustrabit.
989 1141 1290 1197 Certemus
1319 1159 1456 1215 ergo
1489 1143 2014 1208 fratres,certemus

369 1229 529 1288 omni
561 1229 1043 1298 sollicitudine,ut
1063 1229 1241 1286 simul
1260 1230 1486 1286 Christo
1497 1231 1749 1286 venienti
1771 1231 2014 1302 irrepre-

368 1318 688 1376 bensibiles
721 1319 1020 1394 possimus
1037 1325 1423 1386 occurrere,et
1438 1320 1546 1374 hoc
1569 1319 1627 1374 in
1647 1319 1868 1375 unitate
1883 1319 2014 1374 ﬁdei

366 1411 428 1464 et
453 1406 749 1481 agnitione
781 1405 909 1463 Filii
941 1407 1062 1462 Dei.
1098 1409 1221 1464 Duo
1252 1407 1468 1481 quippe
1495 1414 1795 1482 ponuntur
1824 1408 2014 1480 hic,in

369 1496 584 1570 quibus
611 1513 746 1552 vera
777 1497 1074 1553 beatitudo
1116 1496 1449 1554 animarum
1483 1498 2012 1565 consummabitur,

369 1584 510 1641 unio
538 1583 806 1640 videlicet
833 1586 1118 1642 mentium
1140 1585 1428 1660 etagnitio
1446 1587 1653 1642 divina:
1669 1587 2012 1658 maiestatis.

2120 443 2229 483 sua
2257 426 2546 499 passione,
2583 426 2732 482 fudit
2771 425 2842 480 ad
2894 425 3123 480 Patrem
3167 424 3318 480 hanc
3361 441 3544 496 quam
3601 425 3790 480 modo

2119 515 2427 571 audivistis
2455 514 2799 580 orationem.
2833 513 3118 569 Caeterum
3151 529 3286 569 cum
3318 513 3500 571 Filius
3521 515 3609 570 sit
3633 515 3796 585 ejus—

2118 605 2253 660 dem
2285 603 2650 660 auctoritatis
2681 609 2736 659 et
2767 603 3034 676 potentiae
3063 619 3199 659 cum
3230 603 3418 670 Patre,
3447 609 3506 659 et
3545 621 3623 660 ea
3655 621 3792 676 quae

2121 695 2355 766 petebat
2385 710 2545 765 aeque
2578 693 2826 747 daturus
2855 697 3029 762 esset,
3061 691 3216 746 sicut
3259 696 3320 748 et
3367 692 3557 760 Pater,
3597 708 3791 764 quare

2121 781 2438 854 postulavit
2483 799 2518 836 a
2556 781 2760 846 Patre;
2791 797 2924 834 curn
2974 779 3275 852 postulare
3325 780 3605 836 videatur
3654 797 3788 836 esse

2121 870 2368 927 minoris
2412 870 2868 942 impotentisque
2901 869 3208 942 personze?
3237 869 3476 942 Triplici
3525 869 3784 936 ratione,

2120 960 2389 1016 videlicet
2421 965 2484 1015 ut
2511 959 2899 1015 humilitatem
2929 963 2986 1013 et
3016 959 3444 1014 humanitatem
3477 975 3584 1032 pro
3611 959 3784 1014 nobis

2122 1053 2510 1122 assumptam,
2544 1049 2604 1104 in
2659 1066 2776 1121 qua
2826 1049 3020 1103 minor
3061 1054 3151 1105 est
3195 1050 3382 1118 Patre,
3422 1066 3559 1105 vere
3609 1051 3675 1105 in
3725 1065 3784 1106 se

2111 1139 2508 1220 exprimeret;
2541 1144 2607 1194 ut
2639 1138 2697 1194 in
2730 1138 2838 1194 hoc
2870 1137 3023 1194 sicut
3050 1141 3108 1192 et
3155 1137 3214 1192 in
3265 1138 3508 1206 ceteris,
3541 1157 3785 1214 semper

2124 1228 2239 1283 Deo
2273 1227 2425 1282 Patri
2457 1227 2725 1295 deferret,
2759 1231 2825 1282 ut
2869 1227 3040 1284 nobis
3069 1227 3402 1300 exemplum
3433 1232 3492 1285 et
3522 1229 3779 1285 formam

2124 1316 2329 1372 orandi
2379 1317 2824 1372 demonstraret.
2855 1315 2973 1372 Nos
3015 1333 3270 1389 quoque,
3304 1318 3534 1387 fratres,
3569 1319 3683 1374 Dei
3729 1324 3782 1375 et

2125 1405 2356 1462 Domini
2385 1406 2570 1461 nostri
2603 1422 2836 1478 semper
2865 1411 3177 1477 sequentes
3206 1407 3782 1480 exemplum,humi-

2124 1493 2372 1565 litatcm,
2394 1493 2796 1566 vilitatemque
2818 1499 3078 1550 nostram
3111 1511 3343 1568 semper
3372 1496 3780 1568 proﬂteamur.

2125 1585 2280 1642 Nihil
2311 1584 2500 1652 nobis,
2525 1585 2627 1641 sed
2654 1585 2770 1641 Deo
2802 1585 2955 1640 Patri
2985 1585 3184 1640 omnia
3214 1585 3644 1652 attribuamus,
3671 1586 3780 1642 fra-

371 1673 546 1730 Porro
567 1677 707 1730 tunc
731 1691 846 1730 non
876 1675 986 1730 erit
1015 1675 1312 1746 ﬁdes,quze
1333 1675 1664 1732 umbratilis
1677 1680 1784 1742 est,
1805 1677 1902 1732 sed
1917 1693 2016 1748 po-
2047 1711 2095 1775 B
2127 1675 2316 1730 tribus
2351 1675 2565 1730 nostris
2595 1690 2826 1746 semper
2849 1674 3071 1730 deferre
3087 1674 3782 1746 studeamus,devotioni,

371 1762 492 1819 tius
521 1761 787 1834 plenaria
816 1763 1080 1819 omnium
1116 1763 1498 1819 scientia.Sed
1530 1764 1659 1820 ideo
1691 1765 1838 1820 dixit
1866 1768 2016 1836 Apo-

371 1851 647 1918 stolus,in
667 1852 1372 1925 unitatcmﬁdei,quoniam
1388 1852 1470 1907 illi
1494 1853 1599 1908 soli
1616 1853 1715 1926 qui
1735 1853 1828 1909 hic
1841 1871 2021 1926 quan-

370 1943 500 1998 tum
549 1946 817 2014 possunt,
858 1942 988 1996 ﬁdei
1037 1959 1181 1998 verae
1231 1943 1539 1998 observant
1585 1941 1891 2008 unitatem,
1945 1944 2016 1998 ad

372 2029 535 2086 illam
566 2031 885 2104 plenariam
920 2031 1255 2102 pervenient
1278 2032 1563 2086 mentium
1599 2032 1896 2100 unionem,
1916 2033 2017 2089 ubi

373 2119 561 2176 sancti
591 2136 724 2174 cum
755 2120 870 2176 Deo
903 2125 959 2175 et
988 2138 1022 2176 a
1050 2120 1162 2176 Deo
1191 2120 1249 2175 in
1290 2119 1573 2176 charitate
1622 2121 2020 2187 unientur,-ut

373 2225 490 2264 non
523 2207 638 2264 nisi
668 2225 854 2264 unum
887 2213 943 2264 et
972 2209 1126 2264 idem
1159 2209 1391 2282 penitus
1420 2208 1564 2264 velle
1593 2214 1829 2282 queant.
1856 2211 2019 2266 Unde

374 2301 432 2356 et.
461 2295 510 2352 si
541 2312 658 2368 qua
687 2301 858 2353 erunt
887 2296 1250 2370 singulorum
1283 2297 1646 2370 propria,per
1675 2299 2016 2356 charitatem

373 2389 548 2442 erunt
575 2384 933 2440 communia.
957 2385 1186 2458 Agnitio
1217 2402 1350 2440 vero
1381 2386 1587 2441 divinae
1619 2389 1944 2459 majestatis
1965 2394 2022 2446 et

373 2471 704 2550 splendoris
735 2473 794 2528 in
825 2473 1024 2530 electis
1053 2473 1180 2529 vitae
1211 2475 1632 2530 beatitudinem
1653 2493 2020 2534 consumma-

376 2561 485 2629 bit,
510 2563 681 2634 juxta
721 2563 876 2636 quod
929 2562 1212 2619 Dominus
1243 2563 1324 2618 ait
1357 2581 1368 2618 :
1401 2567 1524 2620 Haec
1566 2572 1644 2620 est
1685 2574 1866 2621 autem
1911 2569 2021 2624 vita

376 2657 607 2718 aeterna,
631 2660 694 2708 ut
722 2661 1002 2724 cognoscat
1031 2660 1078 2708 te
1107 2657 1282 2709 Deum
1310 2669 1517 2718 verum,
1548 2661 1598 2709 et
1627 2670 1786 2726 quem
1821 2659 2024 2713 misisti

377 2742 559 2798 Iesum
634 2740 909 2797 Christum
974 2742 1150 2810 (Joan.
1225 2744 1390 2810 xvu).
1471 2743 1716 2811 Quanta,
1793 2744 2018 2815 fratres,

381 2833 605 2902 quanta
633 2829 853 2902 putatis
885 2828 1380 2902 dulcedo,quanta
1400 2830 1695 2886 beatitudo
1709 2832 2022 2891 eritvidere

380 2915 546 2977 illam
577 2919 966 2991 majestatem,
1000 2919 1164 2974 illum
1197 2918 1591 2992 splendorem,
1623 2919 1683 2974 in
1715 2937 1890 2992 quem
1923 2923 2022 2977 de-

381 3007 645 3064 siderant
673 3007 864 3081 angeli
903 3008 1089 3064 sancti
1137 3007 1471 3080 conspicere
1509 3010 1556 3080 (Ι
1583 3015 1729 3064 Petr.
1759 3010 1817 3082 ι),
1852 3011 2022 3082 cujus

378 3095 523 3154 visio
554 3100 611 3153 et
643 3097 946 3170 pressantis
977 3114 1209 3153 omnem
1245 3097 1658 3169 ignorantiam,
1693 3099 2016 3168 miseriam,

377 3183 570 3242 labem
603 3191 658 3244 et
687 3187 1086 3243 inﬁrmitatem
1117 3186 1379 3258 expellet.
1408 3187 1570 3242 Sicut
1613 3186 1768 3242 enim
1803 3189 2014 3244 ferrum

375 3291 444 3338 ex
468 3275 902 3348 propinquitate
930 3275 1084 3348 ignis
1118 3276 1197 3330 ita
1229 3274 1632 3330 inflammatur
1664 3280 1719 3331 et
1749 3276 2015 3349 ignescit,

369 3367 435 3430 ut
464 3383 580 3420 non
602 3366 730 3435 jam
761 3365 1000 3432 ferrum,
1036 3365 1136 3420 sed
1171 3368 1357 3419 totum
1399 3363 1664 3420 videatur
1715 3365 1902 3437 ignis;
1936 3367 2018 3422 ita

364 3451 608 3524 spiritus
655 3453 830 3520 beati,
879 3471 947 3509 ex
995 3453 1302 3524 praesentia
1351 3453 1527 3507 divini
1577 3453 1908 3526 splendoris
1959 3460 2016 3510 et

366 3539 577 3598 caloris
606 3542 1152 3609 inﬁammabuntur,
1187 3547 1253 3596 ut
1282 3559 1397 3596 non
1420 3543 1546 3612 jam
1580 3547 1880 3614 creaturze,
1912 3545 2015 3598 sed

365 3633 497 3686 totae
548 3628 754 3684 divine
803 3629 1151 3686 videantur:
1198 3633 1255 3684 et
1301 3630 1409 3685 hoc
1453 3631 1552 3685 ﬁet
1587 3630 1645 3684 in
1678 3631 2013 3698 animabus,

365 3717 426 3773 in
459 3719 801 3790 corporibus
829 3736 962 3775 vero
984 3735 1360 3775 occurremus
1381 3718 1438 3772 in
1457 3719 1646 3773 virum
1668 3719 2011 3790 perfectum,

365 3807 426 3881 in
457 3824 793 3864 mensuram
825 3808 1013 3864 aetatis
1035 3807 1418 3880 plenitudinis
1435 3807 1839 3864 Christi.Tunc
1857 3809 2015 3866 enim

369 3895 607 3975 perfecti
637 3896 860 3953 erimus
891 3897 949 3952 in
977 3896 1277 3966 membris,
1297 3900 1354 3952 et
1377 3897 1435 3950 in
1467 3896 1692 3967 decore,
1717 3901 1774 3953 et
1804 3902 1922 3953 tam
1953 3899 2014 3954 in

368 3983 592 4041 viribus
620 4001 798 4057 quam
828 3985 1165 4053 virtutibus,
1199 3989 1255 4040 et
1284 3985 1342 4039 in
1374 3989 1560 4040 aetate.
1595 3985 1756 4040 Unde
1787 3990 1842 4040 et
1874 3988 2015 4044 sub-

369 4073 454 4137 dit
488 4089 502 4130 :
534 4077 603 4130 In
630 4091 966 4142 mensuram,
998 4091 1114 4130 non
1155 4073 1394 4146 quidem
1446 4077 1680 4128 staturae
1732 4077 2012 4146 corporis,

368 4163 462 4218 sed
483 4163 847 4234 plenitudinis
874 4165 1056 4220 aetatis
1087 4163 1307 4218 Christi.
1343 4162 1406 4216 In
1438 4159 1613 4233 plena
1660 4162 1815 4217 enim
1847 4168 2016 4221 aetate

371 4249 430 4306 in
463 4268 581 4323 qua
609 4251 878 4308 Christus
906 4256 1051 4316 erat,
1085 4251 1316 4323 quando
1351 4267 1562 4322 passus
1610 4255 1716 4318 est,
1751 4269 2015 4308 resurre-

368 4339 522 4398 cturi
551 4356 778 4396 sumus.
805 4341 890 4396 Ad
925 4338 1083 4395 illius
1115 4339 1294 4412 igitur
1322 4338 1764 4397 resurrectionis
1811 4341 2011 4398 ineffa-

368 4429 545 4486 bilem
575 4429 1017 4496 beatitudinem,
1050 4429 1278 4492 fratres,
1311 4431 1428 4482 toto
1470 4427 1757 4517 desiderio
1809 4431 2011 4486 tenda-
2039 4454 2086 4517 D

365 4535 540 4586 mus;
573 4535 676 4590 spe
705 4517 865 4573 illius
895 4517 1072 4572 vitam
1105 4521 1447 4589 przesentem
1481 4516 1871 4586 fastidiamus,
1908 4536 2009 4591 spe

363 4607 524 4666 illius
561 4606 760 4663 omnia
805 4605 1140 4662 transitoria
1185 4611 1668 4674 contemnamus;
1704 4623 1806 4678 spe
1855 4607 2011 4663 illius

363 4697 561 4754 omnia
601 4697 750 4752 dura
777 4699 833 4751 et
862 4696 1104 4751 adversa
1133 4693 1609 4766 complectamur,
1641 4694 1780 4750 vitia
1822 4696 2008 4768 fugia-

364 4804 519 4855 mus,
551 4791 609 4843 et
640 4787 792 4842 bona
823 4785 1010 4840 facere
1040 4784 1498 4850 contendamus;
1524 4783 1764 4838 dissolvi
1796 4788 1852 4839 et
1881 4802 2009 4842 esse

365 4892 500 4932 cum
531 4875 760 4930 Christo
800 4873 1128 4946 cupiamus,
1162 4877 1227 4926 ut
1271 4872 1508 4927 tandem
1559 4870 1671 4926 Leti
1717 4873 1775 4927 in
1826 4873 2012 4945 gloria

367 4980 474 5020 sua
499 4979 635 5020 eum
662 4963 855 5018 videre
879 4979 1244 5027 mereamur;
1267 4960 1394 5032 ipso
1415 4965 1725 5032 praestante
1748 4962 1848 5033 qui
1873 4979 2007 5020 cum

365 5051 534 5107 Patre
563 5055 620 5105 et
649 5049 868 5122 Spiritu
900 5056 1100 5108 sancto
1130 5049 1270 5106 vivit
1307 5052 1363 5105 et
1392 5053 1597 5122 regnat
1625 5049 1780 5106 Deus
1811 5051 1872 5107 in
1903 5070 2007 5109 sae-

367 5139 519 5196 cula.
551 5139 758 5194 Amen.

909 5228 1215 5284 HOMILIA
1255 5227 1467 5284 LXVII.

821 5330 882 5372 IN
921 5333 1131 5373 VIGILIA
1167 5332 1554 5373 ASCENSIONIS.

433 5405 741 5462 Sublevatis
767 5407 922 5463 Iesus
951 5406 1124 5461 oculis
1155 5408 1215 5460 in
1243 5407 1439 5460 caelum
1468 5405 1613 5462 dixit
1644 5426 1663 5462 :
1699 5413 1875 5476 Pater,
1899 5410 2009 5464 cla-

2124 1764 2509 1836 orationique,
2534 1781 2662 1836 quae
2684 1763 3148 1819 Christianorum
3167 1763 3633 1836 inexpugnabile
3655 1783 3784 1820 mu-

2126 1853 2454 1910 nimentum
2517 1857 2626 1918 est,
2677 1870 2784 1908 nos
2842 1853 3324 1910 assuefaciamus.
3376 1853 3530 1908 Sunt
3580 1859 3784 1910 autem

2125 1941 2305 2014 hujus
2333 1941 2601 1997 lectionis
2625 1943 2752 1997 duae
2776 1946 2970 2014 partes
3001 1957 3014 1998 :
3043 1942 3104 1997 ln
3124 1941 3314 2014 prima
3329 1946 3456 1997 orat
3487 1942 3786 2000 Dominus

2125 2048 2229 2103 pro
2262 2031 2351 2086 sui
2385 2031 2832 2097 clariﬁcatione;
2865 2030 2926 2086 in
2959 2031 3215 2087 secunda
3247 2047 3350 2104 pro
3372 2048 3625 2087 suorum
3649 2049 3785 2088 con-

2127 2121 2470 2176 servatione.
2507 2120 2792 2176 Oraturus
2821 2119 3002 2193 igitur
3031 2119 3544 2192 Dominus,primo
3576 2121 3782 2178 oculos

2127 2226 2266 2265 suos
2296 2209 2365 2264 ad
2400 2208 2609 2264 coelum
2653 2208 2952 2276 sublevat;
2987 2208 3196 2265 deinde
3245 2209 3472 2264 Patrem
3522 2209 3778 2278 invocat,

2127 2315 2190 2354 se
2220 2297 2393 2353 etiam
2427 2297 2636 2354 Filium
2669 2298 3016 2366 nominat,et
3044 2299 3128 2354 sic
3159 2299 3397 2354 demum
3419 2301 3778 2372 rogat.-Quod

2127 2387 2242 2454 ille,
2278 2387 2484 2442 fratres
2532 2387 2666 2456 mei,
2700 2386 2894 2442 verius
2948 2387 3134 2442 facere
3181 2387 3390 2458 potuit,
3423 2387 3528 2459 qui
3574 2388 3778 2444 oculos

2129 2476 2320 2532 cordis
2353 2475 2442 2530 sui
2478 2492 2709 2548 semper
2737 2476 2810 2531 ad
2841 2475 3051 2531 emtum
3083 2475 3284 2544 erexit,
3317 2481 3374 2530 et
3419 2493 3551 2533 vere
3588 2477 3779 2533 Deum

2131 2565 2357 2620 Patrem
2385 2564 2609 2634 habuit,
2633 2570 2690 2620 ct
2718 2581 2849 2621 vere
2881 2582 2941 2620 se
2972 2564 3185 2620 Filium
3216 2565 3501 2622 exhibuit.
3528 2565 3698 2622 Unde
3722 2571 3780 2623 et

2129 2653 2181 2709 ei
2211 2671 2244 2709 a
2274 2655 2442 2710 Patre
2470 2654 2690 2708 dictum
2721 2658 2810 2709 est
2845 2671 2857 2709 :
2891 2656 2965 2709 Tu
2994 2671 3047 2710 es
3075 2655 3250 2710 Filius
3279 2671 3432 2710 meus
3457 2655 3780 2723 dilectui:

2131 2759 2234 2815 quo
2277 2743 2419 2798 mihi
2465 2743 2594 2800 bene
2641 2744 2948 2813 complacui
2999 2743 3202 2815 (Matth.
3235 2744 3395 2814 xvn).
3429 2743 3548 2799 Nos
3580 2749 3778 2800 tamen

2129 2849 2234 2904 pro
2283 2831 2518 2886 modulo
2569 2836 2766 2887 nostro
2811 2848 2947 2887 eum
2993 2835 3321 2904 sequentes,
3356 2830 3583 2888 oraturi
3614 2833 3780 2905 prius

2129 2919 2500 2976 sublevemus
2530 2920 2602 2975 ad
2643 2919 2854 2976 emtum
2901 2919 3102 2976 oculos
3149 2920 3362 2987 cordis,
3395 2925 3452 2976 et
3499 2921 3778 2978 desiderii

2132 3010 2337 3075 nostri,
2373 3009 2494 3082 spei
2529 3013 2585 3063 et
2618 3008 2958 3064 intentionis
2988 3014 3219 3066 nostrae.
3254 3009 3400 3064 Nam
3433 3010 3536 3080 qui
3578 3010 3782 3066 oculos

2056 3082 2099 3148 C
2139 3116 2276 3154 suos
2310 3103 2642 3154 statuerunt
2671 3097 2961 3153 declinare
2994 3097 3051 3154 in
3077 3103 3292 3154 terram
3323 3100 3782 3168 (Psal.xvn),ideo

2130 3205 2244 3242 non
2279 3192 2578 3243 merentur
2624 3188 2906 3242 exaudiri.
2942 3190 3284 3243 lnvocemus
3331 3191 3388 3242 et
3435 3188 3622 3244 Deum
3677 3189 3782 3244 Pa-

2087 3298 2090 3300 ’
2127 3280 2298 3342 trem,
2330 3278 2630 3332 credentes
2660 3294 2794 3332 eum
2827 3276 2990 3348 pium
3022 3281 3078 3332 et
3113 3275 3472 3348 paternalem
3504 3277 3777 3332 affectum

2126 3383 2324 3438 gerere
2355 3383 2531 3437 super
2562 3383 2668 3421 nos
2697 3385 2708 3433 ;
2747 3366 2904 3438 quod
2945 3381 3053 3420 nos
3083 3365 3272 3436 primo
3303 3365 3539 3434 creavit,
3575 3371 3778 3438 postea

2125 3472 2228 3526 per
2273 3455 2621 3526 sanguinem
2669 3453 2795 3510 Filii
2840 3455 3156 3522 recreavit;
3212 3454 3368 3526 quod
3430 3470 3538 3510 nos
3591 3455 3776 3527 gratis

2125 3543 2184 3598 in
2237 3543 2387 3599 ﬁlios
2434 3543 2764 3615 adoptionis
2806 3543 3122 3615 generavit,
3156 3543 3310 3614 quod
3344 3543 3514 3598 nobis
3543 3543 3774 3600 caeleste

2125 3649 2371 3704 regnum
2401 3633 2775 3704 praeparavit;
2795 3633 2950 3704 quod
2983 3647 3161 3703 super
3182 3631 3438 3687 ﬁliorum
3461 3631 3774 3704 petitiones

2125 3722 2515 3778 exaudiendas
2547 3721 2679 3794 pius
2709 3726 2990 3794 tanquam
3023 3722 3190 3776 Pater
3219 3720 3314 3776 sit.
3342 3720 3450 3783 Qui
3474 3720 3634 3777 enim
3659 3721 3774 3776 hac

2124 3827 2240 3866 non
2273 3811 2535 3878 credunt,
2571 3828 2684 3865 non
2717 3813 3018 3865 merentur
3061 3807 3342 3864 exaudiri.
3377 3807 3773 3864 Exhibeamas

2125 3915 2356 3971 quoque
2388 3916 2514 3966 nos,
2547 3903 2830 3970 quantum
2865 3896 3431 3969 possumus,dignos
3455 3897 3560 3954 Dei
3591 3896 3774 3952 Patris

2124 3986 2296 4042 ﬁlios.
2331 3986 2745 4051 Exhibeamns,
2779 3987 3046 4058 inquam,
3081 4003 3183 4058 per
3212 3985 3606 4052 dilectionem,
3642 3986 3775 4041 obe-

2124 4076 2404 4131 dientiam
2436 4080 2491 4130 et
2513 4074 3035 4141 imitationem.Qui
3055 4074 3210 4130 enim
3230 4077 3775 4147 percontemptum,

2123 4168 2178 4222 et
2199 4165 2654 4220 inobedientiam
2677 4180 3001 4237 pravosque
3025 4180 3218 4219 mores
3238 4163 3598 4236 degenerant
3615 4163 3780 4219 aDeo

2124 4271 2235 4308 non
2267 4258 2565 4309 merentur
2595 4254 2806 4309 audiri.
2834 4253 2893 4310 Si
2926 4269 3082 4326 ergo,
3109 4251 3558 4318 fratres,oculos
3587 4251 3780 4308 intem

2123 4342 2298 4397 tionis
2348 4348 2560 4398 nostra:
2610 4343 2682 4398 ad
2733 4341 2941 4398 cmlum
2977 4341 3380 4408 levaverimus,
3413 4341 3464 4396 si
3493 4341 3556 4395 in
3589 4341 3777 4397 Deum

2121 4431 2348 4485 Patrem
2383 4431 2626 4486 ﬁrmiter
2655 4430 3096 4496 crediderimus,
3133 4431 3183 4494 si
3226 4447 3333 4486 nos
3378 4430 3596 4501 dignos
3649 4431 3781 4500 ejus

2120 4518 2270 4573 ﬁlios
2301 4535 2402 4589 pro
2434 4535 2606 4590 posse
2630 4522 2829 4574 nostro
2873 4517 3312 4574 exhibuerimus
3338 4535 3352 4584 ;
3379 4521 3525 4572 tunc
3574 4533 3779 4573 secure

2119 4623 2255 4662 eum
2310 4624 2512 4679 rogare
2587 4607 2929 4680 poterimus.
2982 4607 3156 4662 Porro
3204 4623 3420 4678 rogans
3484 4605 3778 4662 Dominus

2121 4695 2310 4767 primo
2359 4695 2591 4768 exponit
2640 4695 2977 4767 petitionem
3025 4710 3233 4761 suam;
3268 4694 3528 4750 secundo
3572 4694 3778 4760 ﬁnem,

2121 4785 2291 4839 tertio
2324 4786 2586 4850 modum,
2620 4787 2829 4855 quarto
2862 4783 3194 4850 utilitatem,
3227 4783 3438 4854 quinto
3471 4783 3775 4840 meritum.

2120 4875 2189 4929 Et
2218 4872 2557 4944 petitionem
2597 4872 2836 4944 quidem
2885 4888 3054 4928 suam
3105 4871 3360 4942 exponit,
3402 4887 3539 4926 cum
3585 4871 3778 4928 dicit:

2122 4963 2375 5032 Clariﬁca
2410 4962 2626 5016 Filium
2677 4969 2852 5017 tuum.
2886 4964 3102 5015 Verum
3153 4977 3286 5014 cum
3339 4959 3518 5014 Filius
3567 4959 3678 5015 Dei
3721 4962 3780 5016 in

2120 5049 2355 5121 deitate,
2384 5067 2501 5122 qua
2534 5051 2688 5106 Patri
2721 5065 2953 5122 semper
2981 5052 3072 5104 est
3113 5048 3378 5122 aequalis,
3409 5065 3520 5104 nec
3565 5050 3776 5121 major,

2119 5156 2224 5196 nec
2255 5139 2642 5208 sanctior,nec
2673 5137 2982 5211 gloriosior
3027 5155 3158 5194 esse
3188 5139 3375 5210 possit
3421 5139 3480 5193 in
3527 5155 3600 5193 ea
3647 5156 3765 5194 non

2117 5229 2285 5302 petiit
2313 5228 2644 5301 gloriﬁcari,
2678 5227 2778 5284 sed
2813 5227 3011 5299 potius
3040 5227 3129 5284 vel
3162 5227 3222 5282 in
3249 5225 3640 5293 humanitate,
3675 5227 3764 5283 vel

2117 5319 2177 5374 in
2209 5333 2447 5390 operum
2479 5316 2758 5372 claritate.
2793 5315 2879 5371 vel
2907 5316 2968 5370 in
3017 5315 3380 5372 credentium
3411 5315 3550 5382 ﬁde,
3579 5315 3672 5371 vel
3712 5317 3768 5371 in

2108 5407 2316 5479 judicii
2347 5407 2726 5477 potestate.Et
2759 5405 3042 5478 quoniam
3075 5405 3201 5477 ipse
3235 5403 3778 5462 adesideriolabio-

362 5495 529 5567 riﬁm
573 5493 752 5562 ﬁlium
796 5503 953 5551 tuum
1004 5493 1182 5562 (Joan.
1232 5493 1392 5564 xvu),
1444 5499 1551 5552 etc.
1617 5495 1900 5554 Dominus
1951 5503 2010 5554 et
2116 5513 2245 5551 rum
2274 5511 2517 5552 suorum
2544 5495 2803 5552 fraudari
2840 5512 2957 5551 non
2990 5494 3206 5567 potuit,
3242 5493 3302 5552 in
3332 5493 3432 5550 his
3459 5498 3774 5565 quatuora

3633 199 3798 264 1012
3907 199 3910 260 ί

3913 385 3922 486 i
