3982 6082
177 266 336 330 1913

844 267 1198 330 ΗΟΜΙΙιΙᾸῑ
1238 267 1317 328 ΙΝ
1363 267 1614 328 EPIST.
1661 266 1761 327 ET
1805 265 1850 326 E

1959 264 2095 326 ΝΘ.
2141 262 2494 326 DOMINIC.
2519 294 2597 307 —
2623 261 2826 322 PARS
2868 260 2918 320 Ι.

3425 259 3584 320 1914

182 399 351 455 Patre
379 397 734 455 clariﬁoatus
755 397 886 454 fuit.
910 398 973 454 In
993 398 1360 457 humanitate
1382 399 1598 471 quippe
1620 397 1828 453 clariﬁ-
1858 398 1915 464 Α
1942 412 2101 468 quem
2125 394 2332 450 misisti
2355 399 2545 451 Jesum
2592 394 2884 449 Christum.
2927 389 3247 449 Utilitatem
3295 393 3422 449 dico
3466 410 3583 450 non

185 487 338 543 cavit
362 488 527 543 Pater
557 487 787 555 Filium,
822 488 1056 559 quando
1077 505 1213 543 eum
1244 488 1607 544 resuscitavit
1633 505 1647 554 ;
1681 490 1738 542 et
1768 485 1829 540 in

185 592 357 631 carne
386 575 709 647 glorificata
738 592 872 632 eum
895 577 966 632 ad
999 577 1293 632 dexteram
1315 594 1482 632 suam
1506 575 1826 632 collocavit.

185 664 249 719 In
281 664 555 736 operibus
585 681 718 720 vero
749 679 882 721 eum
915 666 1276 739 glorificavit,
1304 667 1539 738 quando
1558 665 1645 721 vel
1676 669 1828 732 ante,

181 750 271 808 vel
303 755 437 823 post
453 753 938 810 resurrectionem
962 754 1262 830 miraculis
1284 760 1339 810 et
1359 756 1674 812 virtutibus
1696 772 1831 811 eum

180 857 384 896 verum
440 858 569 898 esse
617 842 824 897 Filium
878 841 976 898 Dei
1021 845 1457 900 demonstravit.
1508 845 1669 900 Unde
1707 845 1833 918 ipse

185 946 289 1001 per
311 946 511 986 vocem
544 930 614 986 de
663 930 804 986 ccelo
836 932 1050 988 factam
1099 933 1280 988 dixit:
1313 935 1379 988 Et
1425 935 1746 1005 ctariﬁcavi,
1785 942 1836 990 et

183 1019 386 1075 iterum
414 1019 746 1090 clariﬁcabo.
779 1021 842 1075 In
874 1022 1051 1077 fidem
1096 1022 1271 1077 etiam
1304 1023 1666 1078 credentium
1698 1040 1832 1079 eum

185 1105 555 1175 clarificavit;
589 1109 822 1180 quando
853 1111 1155 1167 credentes
1185 1111 1245 1166 in
1276 1128 1408 1166 eum
1441 1112 1750 1168 sanctitate
1781 1115 1837 1167 et

185 1210 359 1268 opere
389 1194 577 1251 claros
603 1196 756 1252 fecit.

260 1283 426 1340 Unde
454 1288 511 1340 et
535 1285 659 1357 ipse
690 1285 872 1343 Filius
913 1287 974 1343 in
1006 1291 1385 1361 sequentibus
1415 1291 1592 1346 dicit:
1624 1293 1691 1346 Et
1721 1292 1836 1346 cla-

189 1373 432 1445 riﬁcatus
461 1390 586 1429 sum
613 1377 675 1431 in
703 1378 800 1443 eis,
832 1377 1098 1434 videlicet
1118 1379 1178 1434 in
1202 1378 1525 1452 discipulis.
1553 1380 1614 1435 In
1637 1380 1838 1453 iudicii

187 1478 324 1520 vero
355 1467 660 1534 potestate,
712 1481 847 1521 eum
895 1467 1152 1540 amplius
1201 1467 1566 1536 clariﬁcabit,
1607 1471 1838 1543 quando

189 1551 462 1608 ostendet
488 1567 624 1608 cum
655 1553 910 1624 judicem
932 1556 1217 1625 omnium,
1235 1558 1495 1628 judicem
1519 1558 1836 1615 salvantem

189 1656 354 1711 suos,
384 1643 443 1696 et
473 1641 852 1699 damnantem
884 1645 1180 1718 reprobos.
1218 1647 1415 1704 Finem
1443 1665 1580 1704 vero
1611 1649 1840 1721 petitio-

193 1728 448 1835 nisnsum.
461 1730 711 1835 (exponit.
730 1747 866 1835 cum
897 1732 1038 1789 dicit
1069 1751 1083 1790 :
1120 1737 1186 1793 Ut
1212 1737 1386 1792 Filius
1428 1745 1554 1792 tuus
1583 1739 1843 1810 clariﬁcet
1871 1769 1919 1835 Β

193 1825 262 1874 te.
289 1816 591 1890 Significat
619 1823 813 1877 autem
853 1822 974 1878 haec
1003 1825 1358 1895 conjunctio,
1389 1834 1468 1893 ut,
1503 1843 1615 1882 non
1650 1827 1841 1884 solum

195 1907 686 1978 consecutionem,
719 1911 820 1966 sed
852 1911 1029 1968 etiam
1061 1930 1298 1970 causam
1329 1915 1584 1971 ﬁnalem.
1619 1917 1684 1972 Et
1713 1933 1845 1972 con-

169 1996 558 2053 secutionem
591 1999 830 2071 quidem
853 2001 1162 2074 signiﬁcat,
1197 2005 1476 2076 quoniam
1508 2023 1641 2060 cum
1675 2007 1846 2061 Pater

193 2088 254 2140 et
301 2083 482 2142 Filius
531 2089 812 2160 tanquam
860 2090 1100 2147 relativa
1142 2093 1261 2148 sint
1309 2094 1485 2149 simul
1534 2098 1744 2151 natura
1787 2099 1845 2151 et

195 2173 546 2246 cognitione,
581 2178 813 2250 cognito
853 2183 910 2235 et
935 2179 1249 2238 clariﬁcato
1282 2183 1445 2252 Filio,
1479 2201 1844 2256 consequens

196 2265 288 2318 est
331 2267 397 2318 ut
443 2267 500 2319 et
548 2264 715 2321 Pater
760 2273 1146 2341 cognoscatur
1182 2274 1239 2325 et
1286 2270 1656 2328 clariﬁcetur.
1693 2273 1846 2327 Rur-

196 2368 302 2407 sus
329 2367 467 2408 cum
495 2353 666 2410 Pater
694 2359 752 2411 et
800 2356 985 2413 Filius
1029 2358 1150 2414 sint
1187 2359 1654 2416 substantialiter
1683 2361 1846 2416 simi-

197 2438 304 2505 les,
337 2443 398 2496 et
427 2441 487 2497 in
521 2459 635 2498 uno
666 2443 846 2500 simili
875 2452 1264 2520 cognoscatur
1294 2449 1606 2521 reliquum,
1639 2466 1847 2506 conse-

200 2544 391 2601 quens
419 2535 508 2586 est
537 2535 619 2600 ut,
653 2534 885 2606 cognito
916 2539 972 2590 et
1002 2534 1318 2593 clariﬁCato
1341 2537 1506 2605 Filio,
1540 2555 1850 2612 cognosca-

197 2619 300 2676 tur
329 2622 387 2674 et
433 2619 786 2678 clariﬁcetur
829 2623 1005 2679 etiam
1039 2624 1225 2680 Pater.
1260 2626 1508 2683 Causam
1539 2643 1671 2684 vero
1704 2629 1847 2684 ﬁna-

194 2703 316 2762 lem
369 2707 679 2781 signiﬁcat,
735 2713 1013 2784 quoniam
1044 2713 1154 2770 hoc
1211 2715 1325 2770 fine
1375 2716 1632 2788 postulat
1669 2716 1851 2773 Filius

191 2794 529 2866 clarificari,
563 2816 597 2854 a
627 2800 815 2867 Patre,
849 2807 914 2856 ut
944 2800 1002 2856 in
1035 2802 1142 2860 hoc
1173 2802 1523 2860 clariﬁcetur
1553 2807 1736 2862 Pater.
1772 2809 1851 2861 Ac

196 2883 254 2940 si
281 2883 460 2941 dicat:
499 2887 684 2956 Pater,
709 2889 962 2946 clarifica
992 2908 1084 2946 me
1115 2893 1185 2947 ad
1218 2892 1450 2949 laudem
1483 2899 1540 2950 et
1569 2895 1850 2950 honorem

196 2973 459 3031 nominis
490 2976 596 3031 tui.
650 2978 710 3033 In
743 2995 878 3050 quo,
911 2980 1119 3036 fratres
1152 2981 1286 3051 mei,
1321 2983 1420 3038 dat
1463 2983 1632 3038 nobis
1659 3000 1852 3039 exem-

193 3059 392 3134 plum,
442 3069 505 3119 ut
551 3065 838 3139 quidquid
885 3067 1157 3125 volumus
1200 3075 1259 3126 et
1307 3071 1580 3142 petimus,
1633 3088 1749 3127 non
1780 3074 1849 3127 ad

1940 501 2130 552 suam,
2165 485 2265 540 sed
2297 488 2580 541 nostram.
2614 486 2744 556 lpse
2765 483 2920 538 enim
2953 499 3067 537 non
3100 483 3305 551 nostri,
3341 487 3406 538 ut
3433 482 3584 539 alius

1937 573 2182 648 indiget,
2215 574 2308 629 cui
2355 573 2495 629 dicit
2537 572 2882 628 Psalmista:
2910 574 3049 628 Deus
3076 588 3225 627 meus
3255 589 3310 627 es
3339 579 3416 638 tu,
3448 588 3587 645 quo-

1937 665 2098 719 niam
2129 665 2394 718 bonorum
2422 679 2666 718 meorum
2693 678 2802 718 non
2858 679 2976 731 eges
3047 662 3218 728 (Psal.
3279 661 3392 733 xv.)
3459 661 3585 716 Non

1941 753 2098 808 enim
2131 770 2166 808 a
2195 752 2363 809 nobis
2413 753 2568 808 credi
2599 751 2686 806 vel
2721 751 2991 824 cognosci
3024 749 3206 805 voluit
3236 754 3470 822 propter
3501 766 3586 819 se,

1942 843 2042 898 sed
2094 847 2329 915 propter
2376 859 2501 897 nos.
2553 843 2680 914 Ipse
2713 841 2925 914 quippe
2955 857 3087 895 cum
3119 856 3348 896 summe
3379 840 3588 895 beatus

1941 935 2115 998 esset,
2149 949 2264 987 non
2294 931 2590 1004 indigebat
2622 948 2655 986 a
2685 929 2915 986 miseris
2939 929 3228 1001 cognosci,
3261 928 3348 984 vel
3381 929 3452 983 ad
3485 926 3594 983 mi-

1943 1036 2104 1076 seros
2135 1022 2426 1076 accedere.
2457 1021 2566 1076 Sed
2601 1037 2706 1076 nos
2738 1037 2871 1075 cum
2903 1018 3102 1075 miseri
3125 1035 3411 1084 essemus,
3444 1017 3592 1073 indi-

1943 1109 2226 1182 gebamus
2256 1125 2485 1166 summe
2515 1110 2752 1166 beatum
2779 1124 3113 1181 agnoscere,
3146 1110 3204 1163 et
3233 1107 3304 1162 ad
3336 1123 3469 1161 eum
3502 1121 3593 1162 ac-

1945 1201 2166 1269 cedere,
2193 1199 2339 1255 alias
2362 1217 2474 1256 non
2501 1204 2834 1272 poteramus
2852 1197 3032 1252 vitam
3055 1201 3328 1252 aternam
3352 1195 3588 1251 habere.

1947 1291 2216 1358 Quoniam
2247 1290 2365 1346 haec
2390 1298 2486 1354 est,
2523 1289 2736 1361 inquit,
2775 1289 2886 1343 vita
2917 1295 3139 1354 acterna,
3173 1294 3234 1340 ut
3277 1292 3594 1357 cognoscant

1947 1387 1997 1434 te
2024 1379 2202 1434 solum
2247 1380 2416 1435 Deum
2445 1395 2652 1446 verum,
2701 1385 2753 1434 et
2779 1395 2937 1449 quem
2981 1377 3190 1432 misisti
3222 1377 3405 1432 Jesum
3435 1373 3593 1430 Chri-

1945 1476 2110 1524 stum.
2144 1468 2318 1524 Porro
2350 1467 2602 1542 cognitio
2625 1467 2810 1522 Patris
2839 1471 2897 1522 et
2929 1465 3058 1522 Filii
3081 1482 3216 1521 cum
3249 1467 3450 1520 sancto
3469 1462 3597 1536 Spi-

1949 1557 2084 1627 ritu,
2118 1555 2332 1629 duplex
2362 1562 2477 1614 est:
2507 1557 2697 1614 Prima
2717 1560 2806 1612 est
2835 1555 2894 1610 in
2927 1555 3058 1622 ﬁde,
3091 1554 3274 1610 altera
3299 1552 3360 1608 in
3383 1551 3592 1626 specie.

1951 1645 2144 1702 Prima
2201 1650 2290 1702 est
2344 1646 2405 1701 in
2459 1645 2571 1716 via,
2631 1645 2811 1701 altera
2874 1644 2934 1700 in
2990 1644 3198 1716 patria.
3257 1642 3454 1698 Prima
3507 1645 3598 1698 est

1949 1735 2335 1808 zenigmatica,
2359 1735 2539 1791 altera
2555 1740 2775 1808 aperta.
2802 1735 3057 1806 Utraque
3078 1738 3273 1789 tamen
3296 1748 3404 1788 suo
3423 1731 3598 1788 modo

1950 1828 2142 1897 potest
2167 1825 2360 1880 vocari
2392 1825 2508 1880 vita
2538 1828 2770 1891 aeterna,
2817 1823 3092 1897 quoniam
3126 1822 3198 1878 ad
3224 1822 3402 1877 vitam
3435 1823 3598 1877 aeter-

1949 1930 2088 1969 nam
2118 1913 2299 1969 ducit.
2325 1913 2588 1987 Cognitio
2611 1931 2742 1970 vero
2765 1911 2975 1986 speciei
2997 1911 3211 1968 dicitur
3224 1911 3342 1966 vita
3363 1913 3600 1978 aeterna,

1895 2039 1904 2058 .
1951 2003 2229 2074 quoniam
2251 2003 2430 2058 vitam
2454 2008 2730 2058 aeternam
2755 2003 2996 2058 confert.
3021 1999 3284 2074 Cognitio
3307 1999 3523 2072 quippe
3545 2002 3603 2055 et

1948 2091 2094 2147 visio
2144 2092 2351 2147 divinae
2399 2091 2726 2163 majestatis
2756 2097 2812 2148 et
2841 2091 3035 2164 gloriae
3091 2106 3325 2147 omnem
3357 2087 3603 2162 expellet

1952 2181 2024 2236 ab
2056 2181 2253 2236 electis
2296 2181 2614 2247 miseriam,
2648 2186 2703 2236 et
2733 2198 2966 2237 omnem
2998 2179 3083 2236 eis
3124 2179 3378 2256 conferet
3420 2175 3602 2234 beati-

1955 2270 2241 2326 tudinem.
2274 2270 2433 2326 Visio
2462 2270 2652 2326 sereni
2685 2275 2740 2326 et
2761 2270 2874 2325 laeti
2900 2269 3052 2325 aeris
3081 2267 3272 2324 reddit
3299 2267 3602 2323 hominem

1955 2357 2176 2414 letum.
2210 2360 2358 2424 Quid
2393 2376 2527 2432 ergo
2562 2359 2798 2425 mirum,
2831 2360 2878 2415 si
2913 2358 3118 2413 divinae
3151 2355 3479 2430 majestatis
3510 2355 3603 2410 in-

1955 2446 3346 2520 comparabilisjucunditasvidentemjucundum
3361 2442 3606 2501 efficiat?

1959 2537 2113 2593 Visio
2144 2537 2350 2593 solaris
2372 2537 2613 2594 luminis
2633 2542 2688 2594 et
2709 2537 2919 2593 caloris
2947 2536 3217 2592 homines
3237 2533 3532 2590 iliuminat
3551 2536 3608 2589 et

1955 2625 2238 2682 calefacit.
2290 2628 2356 2682 Et
2403 2628 2543 2699 quid
2597 2627 2837 2692 mirum,
2892 2627 2942 2681 si
2970 2625 3150 2681 divini
3193 2622 3520 2696 splendoris
3550 2625 3608 2678 et

1957 2715 2261 2771 charitatis
2313 2716 2682 2771 immensitas
2732 2719 3044 2788 praesentes
3095 2712 3388 2769 illuminet
3415 2716 3473 2768 et
3516 2711 3606 2766 in-

1958 2801 2257 2860 ﬂammet?
2278 2805 2590 2860 Praesentia
2614 2803 2998 2877 fragrantium
3018 2806 3346 2858 aromatum
3365 2815 3608 2873 quaeque

1959 2893 2223 2965 proxima
2257 2894 2513 2949 suaviter
2544 2894 2904 2950 aromatizat.
2937 2893 3083 2957 Quid
3116 2892 3352 2946 mirum.
3387 2890 3437 2944 si
3469 2887 3608 2944 divi-

1958 2981 2050 3037 tia:
2085 2983 2393 3038 suavitatis
2422 2987 2479 3038 et
2511 2981 2837 3054 fragrantia:
2882 2979 3254 3037 ineil‘abilitas
3296 2979 3610 3052 praesentes

1961 3070 2298 3126 aromatizet
2317 3075 2374 3126 et
2394 3071 2678 3126 delectet?
2698 3071 3057 3126 Musicorum
3081 3070 3610 3124 instrumentorum

197 3156 486 3219 nostram,
514 3156 615 3210 sed
647 3157 716 3211 ad
741 3155 975 3214 laudem
1007 3163 1062 3213 et
1092 3158 1371 3215 honorem
1403 3161 1504 3216 Dei
1530 3161 1778 3217 velimus
1797 3167 1854 3217 et
1882 3146 1924 3212 C
1965 3159 2217 3215 melodia
2233 3160 2502 3216 homines
2526 3159 2771 3216 delectat
2793 3159 3123 3215 audientes:
3143 3157 3282 3230 quid
3307 3155 3611 3227 mirum,si

198 3242 496 3311 petamus,
529 3240 786 3298 dicentes
817 3259 952 3299 cum
985 3245 1332 3302 Psalmista:
1365 3249 1480 3303 Non
1529 3250 1704 3313 nobis,
1742 3253 1852 3304 Do-

201 3327 373 3394 mine,
416 3346 530 3385 non
573 3331 730 3386 nobis
777 3333 869 3388 sed
918 3335 1135 3389 nomini
1176 3343 1267 3390 tuo
1313 3335 1383 3391 da
1411 3337 1646 3404 gloriam
1679 3337 1851 3406 (Psal.

202 3416 328 3488 ιιι.)
362 3416 710 3474 Clariﬁcavit
737 3425 933 3477 autem
965 3421 1145 3478 Filius
1166 3424 1396 3479 Patrem
1418 3425 1608 3481 tribus
1639 3425 1851 3494 modis,

207 3505 338 3576 cjus
370 3524 581 3563 nomen
613 3509 952 3565 hominibus
976 3511 1366 3583 praedicando,
1390 3513 1448 3567 in
1473 3515 1600 3584 ejus
1621 3515 1858 3571 nomine

209 3591 380 3666 signa
407 3599 465 3652 et
494 3597 778 3654 miracula
827 3599 1111 3668 faciendo,
1150 3600 1200 3655 ei
1235 3601 1434 3657 omnia
1463 3603 1854 3671 attribuendo,

209 3685 267 3744 et
295 3684 367 3739 ad
399 3700 534 3740 eum
555 3687 756 3743 omnia
773 3688 1092 3744 referendo.
1123 3689 1304 3753 Quem
1334 3695 1391 3746 et
1411 3708 1518 3747 nos
1539 3691 1855 3762 imitantes,

210 3771 422 3832 fratres
463 3774 817 3845 charissimi,
870 3775 1278 3846 clariﬁcemus,
1311 3785 1602 3851 quantum
1650 3799 1857 3853 possu-

211 3878 368 3932 mus,
401 3880 613 3921 nomen
639 3865 764 3934 Dei,
787 3867 915 3938 ejus
932 3865 1179 3938 gloriam
1205 3881 1439 3940 semper
1460 3869 1857 3941 praedicando;

211 3949 274 4006 in
303 3950 433 4022 ejus
479 3953 712 4010 nomine
762 3955 914 4010 bona
962 3973 1065 4028 pro
1115 3973 1285 4027 posse
1334 3963 1534 4013 nostro
1572 3959 1857 4031 faciendo,

210 4041 412 4096 omnia
440 4043 594 4098 bona
624 4047 824 4100 nostra
853 4044 907 4099 ei
937 4044 1334 4112 attribuendo,
1363 4051 1421 4100 et
1450 4047 1522 4102 ad
1544 4065 1680 4103 eum
1710 4049 1860 4104 refe-

210 4131 412 4186 rendo.
448 4131 687 4188 Modum
717 4150 952 4205 quoque
981 4133 1417 4190 clariﬁcationis
1449 4136 1700 4207 exponit,
1725 4155 1859 4193 cum

208 4219 467 4278 subdit:
525 4219 680 4276 Sicut
744 4221 942 4277 dedisti
1011 4224 1067 4278 ei
1117 4229 1432 4294 potestatem
1496 4227 1674 4280 omnis
1738 4243 1858 4281 car-

206 4311 322 4377 nis,
355 4317 416 4365 ut
461 4325 617 4365 omne
645 4311 785 4382 quod
811 4311 1012 4367 dedisti
1038 4313 1092 4367 ei
1134 4313 1221 4367 det
1248 4315 1328 4367 eis
1373 4314 1541 4368 vitam
1569 4322 1857 4371 aeternam.

209 4398 489 4464 subaudi,
520 4397 602 4454 ita
631 4415 760 4454 esse
797 4416 996 4456 verum
1029 4401 1303 4456 omnibus
1334 4401 1662 4459 manifesta.
1698 4405 1860 4468 Quod

209 4487 454 4560 quidem
500 4487 560 4542 in
610 4491 774 4559 parte
795 4489 924 4559 jam
970 4488 1282 4562 impletum
1319 4494 1428 4546 est.
1483 4491 1858 4550 Manifestum

210 4575 370 4633 enim
407 4576 535 4647 jam
581 4580 671 4632 est
726 4575 1000 4632 fideli-bus
1046 4576 1340 4634 Christum
1383 4578 1601 4636 habere
1630 4599 1664 4637 a
1694 4582 1860 4640 Patre

211 4668 564 4738 potestatem
593 4664 786 4720 omnis
835 4665 1063 4721 carnis:
1095 4671 1154 4722 et
1190 4666 1482 4736 ﬁdelibus,
1515 4669 1616 4740 qui
1647 4672 1718 4727 ab
1750 4671 1860 4729 hoc

214 4753 425 4812 seculo
465 4753 883 4828 migraverunt,
908 4755 1036 4826 jam
1067 4754 1228 4810 dedit
1255 4755 1435 4812 vitam
1463 4763 1761 4815 mternam.
1796 4761 1861 4817 In

217 4841 333 4897 ﬁne
360 4859 493 4900 vero
541 4842 949 4900 universaliter
998 4843 1272 4902 omnibus
1320 4845 1858 4921 eritmanifestum,

216 4931 452 5002 quando
474 4932 655 5002 judex
683 4933 988 5006 apparebit
1014 4933 1298 5002 omnium,
1333 4919 1482 4991 dans
1526 4937 1652 4993 suis
1681 4919 1860 4996 vitam

215 5023 514 5087 sternam,
547 5024 605 5076 et
635 5021 896 5094 reprobis
926 5037 1178 5095 poenam,
1211 5026 1268 5078 et
1295 5027 1434 5078 tunc
1463 5023 1720 5094 plenarie
1751 5029 1861 5084 Pa-

213 5113 306 5174 ter
333 5109 392 5164 in
425 5108 590 5180 Filio,
621 5114 680 5166 et
710 5111 889 5168 Filius
928 5111 1282 5168 clarificatus
1309 5112 1419 5168 erit
1445 5112 1503 5167 in
1539 5115 1723 5172 Patre.
1757 5119 1864 5175 Po-

213 5202 487 5258 iactatam
515 5215 647 5255 vero
694 5201 837 5257 dicit
887 5201 1155 5257 Christus
1185 5200 1297 5258 sibi
1325 5218 1361 5257 a
1390 5201 1557 5258 Patre
1603 5221 1732 5262 esse
1761 5208 1863 5264 da-

214 5293 361 5355 tam,
388 5287 666 5360 quoniam
715 5306 843 5363 qua;
875 5295 999 5347 erat
1027 5291 1100 5358 ei,
1133 5290 1194 5346 in
1234 5295 1522 5363 quantum
1571 5299 1661 5349 est
1687 5295 1861 5365 Deus,

217 5381 428 5434 natura
450 5378 665 5435 factum
693 5385 782 5436 est
809 5380 884 5450 ei,
908 5380 967 5436 in
999 5384 1285 5454 quantum
1316 5385 1407 5436 est
1438 5380 1632 5450 homo,
1655 5385 1861 5455 gratia.

217 5466 538 5526 Utilitatem
569 5469 806 5541 exponit
829 5486 965 5525 cum
987 5471 1300 5544 subjungit
1322 5487 1334 5499 ο
1389 5472 1516 5528 Hcce
1559 5479 1636 5527 est
1684 5482 1867 5531 autem

215 5558 333 5616 vita
379 5563 609 5627 eterna,
661 5566 721 5614 ut
749 5568 1075 5628 cognoscant
1101 5568 1152 5616 te
1186 5561 1365 5616 solum
1389 5561 1561 5616 Deum
1603 5577 1788 5622 verum
1817 5575 1869 5621 et

1963 3247 2168 3303 divinze
2200 3250 2593 3305 consonantia:
2626 3249 2932 3304 harmonia
2965 3245 3276 3302 ineifabilis
3297 3248 3612 3318 praesentes

1963 3336 2182 3392 alliciat
2226 3341 2282 3393 et
2311 3337 2600 3394 delectet?
2633 3336 2820 3392 Mellis
2850 3340 2906 3392 et
2947 3335 3200 3392 nectaris
3231 3333 3474 3390 dulcedo
3505 3349 3612 3404 gu-

1965 3431 2188 3482 stantes
2235 3426 2503 3494 delectat,
2557 3425 2697 3498 quid
2729 3426 2967 3493 mirum,
3001 3424 3049 3480 si
3100 3423 3306 3480 divinae
3337 3419 3614 3478 bonitatis

1965 3515 2209 3572 dulcedo
2240 3514 2604 3571 admirabilis
2625 3520 2926 3589 gustantes
2947 3517 3149 3586 pascat
3173 3517 3228 3568 et
3253 3509 3545 3568 delectet?

2039 3605 2256 3661 Gustate
2283 3614 2332 3661 et
2361 3605 2554 3673 videte,
2577 3605 2771 3677 inquit
2797 3603 3128 3675 Psalmista,
3151 3603 3410 3676 quoniam
3429 3601 3616 3656 suavis

1966 3696 2228 3750 Dominus
2285 3701 2362 3750 est
2421 3693 2586 3766 (Psat.
2620 3694 2843 3761 xxxm.)
2899 3692 2968 3746 Et
3021 3690 3070 3748 si
3131 3689 3476 3762 temporalia
3502 3687 3617 3743 ista

1964 3783 2105 3838 vilia
2132 3787 2188 3838 et
2219 3782 2577 3853 transitoria,
2603 3782 2809 3837 fratres
2830 3779 3183 3847 charissimi,
3217 3779 3301 3834 sic
3330 3777 3612 3846 afficiunt,

1967 3877 2217 3943 pascunt
2272 3876 2328 3927 et
2385 3871 2694 3937 delectant,
2754 3887 2932 3942 quam
2992 3867 3464 3941 incomparaliter
3516 3865 3618 3922 illa

1969 3960 2164 4018 divina
2203 3961 2568 4032 jucunditas,
2603 3960 2700 4015 ille
2749 3959 3042 4031 splendor,
3075 3958 3178 4012 illa
3207 3957 3485 4026 suavitas,
3517 3955 3619 4010 illa

1969 4050 2213 4106 dulcedo
2247 4065 2384 4106 suos
2415 4049 2649 4114 afﬁciet,
2696 4051 2895 4120 pascet
2938 4052 2995 4103 et
3023 4045 3332 4102 delectabit
3362 4045 3422 4100 in
3453 4049 3617 4099 aeter-

1969 4156 2111 4194 num
2130 4138 2158 4193 ?
2189 4139 2257 4192 Et
2297 4137 2532 4209 quidem
2564 4136 2924 4208 comparatio
2954 4140 3317 4191 terrenorum
3350 4134 3421 4189 ad
3452 4135 3616 4188 aeter-

1970 4228 2213 4282 nitatem
2245 4225 2404 4281 nulla
2433 4229 2542 4291 est,
2577 4223 2678 4280 sed
2706 4242 2834 4290 nos,
2870 4228 2932 4279 ut
2952 4240 3292 4297 possumus,
3323 4219 3620 4296 magnalia

1970 4317 2072 4374 Dei
2103 4315 2297 4389 potius
2329 4313 2689 4369 balbutimus
2729 4329 2906 4386 quam
2937 4312 3306 4384 eloquamur,
3341 4311 3618 4384 quoniam

1967 4423 2067 4462 nec
2090 4406 2279 4461 oculus
2307 4403 2462 4471 vidit,
2496 4419 2593 4459 nec
2620 4405 2774 4458 auris
2794 4403 3027 4471 audivit,
3059 4418 3158 4458 nec
3189 4403 3248 4456 in
3272 4417 3364 4456 cor
3382 4401 3621 4456 hominis

1892 4517 1937 4581 ι)
1968 4495 2208 4553 ascendit
2253 4509 2379 4565 qna?
2404 4493 2746 4564 praeparavit
2795 4493 2936 4548 Deus
2982 4490 3436 4581 diligitenbusse
3465 4487 3617 4581 (laci.

1971 4603 2131 4652 LXIV;
2166 4586 2190 4640 Ι
2221 4585 2342 4640 Cor.
2375 4587 2461 4649 Il.)
2492 4581 2764 4636 Meritum
2790 4579 3029 4654 exponit
3057 4595 3191 4634 cum
3225 4577 3462 4634 subdit:
3509 4578 3621 4646 Ego

1969 4684 2018 4732 te
2053 4675 2356 4745 clariﬁcavi
2402 4687 2566 4742 super
2613 4679 2835 4738 terram,
2888 4685 3021 4742 opus
3071 4669 3447 4726 consummavi
3481 4665 3622 4738 quod

1968 4765 2164 4821 dedisti
2190 4763 2332 4818 mihi
2361 4769 2420 4816 ut
2449 4762 2673 4832 faciam.
2727 4759 2993 4815 Christus
3048 4757 3265 4830 quippe
3295 4755 3458 4812 solus
3491 4770 3622 4810 vere

1972 4853 2186 4910 meruit
2217 4855 2272 4907 et
2294 4849 2501 4907 mereri
2527 4848 2738 4922 potuit.
2762 4849 2845 4904 Ad
2874 4848 2983 4902 hoc
3000 4846 3213 4919 quippe
3235 4845 3390 4917 quod
3408 4841 3623 4915 aliquis

1970 4941 2202 5016 preprie
2233 4939 2442 4996 mereri
2490 4938 2738 5004 dicatur,
2773 4937 2888 4992 duo
2938 4938 3309 5001 concurrunt,
3360 4931 3627 4987 videlicet

1972 5036 2037 5087 ut
2067 5031 2143 5088 sit
2160 5036 2360 5086 auctor
2376 5028 2570 5101 operis
2594 5027 2706 5094 sui,
2727 5031 2783 5081 et
2799 5030 2863 5080 ut
2879 5041 2994 5098 prae
3013 5039 3074 5080 se
3091 5023 3303 5078 habeat
3318 5022 3622 5091 majorem,

1973 5120 2130 5193 apud
2162 5135 2336 5190 quem
2387 5120 2701 5172 mereatur.
2753 5114 2872 5170 Nisi
2903 5113 3059 5170 enim
3092 5112 3170 5169 sit
3201 5115 3404 5168 auctor
3433 5110 3626 5182 operis

1974 5209 2086 5279 sui,
2121 5206 2331 5264 mereri
2364 5222 2481 5261 non
2517 5208 2740 5278 potest;
2767 5204 2905 5276 quia
2925 5221 3097 5260 nemo
3120 5217 3222 5274 pro
3246 5201 3436 5257 alieno
3457 5199 3630 5254 debet

1974 5315 2146 5374 opere
2177 5294 2464 5365 coronari,
2524 5311 2629 5350 nec
2660 5293 2948 5349 damnari.
3003 5295 3075 5349 Et
3105 5291 3219 5347 nisi
3269 5291 3482 5346 habeat
3512 5304 3629 5360 prie

1975 5405 2037 5444 se
2070 5387 2372 5456 majorem,
2425 5383 2634 5438 mereri
2688 5397 2803 5436 non
2855 5385 3094 5453 postest,
3129 5379 3408 5452 quoniam
3457 5391 3630 5430 nemo

1976 5479 2255 5543 meretur,
2290 5474 2340 5530 si
2385 5489 2504 5528 non
2535 5476 2624 5527 est
2654 5487 2688 5526 a
2718 5486 2833 5542 quo
2883 5470 3191 5542 przemium
3241 5461 3630 5540 priest-oletum

1977 5566 2094 5621 Hac
2126 5579 2263 5637 ergo
2315 5561 2536 5619 ratione
2593 5559 2767 5615 homo
2822 5558 2912 5614 vel
2970 5555 3221 5629 angelus
3279 5549 3488 5612 mereri
3517 5565 3634 5608 non
