3982 6082
382 235 539 298 1915

1382 240 1780 301 ADDENDA.
1813 270 1892 282 —
1922 239 2324 302 BADULPHI
2367 237 2788 300 ARDENTIS.

3665 231 3816 292 1916

380 374 590 444 potest,
625 353 902 444 quoniam
933 375 991 428 et
1021 371 1068 428 si
1097 371 1308 428 habeat
1342 389 1457 445 prae
1489 389 1550 428 se
1582 375 1902 445 majorem;
1938 376 2020 427 ta-
2052 374 2108 440 Α
2137 374 2292 446 apud
2315 374 2566 440 Patrem,
2591 372 2720 443 ejus
2741 385 3074 426 sermonem
3091 368 3497 435 observemus,
3520 365 3817 440 quoniam

381 477 514 517 men
563 461 753 534 operis
783 463 873 517 sui
923 467 1127 518 auctor
1173 480 1300 518 esse
1333 479 1448 518 non
1498 466 1706 534 potest,
1750 463 2028 534 quoniam

380 550 645 607 omnium
694 551 980 606 bonorum
1031 569 1157 623 qua:
1189 553 1312 623 ipse
1353 552 1504 618 fecit,
1537 569 1653 607 non
1686 555 1775 607 est
1806 556 2026 618 auctor,

380 641 480 695 sed
510 643 741 695 tantum
774 641 1061 707 minister,
1094 641 1371 712 quoniam
1403 642 1555 696 Deus
1583 646 1671 696 est
1702 641 1801 712 qui
1828 658 2028 713 opera-

378 733 476 784 tur
505 728 564 784 in
615 729 782 784 nobis
813 734 869 784 et
917 729 1059 784 velle
1087 734 1145 785 et
1173 731 1444 802 perﬁcere
1496 731 1762 802 (Philipp.
1799 730 1881 801 ιι).
1917 729 2028 784 Sed

381 834 485 874 nec
516 818 670 873 Deus
721 819 888 873 Pater
909 819 993 874 vel
1026 819 1275 890 Spiritus
1306 824 1545 875 sanctus
1578 819 1785 873 mereri
1818 823 2026 890 potest,

381 907 658 978 quoniam
679 910 735 962 et
765 907 812 961 si
845 907 918 962 sit
945 914 1147 962 auctor
1166 907 1359 979 operis
1389 909 1500 975 sui,
1526 912 1722 963 tamen
1747 909 2028 978 majorem

380 995 534 1066 apud
569 1012 743 1067 quem
775 1001 1068 1052 mereatur
1098 1014 1211 1052 non
1263 997 1457 1052 habet.
1499 997 1766 1052 Christus
1797 1013 2029 1068 quoque

380 1084 542 1140 solus
567 1089 676 1152 est,
713 1085 833 1156 qui,
866 1086 923 1139 in
957 1092 1245 1158 quantum
1278 1086 1433 1141 Deus
1463 1091 1574 1152 est,
1607 1091 1809 1141 auctor
1838 1086 2029 1157 operis

381 1172 472 1227 sui
503 1189 629 1228 esse
659 1179 866 1245 potest,
901 1179 976 1240 et,
1010 1174 1068 1229 in
1092 1179 1376 1247 quantum
1407 1175 1581 1230 homo
1603 1181 1710 1243 est,
1745 1177 2028 1246 majorem

380 1263 535 1335 apud
567 1280 741 1334 quem
797 1268 1106 1330 mereatur,
1159 1265 1350 1320 habet.
1400 1264 1669 1320 Christus
1699 1281 1834 1336 ergo
1867 1263 2028 1320 solus

380 1353 597 1408 meruit
625 1354 903 1409 etmereri
933 1353 1140 1426 potuit.
1169 1355 1454 1410 Dicuntur
1475 1359 1669 1409 autem
1695 1353 1878 1409 sancti
1907 1370 2028 1409 me-

380 1441 512 1510 reri,
548 1442 827 1514 quoniam
858 1447 914 1498 et
942 1444 989 1498 si
1022 1460 1137 1498 non
1167 1461 1268 1516 per
1298 1461 1359 1499 se
1389 1445 1544 1499 bona
1572 1447 1907 1516 operantur,
1940 1447 2025 1497 ta-

381 1548 514 1587 men
546 1531 662 1587 Deo
712 1537 1136 1604 cooperantur:
1172 1535 1243 1588 Et
1266 1533 1394 1589 ideo
1438 1550 1573 1588 cum
1627 1532 1816 1588 solum
1852 1549 2025 1587 suum

379 1636 527 1692 opus
576 1625 814 1676 coronet
859 1621 1011 1677 Deus
1043 1622 1102 1676 in
1133 1623 1320 1690 nobis,
1372 1622 1650 1677 dicuntur
1695 1626 1904 1676 tamen'
1923 1638 2026 1692 pro

379 1710 603 1765 meritis
633 1710 930 1779 coronari;
961 1711 1216 1766 divinam
1247 1712 1495 1785 gratiam
1519 1729 1632 1766 non
1656 1711 1768 1766 nisi
1799 1711 2029 1783 proprie
2058 1745 2104 1808 B

379 1799 586 1854 merita
617 1804 816 1855 nostra
842 1804 1131 1868 vocantes,
1163 1817 1297 1856 cum
1330 1805 1526 1872 aperte
1553 1800 1762 1856 clamet
1788 1801 2028 1872 Aposto-

377 1886 490 1956 lus,
525 1889 802 1962 quoniam
833 1906 943 1946 non
970 1907 1040 1946 ex
1081 1891 1331 1961 operibus
1353 1891 1610 1962 justitiae,
1644 1905 1770 1961 qua
1796 1891 2025 1962 fecimus

377 1994 494 2046 nos,
541 1979 634 2034 sed
683 1979 980 2034 secundum
1025 1996 1184 2034 suam
1229 1979 1663 2035 miserieordiam
1708 1980 1886 2035 salvos
1930 1996 2026 2036 nos

374 2069 505 2140 fecit
553 2069 678 2140 (Tit.
719 2068 826 2140 ιιι.)
877 2068 1183 2140 Exponens
1231 2085 1367 2140 ergo
1418 2069 1771 2139 Redemptor
1828 2073 2027 2123 noster

377 2157 654 2212 meritum
705 2173 880 2212 suum
908 2157 988 2212 ait
1013 2173 1026 2212 :
1058 2158 1165 2228 Ego
1196 2165 1246 2212 te
1274 2158 1578 2228 elariﬁca-vi
1604 2173 1768 2228 super
1799 2165 2020 2213 terram.

375 2245 501 2301 Non
533 2244 633 2311 ait,
682 2245 741 2300 in
773 2250 947 2312 terra,
1000 2245 1277 2317 quoniam
1329 2246 1388 2300 in
1437 2245 1554 2300 illis
1607 2246 1706 2318 qui
1754 2262 1856 2318 per
1885 2262 2021 2300 con-

374 2337 665 2406 temptum
715 2333 921 2388 mundi
951 2351 1066 2388 non
1121 2333 1180 2388 in
1211 2339 1384 2401 terra,
1421 2335 1519 2389 sed
1579 2351 1756 2406 super
1805 2338 2020 2390 terram

375 2426 534 2490 sunt,
567 2422 818 2477 maxime
839 2422 992 2478 Deus
1023 2421 1394 2489 clariﬁcatur,
1427 2423 1568 2478 dum
1595 2422 1875 2478 clarificat
1899 2440 2018 2478 eos.

375 2511 485 2567 Sed
516 2514 573 2567 et
603 2511 732 2584 ipsa
780 2528 974 2584 opera,
1009 2528 1112 2586 per
1140 2529 1266 2584 quae
1315 2512 1469 2567 Deus
1499 2511 1870 2582 clariﬁcatur,
1905 2530 2021 2568 non

373 2603 622 2668 terrena,
669 2601 770 2656 sed
818 2601 1014 2673 potius
1061 2617 1238 2673 super
1282 2605 1496 2656 terram
1550 2606 1710 2656 sunt.
1743 2601 1901 2674 Opus
1932 2601 2018 2656 in-

365 2689 639 2762 junctum
673 2690 1095 2758 consummavi,
1129 2690 1230 2745 sed
1263 2707 1379 2745 non
1409 2707 1477 2745 ex
1507 2707 1618 2756 me,
1650 2691 1926 2762 quoniam
1957 2695 2021 2746 tu

373 2779 501 2853 ipse
531 2795 592 2834 es
624 2779 724 2851 qui
755 2779 899 2835 illud
939 2778 1084 2834 mihi
1138 2779 1466 2851 injunxisti,
1500 2784 1565 2835 ut
1595 2779 1740 2835 illud
1773 2780 2020 2836 facerem

374 2867 518 2923 mihi
565 2868 798 2925 dedisti.
834 2868 896 2924 In
929 2885 1043 2941 quo
1073 2869 1452 2925 confunditur
1479 2867 1714 2924 illorum
1747 2871 2023 2942 superbia

375 2956 475 3030 qui
505 2973 652 3029 opus
684 2975 858 3012 suum
890 2974 959 3013 ex
978 2958 1159 3014 libero
1182 2958 1420 3014 arbitrio
1441 2961 1498 3014 et
1518 2975 1586 3014 ex
1617 2958 1870 3030 propriis
1890 2959 2023 3013 viri~

372 3046 484 3102 bus
501 3063 562 3102 se
585 3047 822 3103 duxisse
838 3047 910 3101 ad
929 3047 1199 3102 effectum
1217 3047 1550 3120 opinantur.
1576 3046 1750 3102 Filius
1768 3047 1866 3102 Dei
1881 3047 2021 3102 dicit

2141 464 2240 534 qui
2275 463 2401 519 Filii
2430 478 2756 518 sermonem
2783 465 3196 533 aspernantur,
3229 459 3448 513 frustra
3474 473 3630 512 eum
3665 458 3816 528 apud

2137 554 2366 608 Patrem
2385 553 2828 607 intercessorem
2851 548 3280 622 praestolantur,
3302 547 3599 619 quoniam
3622 562 3815 600 sermo

2137 642 2264 698 Filii
2305 659 2373 698 ex
2402 643 2568 697 Patre
2599 645 2705 696 est.
2754 639 2916 694 Unde
2945 643 3004 694 et
3035 638 3255 704 subdit,
3287 639 3352 692 Et
3393 653 3506 692 non
3542 653 3814 704 cognora-

2137 740 2289 797 runt,
2343 734 2476 804 quia
2520 731 2709 786 omnia
2759 744 2884 801 quae
2911 727 3105 783 dedisti
3152 728 3314 796 mihi,
3343 734 3476 781 sunt
3504 725 3616 780 abs
3651 733 3724 780 te.
3757 723 3812 778 In

2139 839 2255 894 quo
2279 821 2452 877 etiam
2479 819 2622 874 illud
2644 817 2888 890 intelligi
2911 817 3104 882 datur,
3130 832 3307 887 quam
3339 815 3496 870 sicut
3519 813 3810 868 mandata

2138 929 2254 967 non
2287 910 2688 975 observantur,
2735 907 2847 962 nisi
2878 906 3042 978 prius
3092 909 3549 977 cognoscantur,
3591 903 3682 957 ita
3715 917 3807 956 nec

2138 1001 2388 1072 perfecte
2431 1004 2680 1071 possunt
2724 995 3018 1069 cognosci,
3050 994 3163 1048 nisi
3194 994 3359 1067 prius
3387 993 3804 1048 observentur.

2137 1089 2508 1146 Observando
2539 1088 2754 1160 quippe
2783 1083 3183 1158 Evangelium,
3210 1099 3513 1138 meremur
3533 1085 3611 1136 ut
3637 1081 3714 1134 ad
3735 1081 3808 1134 in-

2136 1179 2409 1235 teriorem
2441 1178 2568 1248 ejus
2589 1174 3038 1248 intelligentiam
3060 1175 3458 1245 penetremus,
3485 1175 3546 1226 et
3573 1175 3648 1224 ut.
3669 1168 3802 1224 illud

2137 1285 2254 1324 non
2286 1269 2358 1323 ab
2390 1264 2648 1333 homine,
2673 1265 2773 1320 sed
2803 1281 2838 1318 a
2862 1263 2978 1319 Deo
3000 1279 3128 1318 esse
3153 1277 3622 1334 cognoscamus.
3650 1259 3804 1315 Unde

2136 1357 2453 1430 propheta:
2486 1356 2526 1410 Α
2547 1354 2820 1410 mandatis
2841 1355 2950 1408 tuis
2979 1352 3231 1407 intellexi
3261 1350 3652 1422 (Psal.cxvn).
3679 1349 3804 1403 Inde

2137 1445 2401 1518 estquod
2423 1445 2523 1517 qui
2547 1443 2849 1516 negligunt
2869 1439 3245 1513 Evangelium
3276 1438 3419 1494 illud
3447 1455 3574 1494 non
3603 1437 3810 1492 intelli-

2137 1541 2302 1609 gunt.
2335 1537 2406 1590 Et
2435 1537 2669 1606 propter
2689 1529 3120 1604 simplicitatem
3144 1527 3460 1600 evangelici
3484 1527 3804 1592 sermonis,

2135 1625 2281 1681 illud
2307 1642 2421 1680 non
2465 1639 2594 1678 esse
2622 1640 2656 1677 a
2682 1622 2817 1688 Deo,
2853 1620 2953 1676 sed
2987 1636 3022 1674 a
3051 1617 3420 1690 simplicibus
3453 1616 3805 1672 hominibus

2136 1716 2436 1771 inventum
2465 1716 2692 1785 putant.
2727 1710 3029 1778 Czeterum,
3055 1725 3127 1764 ne
3157 1706 3427 1778 discipuli
3461 1705 3805 1762 blandirem

2133 1809 2232 1860 tur
2260 1803 2370 1860 sibi
2404 1807 2678 1875 putantes
2708 1817 2791 1870 se,
2821 1798 2910 1854 vel
2941 1797 3424 1865 observationem,
3457 1794 3550 1851 vel
3602 1794 3804 1866 cogni-

2133 1894 2352 1950 tionem
2385 1892 2564 1948 divini
2596 1889 2884 1946 sermonis
2914 1905 2947 1943 a
2975 1903 3038 1942 se
3066 1886 3366 1952 habuisse,
3409 1885 3607 1940 addit.
3669 1884 3802 1952 Quia

2131 1985 2296 2039 verba
2327 1997 2452 2054 quae
2479 1981 2678 2036 dedisti
2700 1980 2860 2044 mihi,
2893 1976 3016 2033 dedi
3047 1979 3144 2042 eis,
3181 1991 3295 2030 non
3327 1972 3526 2029 solum
3559 1973 3630 2028 in
3663 1989 3802 2028 aure

2131 2072 2410 2146 corporis,
2436 2071 2538 2126 sed
2554 2069 2729 2124 etiam
2750 2067 2810 2123 in
2837 2083 2978 2122 aure
2999 2065 3232 2120 mentis.
3258 2064 3369 2119 Sed
3394 2063 3580 2118 etiam
3607 2062 3672 2118 in
3697 2062 3800 2118 hoc

2134 2163 2288 2234 quod
2323 2160 2462 2216 dicit
2509 2176 2624 2214 non
2672 2174 2799 2224 sua,
2851 2157 2950 2212 sed
2993 2155 3180 2210 Patris
3208 2153 3384 2208 verba
3411 2153 3498 2208 eis
3531 2151 3797 2220 dedisse,

2131 2249 2435 2307 confundit
2461 2247 2695 2304 illorum
2734 2243 3277 2318 praesumptionem,
3310 2242 3410 2314 qui
3443 2257 3566 2297 non
3605 2241 3686 2296 de
3715 2241 3800 2295 di-

2129 2341 2266 2397 vina
2294 2338 2579 2404 doctrina,
2611 2336 2712 2392 sed
2734 2336 2804 2390 de
2825 2351 2931 2390 suo
2961 2350 3137 2388 sensu
3158 2335 3528 2404 praesumunt
3555 2329 3798 2403 populis

2131 2429 2499 2494 annuntiare,
2551 2443 2685 2481 cum
2734 2424 2891 2479 dicat
2932 2421 3216 2478 Dominus
3243 2420 3541 2494 prophetae
3575 2421 3794 2490 (Eucti.

2129 2522 2244 2588 ιιι.)
2273 2519 2338 2574 Et
2369 2526 2428 2573 tu
2465 2514 2827 2572 annuntiabis
2856 2515 2909 2570 ei
2937 2529 3006 2569 ex
3034 2529 3138 2567 me.
3171 2511 3237 2566 Et
3283 2511 3412 2582 ipsi,
3442 2508 3672 2582 inquit,
3706 2525 3792 2564 ac-

2129 2615 2403 2681 ceperunt.
2436 2607 2514 2661 Ac
2536 2604 2585 2661 si
2617 2605 2792 2674 dicat,
2824 2606 2880 2660 et
2910 2603 2956 2658 si
2985 2600 3222 2658 omnino
3253 2597 3335 2656 eis
3365 2598 3550 2671 gratis
3581 2599 3790 2653 datum

2130 2703 2237 2765 est,
2270 2701 2466 2752 tamen
2499 2695 2558 2750 in
2581 2693 2689 2749 hoc
2721 2693 2876 2765 quod
2907 2694 3206 2764 gratanter
3235 2691 3589 2760 acceperunt
3620 2691 3682 2741 et
3710 2704 3793 2742 re-

2129 2787 2451 2850 tinuerunt,
2485 2786 2847 2838 meruerunt.
2891 2783 2957 2836 Et
2997 2787 3376 2848 cognoverunt,
3409 2775 3630 2848 inquit,
3662 2779 3791 2847 quia

2127 2893 2162 2930 a
2192 2883 2240 2932 te
2265 2876 2434 2940 exivi,
2464 2871 2553 2928 vel
2587 2888 2689 2944 per
2717 2875 2993 2926 aeternam
3024 2866 3408 2936 nativitatem,
3438 2864 3528 2920 vel
3561 2881 3676 2936 per
3705 2866 3788 2920 in-

2128 2963 2545 3020 carnationem.
2588 2962 2654 3015 Et
2683 2977 2754 3015 ne
2785 2959 3079 3014 videretur
3097 2958 3224 3029 jam
3257 2954 3588 3029 percepisse
3621 2953 3787 3010 illam

2128 3057 2389 3126 apertam
2421 3050 2811 3123 cognitionem
2843 3065 2970 3120 quae
2999 3046 3110 3101 erit
3137 3045 3197 3100 in
3232 3044 3445 3111 futuro,
3480 3060 3788 3116 exponens

372 3132 485 3188 sibi
516 3133 720 3189 datum
743 3151 870 3190 esse
895 3151 929 3188 a
960 3134 1144 3200 Patre,
1181 3114 1477 3190 ut—faceret
1501 3135 1654 3207 quod
1681 3135 1829 3191 fecit.
1855 3137 1925 3190 Et
1952 3139 2017 3190 tu
2049 3114 2091 3180 (ἶ
2129 3114 2290 3210 dicit,
2322 3144 2387 3198 Ει
2428 3114 2776 3196 σγξάίάενιιηε
2819 3114 2950 3192 vere
2979 3138 3113 3207 quia
3149 3143 3211 3190 tu
3237 3150 3323 3190 me
3346 3114 3572 3203 misisti,
3607 3133 3670 3188 id
3701 3138 3786 3189 est

369 3221 584 3276 vermis
614 3221 891 3289 insolens,
923 3223 1069 3278 dicis
1102 3228 1158 3278 te
1189 3238 1257 3277 ex
1299 3225 1355 3278 te
1383 3223 1590 3280 fecisse
1621 3223 1774 3295 quod
1808 3223 2014 3279 fecisti.

369 3311 435 3366 Et
483 3328 649 3376 nunc,
685 3311 894 3384 inquit,
931 3312 1182 3382 clariﬁca
1208 3327 1312 3376 me,
1345 3320 1405 3368 tu
1443 3313 1626 3379 Pater,
1657 3314 1805 3385 apud
1835 3321 2015 3370 temet-

371 3401 571 3472 ipsum.
626 3402 706 3455 Ac
753 3400 802 3455 si
833 3405 1028 3472 aperte
1077 3400 1265 3455 dicat:
1309 3401 1437 3456 Feci
1481 3403 1636 3472 quod
1686 3402 2013 3474 injunxisti,

370 3489 548 3544 redde
578 3489 883 3562 praemium
917 3489 1073 3560 quod
1106 3489 1315 3544 merui.
1361 3491 1623 3561 Cleri/ica
1651 3508 1736 3547 me
1765 3493 1910 3564 apud
1939 3501 2013 3548 te-

369 3580 679 3648 metipsum,
733 3593 826 3632 me
857 3577 1077 3632 scilicet
1125 3595 1228 3650 per
1273 3581 1757 3636 resurrectionem
1799 3580 2014 3654 gloriﬁ-

369 3667 579 3734 cando,
611 3671 668 3722 et
696 3666 768 3721 ad
794 3667 1090 3722 dexteram
1114 3670 1275 3722 tuam
1309 3667 1709 3741 colloquendo.
1735 3670 2012 3740 Claritate,

369 3755 580 3827 inquit,
613 3772 779 3827 quam
808 3756 978 3812 habui
1009 3763 1299 3828 antequam
1317 3757 1556 3814 mundus
1592 3759 1744 3829 ﬁeret
1772 3759 1916 3832 apud
1946 3769 2013 3832 te,

369 3844 427 3900 id
452 3847 542 3900 est
559 3843 902 3912 claritatem,
927 3862 1102 3918 quam
1130 3862 1360 3918 semper
1379 3847 1555 3902 habui
1582 3852 1636 3902 et
1652 3848 1834 3905 habeo
1861 3851 2015 3922 apud

368 3938 447 4004 te,
479 3951 572 3991 me
591 3935 803 3992 habere
818 3935 1154 3992 hominibus
1180 3936 1430 3992 declara.
1459 3939 1802 4010 Manifestavi
1820 3956 2012 3995 nomen

368 4031 542 4091 tuum,
571 4041 784 4080 nomen
817 4024 1037 4080 scilicet
1063 4025 1428 4098 paternitatis
1456 4029 1589 4082 tua).
1623 4027 1769 4082 Nam
1802 4046 2014 4085 nomen

368 4113 691 4170 divinitatis
722 4113 1017 4186 aliquibus
1049 4119 1251 4170 notum
1283 4116 1490 4182 fuerat,
1525 4117 1624 4171 sed
1659 4118 1812 4188 quod
1844 4118 2016 4174 habe-

367 4207 455 4258 ret
485 4201 672 4258 ﬁlium
703 4203 815 4258 sibi
863 4203 1426 4260 consubstantialem
1471 4209 1674 4261 notum
1723 4223 1838 4261 non
1869 4211 2011 4274 erat,

367 4290 636 4359 Quibus?
676 4293 984 4348 hominibus
1029 4309 1160 4364 quos
1207 4293 1404 4349 dedisti
1429 4294 1571 4350 mihi
1608 4295 1672 4350 de
1702 4296 1921 4361 mundo,
1955 4297 2012 4350 id

366 4385 456 4438 est
482 4379 600 4436 illis
632 4397 780 4454 quos
810 4382 882 4436 de
910 4398 1108 4437 massa
1147 4383 1640 4452 praevaricationis
1693 4385 2014 4458 segregatis

2128 3230 2422 3288 incarnari
2473 3225 2847 3285 constituisti.
2899 3226 3105 3281 Postea
3133 3240 3307 3279 orans
3340 3239 3442 3294 pro
3470 3222 3787 3294 discipulis

2129 3321 2254 3377 suis
2286 3320 2384 3388 ait,
2434 3321 2546 3388 Ego
2574 3334 2674 3389 pro
2703 3319 2783 3372 eis
2810 3331 2960 3384 rogo,
2992 3330 3101 3369 non
3130 3329 3229 3385 pro
3255 3311 3478 3378 mundo,
3512 3310 3787 3366 videlicet

2127 3427 2231 3483 pro
2263 3407 2700 3464 conservatione
2731 3421 2953 3470 eorum,
2983 3404 3048 3458 Et
3072 3418 3182 3458 non
3215 3408 3428 3457 tantum
3451 3416 3554 3472 pro
3583 3403 3669 3456 eis
3699 3405 3784 3467 (ut

2127 3504 2259 3572 post
2288 3497 2562 3569 exponit),
2593 3495 2685 3551 sed
2713 3496 2880 3550 etiam
2904 3509 3006 3564 pro
3032 3494 3110 3547 eis
3131 3493 3230 3563 qui
3245 3490 3514 3546 credituri
3529 3498 3664 3544 sunt
3689 3507 3788 3561 per

2125 3588 2349 3644 verbum
2378 3603 2566 3642 eorum
2595 3587 2660 3640 in
2685 3600 2790 3639 me.
2830 3581 2894 3637 In
2926 3597 3043 3654 qua
3071 3580 3352 3647 oratione,
3402 3578 3614 3634 fratres
3649 3578 3782 3640 mei,

2127 3677 2304 3733 etiam
2337 3692 2440 3747 pro
2468 3673 2638 3730 nobis
2668 3671 2872 3734 oravit.
2906 3671 2954 3726 si
2999 3669 3173 3724 ﬁdem
3199 3673 3258 3723 et
3285 3667 3612 3722 doctrinam
3646 3682 3786 3738 apo-

2127 3765 2411 3822 stolorum
2472 3767 2782 3819 sectamur.
2813 3760 2932 3816 Non
2958 3775 3058 3831 pro
3109 3757 3332 3823 mundo,
3381 3755 3599 3827 inquit,
3631 3770 3778 3824 roga,

2126 3855 2185 3910 id
2205 3858 2294 3910 est
2313 3870 2416 3925 pro
2439 3850 2800 3907 amatoribus
2818 3846 3043 3904 mundi.
3065 3846 3211 3913 Quid
3231 3849 3338 3913 est,
3354 3843 3601 3899 Domine
3617 3843 3654 3898 J
3657 3859 3779 3910 esu,

2126 3944 2280 4016 quod
2315 3941 2460 3998 dicis
2485 3946 2507 3997 ἓ
2536 3941 2660 3995 Non
2692 3944 2756 3994 tu
2788 3955 2890 4010 pro
2917 3935 3200 4010 perversis
3230 3933 3572 3990 hominibus
3593 3937 3652 3987 et
3681 3949 3781 4004 pro

2126 4031 2380 4088 inimicis
2411 4029 2628 4086 nostris
2656 4032 2721 4082 tu
2751 4044 2859 4082 nos
2889 4041 3053 4082 orare
3084 4021 3453 4096 praecepisti?
3481 4022 3693 4076 Nonne
3721 4025 3782 4075 tu

2125 4140 2228 4196 pro
2247 4120 2532 4195 pervsrsis
2547 4117 2888 4174 hominibus
2905 4120 2962 4171 et
2981 4113 3342 4170 amatoribus
3359 4110 3590 4177 mundi,
3611 4109 3676 4165 id
3695 4113 3784 4166 est

2125 4229 2228 4285 pro
2259 4209 2376 4265 illis
2408 4209 2509 4281 qui
2541 4212 2597 4263 te
2644 4205 3076 4268 cruciﬁxerunt,
3109 4219 3182 4258 ne
3217 4201 3555 4257 amitterent
3583 4197 3782 4254 locum

2124 4305 2182 4356 et
2211 4302 2442 4373 gentem
2485 4298 2657 4370 (Joan.
2691 4297 2792 4364 ιιι),
2827 4292 3008 4349 orasti
3056 4292 3275 4358 dicens,
3327 4295 3513 4352 Pater,
3567 4287 3784 4343 dimitte

2123 4390 2261 4457 illis,
2295 4389 2428 4460 quia
2454 4387 2706 4442 nesciunt
2729 4382 2863 4455 quid
2880 4380 3123 4454 faciunt?
3155 4380 3302 4452 (Luc.
3326 4377 3510 4448 nm.)
3543 4375 3778 4448 Utique.

367 4488 470 4544 per
498 4470 671 4527 ﬁdem
721 4470 865 4526 mihi
897 4470 1271 4541 conjunxisti.
1321 4473 1439 4538 Tui,
1473 4473 1682 4544 inquit,
1714 4482 1873 4529 erant
1901 4473 2012 4530 ele-
2043 4487 2090 4550 D
2121 4478 2233 4534 Sed
2265 4493 2368 4550 pro
2389 4475 2506 4531 illis
2529 4490 2676 4547 quos
2695 4473 2756 4528 in
2780 4469 3090 4545 praesentia
3111 4485 3220 4524 sua
3240 4468 3313 4524 ab
3343 4481 3543 4523 amore
3571 4465 3780 4520 mundi

365 4561 576 4628 ctione,
602 4568 654 4616 et
681 4561 822 4616 mihi
848 4576 936 4616 eos
965 4560 1161 4616 dedisti
1187 4561 1504 4616 vocatione.
1525 4561 1669 4617 Cum
1701 4561 1857 4618 ﬁlius
1888 4579 2016 4636 pos-

364 4650 552 4707 sideat
581 4649 779 4706 omnia
805 4649 1008 4705 eadem
1058 4649 1400 4706 auctoritate
1430 4668 1564 4707 cum
1595 4652 1782 4719 Patre,
1813 4656 2012 4708 tamen

365 4740 424 4795 in
455 4739 729 4796 omnibus
751 4739 1017 4795 deferens
1039 4739 1215 4808 Patri,
1237 4739 1376 4795 dicit
1393 4739 1619 4797 Patrem
1643 4742 1873 4798 dedisse
1899 4742 2011 4798 sibi

362 4833 646 4901 tanquam
693 4829 938 4896 homini,
992 4827 1081 4885 vel
1111 4829 1288 4884 etiam
1337 4835 1622 4902 tanquam
1653 4832 1814 4900 Filio,
1865 4850 2011 4905 quo-

366 4917 523 4973 niam
543 4919 1042 4991 quemadmodum
1057 4935 1159 4991 per
1171 4919 1528 4974 nativitatem
1546 4920 1698 4975 Deus
1709 4937 1778 4974 ex
1788 4921 1903 4976 Deo
1913 4922 2012 4990 ,ita

366 5010 456 5062 est
487 5006 709 5063 habens
735 5024 803 5062 ex
827 5007 1095 5065 habente.

437 5094 715 5166 Sequitur
744 5112 880 5166 pars
912 5098 1188 5161 secunda,
1221 5098 1280 5152 in
1330 5113 1444 5168 qua
1473 5097 1652 5154 Filius
1681 5097 2013 5171 interpellat

365 5186 589 5255 patrem
623 5199 726 5254 pro
758 5201 1000 5240 suorum
1031 5187 1483 5242 conservatione.
1519 5187 1778 5242 Primum
1808 5205 2010 5244 eorum

366 5271 643 5326 meritum
675 5273 1054 5342 ostendendo,
1087 5281 1287 5347 postea
1315 5292 1418 5348 pro
1449 5276 1534 5331 eis
1565 5277 1802 5332 orando.
1835 5279 2011 5333 Porro

367 5359 640 5416 meritum
673 5378 874 5417 eorum
909 5363 1178 5430 ostendit,
1213 5380 1348 5418 cum
1379 5364 1596 5432 subdit,
1630 5366 1695 5421 Et
1711 5382 2009 5424 sermonem

364 5463 548 5502 meum
575 5458 938 5507 servaverunt.
972 5450 1034 5503 In
1061 5467 1176 5520 quo
1203 5452 1564 5508 demonstrat
1586 5454 1778 5524 nobis,
1804 5455 2012 5513 fratres

367 5534 502 5605 mei,
551 5541 706 5608 quod
739 5541 785 5598 si
827 5537 1098 5596 volumus
1129 5555 1264 5597 eum
1295 5540 1661 5614 interpellare
1692 5561 1796 5618 pro
1845 5546 2014 5604 nobis

2121 4567 2193 4622 ad
2226 4580 2486 4621 amorem
2515 4563 2615 4619 Dei
2646 4563 2885 4618 noverat
2914 4557 3354 4624 convertendos,
3383 4554 3630 4626 rogavit.
3667 4554 3778 4609 Sed

2121 4672 2227 4711 nos
2251 4655 2478 4720 fratres,
2502 4669 2605 4725 pro
2633 4648 2993 4724 quibuslibet
3009 4645 3294 4721 perversis
3316 4659 3619 4716 rogamus,
3641 4641 3781 4714 quia

2120 4761 2254 4801 cum
2287 4741 2539 4799 converti
2568 4756 2773 4797 omnes
2821 4737 3069 4811 possint,
3103 4740 3298 4791 tamen
3335 4733 3436 4805 qui
3467 4736 3611 4787 sunt
3639 4747 3778 4786 con-

2117 4832 2400 4898 vertendi,
2431 4831 2520 4888 vel
2578 4829 2679 4903 qui
2727 4845 2865 4898 non,
2898 4827 3258 4899 ignoramus.
3292 4821 3394 4879 Sed
3420 4837 3522 4892 pro
3552 4821 3654 4886 eis,
3690 4819 3778 4875 in-

2121 4923 2268 4996 quit,
2301 4937 2427 4992 quas
2451 4919 2652 4976 dedisti
2677 4917 2839 4984 mihi,
2867 4916 2924 4971 id
2947 4918 3037 4971 est
3068 4930 3217 4986 quos
3245 4912 3316 4968 ab
3344 4924 3545 4966 amore
3567 4908 3778 4964 mundi

2119 5026 2452 5083 segregans,
2489 5023 2649 5063 meos
2682 5023 2784 5078 per
2813 5005 2990 5061 fidem
3011 5007 3068 5060 et
3089 5001 3434 5058 charitatem
3464 4998 3685 5054 fecisti.
3714 4998 3782 5052 Et

2117 5105 2287 5156 tuum
2318 5102 2426 5164 est,
2460 5097 2629 5152 Pater
2657 5095 2762 5159 mi,
2792 5093 3064 5150 exaudire
3105 5107 3199 5146 me
3229 5107 3334 5163 pro
3365 5087 3449 5144 eis
3480 5090 3774 5152 orantem,

2119 5189 2248 5262 quia
2261 5189 2344 5244 tui
2355 5194 2500 5251 sunt,
2525 5203 2639 5240 non
2657 5183 2848 5240 solum
2859 5181 3250 5255 possessione,
3269 5176 3777 5250 quemadmodum

2121 5278 2351 5343 dicitur,
2385 5277 2517 5347 quia
2545 5275 2766 5330 Domini
2783 5280 2862 5328 est
2883 5281 3029 5328 terra
3059 5277 3110 5326 et
3130 5266 3413 5342 plenitudo
3442 5267 3564 5338 ejus
3595 5265 3778 5332 (Psal.

2117 5369 2302 5436 xxm),
2335 5381 2439 5420 nec
2456 5363 2646 5420 solum
2670 5361 3014 5431 ministerio,
3039 5356 3538 5432 quemadmodum
3563 5353 3784 5409 dicitur

2123 5455 2261 5529 quia
2291 5453 2480 5509 tribus
2512 5451 2644 5509 Levi
2675 5449 2906 5507 Domini
2937 5453 3027 5506 est
3072 5448 3258 5521 (Num.
3290 5445 3396 5516 III.)
3449 5443 3562 5499 Sed
3598 5441 3778 5498 etiam

2120 5544 2206 5601 tui
2260 5541 2478 5616 proprii
2533 5544 2747 5598 aeterna
2803 5535 3332 5612 praedestinatione,
3389 5531 3680 5590 electione
3726 5533 3781 5587 et

3911 405 3928 558 l
