3982 6082
199 305 356 366 1917

858 307 1212 368 HOMILIJE
1253 289 1331 367 IN
1378 306 1629 367 EPIST.
1676 307 1776 367 ET
1822 305 2119 367 EVANG.
2165 305 2512 368 DOMINIC.
2545 336 2623 350 -
2651 305 2854 366 PARS
2897 303 2947 365 ι.

3453 302 3608 367 1918

195 435 527 492 dilectione.
591 437 662 492 Et
719 453 792 492 ne
838 436 1178 494 viderentur
1234 437 1316 493 illi
1365 439 1494 509 jam
1545 456 1660 495 non
1719 457 1845 496 esse
1874 440 1929 507 Α
1959 436 2173 492 bonam
2221 441 2437 492 terram
2493 437 2630 493 facit
2687 437 2966 506 fructum,
2999 433 3158 491 aliud
3208 433 3446 508 quidem
3494 435 3606 492 tri-

197 525 408 591 Patris,
462 524 592 581 ideo
645 526 782 599 quia
841 527 960 583 dati
1022 545 1056 582 a
1113 529 1278 584 Patre
1336 527 1448 601 ipsi
1512 528 1652 584 Filio
1708 530 1848 585 sub-

195 613 328 669 dit:
377 614 443 669 Et
496 630 618 669 mea
675 617 861 671 omnia
915 624 1008 672 tua
1063 625 1210 683 sunt,
1270 625 1319 673 et
1375 625 1470 673 tua
1519 635 1640 673 mea
1695 628 1839 675 sunt.

201 702 317 758 Nec
347 701 726 771 mirum,siin
758 704 1155 760 dominatione
1187 710 1243 761 et
1272 705 1640 777 possessione
1661 724 1844 762 unum

194 789 334 857 sint,
369 789 467 862 qui
505 790 823 859 voluntate,
855 794 1161 865 majestate
1191 799 1248 849 et
1277 796 1626 864 substantia,
1659 813 1843 852 unum

194 884 356 934 sunt.
393 884 457 934 In
489 897 605 952 quo
636 881 804 936 nobis
836 883 1273 938 demonstratur
1315 883 1577 940 carnales
1611 901 1844 956 quoque

192 968 427 1033 fratres,
453 975 647 1041 patres
668 974 725 1025 et
743 969 913 1037 ﬁlios,
938 970 1090 1027 sicut
1117 973 1424 1045 sanguine,
1451 973 1531 1028 ita
1563 991 1757 1029 amore
1788 978 1845 1029 et

191 1057 565 1129 possessione
609 1076 793 1114 unum
839 1077 966 1116 esse
1016 1061 1244 1128 debere,
1280 1062 1624 1135 Patremque
1656 1063 1840 1118 abun-

190 1147 454 1213 dantem,
491 1147 612 1203 ﬁlio
643 1148 1030 1217 mendicante,
1062 1150 1149 1205 vel
1183 1150 1377 1223 filium
1423 1152 1839 1218 abundantem,

189 1239 357 1307 patre
379 1236 764 1306 mendicante,
790 1238 1008 1309 pariter
1026 1239 1422 1295 condemnari.
1439 1241 1842 1312 Etclariﬁcat-us

185 1339 314 1379 sum
340 1323 554 1396 inquit,
583 1327 640 1381 in
671 1329 767 1392 eis,
800 1326 858 1381 id
909 1332 998 1384 est
1045 1330 1103 1383 in
1134 1329 1219 1384 eis
1251 1347 1398 1401 quos
1429 1330 1640 1385 dedisti
1675 1331 1838 1396 mihi,

190 1429 344 1485 quos
365 1413 476 1468 fide
497 1419 552 1470 et
573 1415 848 1488 operibus
868 1421 1042 1488 atque
1061 1418 1179 1473 vita
1199 1418 1532 1487 clariﬁcavi,
1559 1419 1839 1474 clariﬁca-

187 1505 290 1558 tus
321 1519 475 1558 sum.
509 1502 778 1560 Clariﬁca
823 1522 1055 1578 quoque
1084 1511 1140 1562 et
1171 1524 1297 1574 nos,
1334 1525 1692 1580 quaesumus,
1728 1509 1841 1563 Do-

191 1590 353 1646 mine
381 1590 520 1648 Jesu
553 1592 796 1663 Christe,
831 1598 896 1648 ut
937 1600 992 1650 et
1039 1599 1103 1650 tu
1157 1596 1213 1650 in
1264 1597 1432 1652 nobis
1483 1597 1837 1652 clariticeris.

191 1679 524 1750 Sanctifica,
564 1682 830 1754 inquam,
863 1701 991 1752 nos,
1026 1689 1090 1740 ut
1119 1689 1176 1740 et
1203 1690 1264 1740 tu
1297 1686 1354 1740 in
1383 1686 1550 1741 nobis
1581 1687 1841 1742 sanctiﬁ-

189 1768 361 1826 ceris.
393 1769 657 1826 Clarifica
702 1789 851 1845 opus
897 1777 1089 1838 tuum,
1117 1778 1182 1829 ut
1206 1775 1265 1829 in
1301 1792 1366 1830 eo
1397 1774 1588 1830 clarus
1638 1775 1842 1830 artifex

188 1875 494 1931 apparens.
530 1860 844 1917 Sanctifica
892 1879 1088 1918 servos
1135 1867 1288 1930 tuos,
1319 1868 1385 1918 ut
1424 1864 1481 1919 in
1523 1864 1606 1919 eis
1645 1863 1838 1920 clarus

189 1947 476 2004 Dominus
533 1966 835 2022 appareas.
886 1953 952 2008 Et
987 1953 1126 2024 jam,
1178 1953 1390 2026 inquit,
1421 1970 1518 2023 ego
1561 1970 1671 2010 non
1717 1965 1839 2009 sum

189 2037 249 2091 in
278 2038 502 2094 mundo.
534 2038 719 2103 Quare
738 2040 766 2095 ?
796 2041 1074 2112 quoniam
1117 2059 1219 2114 per
1256 2042 1614 2114 passionem,
1640 2059 1835 2098 resur-

187 2125 504 2182 rectionem
535 2131 592 2183 et
619 2128 1019 2185 ascensionem
1053 2131 1125 2186 ad
1147 2134 1203 2186 te
1223 2132 1410 2187 venio.
1428 2133 1494 2188 Et
1521 2134 1598 2200 hi,
1623 2132 1834 2204 inquit,

187 2215 252 2270 in
283 2216 484 2272 mundo
510 2225 656 2286 sunt,
690 2218 746 2274 id
789 2223 877 2274 est
907 2219 965 2273 in
998 2220 1314 2275 mundanis
1357 2221 1835 2278 tribulationibus

187 2308 330 2360 sunt
358 2304 577 2362 diutius
608 2308 1001 2379 permansuri,
1035 2309 1169 2380 quia
1199 2310 1270 2364 ad
1303 2309 1676 2382 Evangelium
1699 2329 1836 2383 prae-

189 2391 505 2449 dicandum
539 2397 851 2451 necessarii
885 2402 1046 2452 sunt.
1079 2399 1148 2452 Et
1176 2397 1306 2454 ideo
1335 2416 1440 2470 pro
1473 2416 1674 2454 eorum
1704 2416 1838 2454 con-

187 2483 538 2552 servatione,
569 2501 674 2557 ego
705 2489 761 2540 te
793 2503 950 2559 rogo.
985 2487 1146 2558 Roga
1178 2505 1410 2559 quoque
1441 2489 1688 2556 Patrem,
1723 2488 1833 2542 Do-

186 2569 348 2626 mine
395 2572 534 2628 Jesu
584 2573 831 2641 Christe,
865 2592 967 2647 pro
1013 2576 1203 2642 nobis,
1237 2576 1337 2648 qui
1385 2576 1576 2632 adhuc
1625 2577 1685 2631 in
1724 2576 1834 2632 hoc

186 2660 402 2716 misero
435 2663 653 2719 mundo
684 2680 913 2735 sumus,
939 2663 1037 2736 qui
1061 2665 1153 2719 hic
1177 2681 1210 2719 a
1231 2664 1504 2738 malignis
1527 2665 1832 2738 spiritibus

180 2748 554 2818 infestamur,
588 2769 622 2806 a
651 2752 901 2824 propriis
936 2754 1423 2825 concupiscentiis
1461 2772 1829 2826 superamur,

177 2855 216 2895 θ.
246 2840 564 2895 mundanis
595 2841 1070 2898 tribulationibus
1093 2845 1717 2915 quassamur,jamque
1740 2861 1833 2915 pe-

175 2927 506 2985 riclitantes
537 2928 864 2986 clamamus
895 2932 966 2986 ad
993 2936 1069 3000 te,
1105 2933 1203 3003 qui
1228 2933 1356 3003 jam
1381 2933 1440 2987 in
1472 2932 1580 2988 hoc
1611 2933 1831 2988 mundo

176 3033 298 3072 non
331 3033 414 3084 es,
448 3018 548 3090 qui
570 3019 699 3090 jam
731 3021 802 3075 ad
837 3021 1132 3075 dexteram
1166 3021 1352 3076 Patris
1399 3021 1708 3093 comqualis
1741 3039 1834 3077 re-

174 3105 337 3162 sides
354 3125 366 3174 ;
383 3107 482 3179 qui
508 3107 771 3180 spiritus,
788 3126 1018 3165 carnem
1032 3155 1044 3177 ,
1063 3110 1627 3183 tempestatesquein
1651 3127 1828 3166 manu

1957 528 2266 594 cesimum,
2314 526 2472 582 aliud
2515 526 2965 600 sexagesimum,
3001 525 3160 580 aliud
3191 524 3600 582 centesimum.

1957 617 2105 688 (Luc.
2138 620 2278 684 vm).
2314 616 2570 684 Utinam,
2599 617 2807 671 fratres
2841 614 3198 679 charissimi,
3221 613 3489 669 Christus
3521 631 3605 670 se-

1955 705 2140 760 minet
2186 705 2358 760 hodie
2405 721 2602 760 semen
2656 703 2944 776 Evangelii
2997 702 3087 759 sui
3118 703 3177 757 in
3211 703 3386 757 corda
3411 707 3605 758 vestra

1953 809 2057 865 per
2078 811 2142 849 os
2175 799 2464 857 nostrum,
2498 799 2555 850 et
2586 793 2760 849 faciat
2791 793 2934 847 illud
2969 791 3318 848 fructificare
3348 792 3406 846 in
3439 791 3604 848 vobis

1952 882 2208 938 fructum
2223 883 2582 955 centuplum,
2601 883 2698 955 qui
2715 881 2876 938 solus
2889 885 3104 953 potest:
3119 881 3402 945 Quoniam
3416 898 3604 953 neque

1953 972 2052 1043 qui
2087 972 2330 1043 plantat,
2365 989 2553 1045 neque
2601 972 2698 1044 qui
2751 971 2900 1044 rigat
2955 971 3176 1043 aliquid
3227 975 3333 1037 est,
3368 971 3469 1026 sed
3501 970 3600 1042 qui

1951 1061 2377 1117 incrementum
2431 1062 2530 1116 dat
2587 1063 2740 1118 Deus
2782 1066 2832 1130 (l
2859 1061 2978 1116 Cor.
3014 1061 3113 1132 ιιι).
3170 1061 3250 1115 De
3298 1076 3414 1131 qua
3468 1077 3602 1116 vero

1951 1151 2197 1206 materia
2227 1151 2362 1206 fecit
2391 1169 2744 1219 sermonem,
2779 1149 3038 1206 ostendit
3067 1167 3201 1206 cum
3250 1149 3452 1203 subdit
3483 1166 3496 1204 :
3530 1151 3604 1206 De

1949 1241 2202 1296 omnibus
2233 1256 2356 1312 quae
2385 1242 2539 1312 coepit
2578 1244 2730 1297 Jesus
2775 1244 2956 1312 facere
2983 1249 3034 1295 et
3063 1239 3266 1294 docere.
3302 1239 3382 1294 De
3412 1238 3600 1310 operi-

1951 1329 2061 1384 bus
2103 1329 2258 1384 enim
2299 1334 2354 1385 et
2384 1330 2649 1386 doctrina
2706 1329 2918 1385 Christi
2976 1333 3164 1384 totum
3223 1327 3602 1400 Evangelium

1951 1421 2282 1473 contextum
2333 1424 2442 1475 est.
2495 1419 2700 1475 Omnis
2758 1418 2913 1475 enim
2971 1415 3186 1472 Christi
3245 1415 3503 1488 operatio
3545 1420 3603 1472 et

1950 1507 2199 1562 eruditio
2231 1507 2438 1562 anima:
2472 1508 2812 1567 Christiana:
2839 1511 2932 1563 est
2960 1506 3126 1562 cibus
3157 1509 3214 1561 et
3243 1504 3598 1561 informatio.

1950 1595 2190 1658 Quando
2207 1598 2360 1651 enim
2381 1596 2647 1653 Christus
2669 1598 2914 1664 tacebat,
2934 1595 3262 1650 instruebat
3283 1595 3599 1667 operando.

1952 1684 2016 1738 Et
2049 1686 2282 1756 quando
2323 1702 2438 1741 non
2487 1686 2857 1758 operabatur,
2892 1685 3220 1740 instruebat
3249 1689 3305 1740 et
3334 1683 3596 1738 docebat.

1951 1772 2102 1828 Ordo
2136 1791 2370 1846 quoque
2413 1791 2707 1846 eongruus
2757 1778 2864 1830 est.
2900 1772 3092 1829 Primo
3123 1772 3280 1828 enim
3312 1772 3485 1844 coepit
3513 1771 3598 1828 fa-

1949 1877 2098 1928 cere,
2133 1867 2190 1918 et
2221 1868 2422 1935 postea
2468 1865 2694 1920 docere.
2729 1863 2796 1918 Et
2847 1863 3001 1936 quod
3055 1861 3218 1935 prius
3266 1861 3604 1918 ostenderat

1947 1951 2229 2022 exemplo,
2259 1957 2391 2024 post
2443 1953 2786 2008 ostendebat
2835 1953 3008 2007 verbo
3066 1952 3213 2006 dans
3266 1948 3598 2022 exemplum

1946 2039 2250 2112 discipulis
2283 2046 2340 2096 et
2365 2042 2841 2114 prazdicatoribus
2872 2040 2996 2096 suis
3027 2041 3298 2095 eumdem
3331 2039 3597 2094 ordinem

1945 2129 2310 2184 observandi.
2337 2133 2400 2185 ln
2432 2147 2546 2202 quo
2575 2148 2724 2199 mea,
2745 2135 2798 2185 et
2831 2131 2942 2185 mei
2975 2128 3259 2186 similium
3291 2126 3598 2184 confundi-

1943 2221 2042 2272 tur
2071 2221 2470 2291 praesumptio,
2503 2221 2601 2291 qui
2638 2219 2821 2274 multa
2851 2219 3014 2274 vobis
3045 2217 3317 2292 praedico,
3352 2234 3477 2289 qua:
3506 2221 3594 2273 ta-

1945 2323 2080 2361 men
2113 2324 2226 2362 non
2271 2309 2436 2362 iacio.
2473 2310 2584 2364 Sed
2644 2309 2889 2376 utinam,
2953 2309 3183 2377 fratres,
3233 2323 3336 2379 per
3371 2309 3596 2363 vestras

1945 2395 2235 2451 orationes
2281 2397 2410 2468 ipsa
2458 2397 2722 2453 confusio
2775 2401 3012 2470 generet
3049 2397 3107 2451 in
3148 2413 3241 2451 me
3285 2396 3592 2468 pudorem,

1942 2485 2132 2556 pudor
2183 2487 2622 2554 correctionem,
2669 2486 2949 2542 correctio
3008 2484 3498 2551 emendationem,
3527 2488 3596 2540 ut

1943 2576 2098 2646 quod
2121 2575 2281 2647 prius
2307 2593 2419 2632 non
2447 2575 2790 2644 feci-,saltem
2806 2579 3118 2648 postquam
3133 2573 3588 2647 prmdicaverim,

1943 2663 2128 2719 facere
2159 2665 2474 2736 incipiam!
2508 2666 2573 2720 Et
2635 2665 2774 2737 quid
2833 2669 2942 2732 est,
3004 2664 3232 2730 fratres,
3297 2663 3451 2734 quod
3509 2662 3593 2718 ait

1941 2753 2355 2826 Evangelista?
2383 2755 2570 2817 Quare
2628 2755 2763 2809 fecit
2822 2769 3151 2808 sermonem
3201 2752 3272 2807 de
3315 2751 3590 2807 omnibus

1941 2858 2067 2912 quae
2099 2843 2273 2914 cmpit
2296 2843 2469 2898 Jesus
2503 2844 2687 2898 facere
2715 2847 2772 2898 et
2803 2843 3027 2897 docere.
3062 2843 3132 2896 Et
3159 2840 3291 2913 quis
3323 2840 3431 2896 hoc
3461 2857 3592 2912 pos-

1941 2931 2054 2984 sit?
2065 2931 2388 3002 przesertim
2404 2949 2536 2987 cum
2551 2931 2970 2987 dicatJoannes
2984 2929 3521 3001 evangelista,quod
3537 2929 3587 2983 si

1940 3036 2116 3091 opera
2147 3019 2358 3075 Christi
2390 3038 2492 3092 per
2522 3020 2754 3092 singula
2785 3019 3140 3086 scribantur,
3173 3035 3288 3075 non
3337 3017 3590 3073 arbitror

1941 3109 2228 3163 mundum
2263 3126 2467 3181 capere
2517 3109 2616 3181 qui
2671 3109 2962 3164 scribendi
3011 3112 3150 3163 sunt
3197 3107 3376 3163 libros
3408 3107 3584 3179 (Joan.

173 3194 384 3261 habes,
415 3199 470 3252 te
501 3197 827 3268 adjutorem
861 3215 1094 3272 semper
1123 3199 1482 3266 invocamus,
1521 3201 1592 3254 ad
1623 3204 1679 3255 te
1709 3200 1828 3255 sint
1858 3184 1900 3250 C
1938 3198 2075 3267 xm).
2108 3199 2212 3253 Sed
2248 3203 2408 3270 puto,
2443 3199 2671 3265 fratres,
2705 3197 2843 3270 quia
2869 3215 3001 3253 cum
3034 3196 3114 3252 ait
3143 3195 3437 3263 omnibus,
3468 3213 3584 3252 non

173 3300 414 3355 semper
433 3285 582 3340 oculi
607 3287 790 3342 nostri
814 3305 883 3342 ne
906 3305 1232 3360 pereamus,
1254 3288 1560 3360 spiritibus
1580 3288 1823 3362 impera,

175 3388 417 3428 carnem
470 3375 715 3443 refrena,
767 3379 1145 3448 tempestates
1198 3378 1356 3446 seda,
1395 3378 1464 3432 ad
1498 3383 1552 3432 te
1585 3394 1688 3433 nos
1720 3395 1825 3451 gu-

177 3461 382 3529 berna,
406 3466 471 3518 ut
492 3480 725 3537 semper
741 3469 796 3520 te
819 3465 1012 3521 videre
1041 3471 1098 3521 et
1127 3467 1464 3523 benedicere
1497 3484 1828 3522 mereamur

171 3565 363 3604 unum
394 3551 578 3608 Deum
609 3570 742 3608 cum
777 3554 942 3609 Patre
963 3559 1019 3610 et
1041 3555 1258 3626 Spiritu
1285 3559 1487 3611 sancto
1505 3572 1608 3628 per
1628 3555 1826 3611 omnia

171 3638 392 3696 saecula
421 3641 790 3698 saaculorum.
823 3647 1027 3700 Amen.

714 3750 1017 3807 HOMILIA
1059 3751 1296 3807 LXVIII.

647 3838 708 3876 IN
746 3839 1085 3878 ASCENSIONE
1123 3839 1346 3880 DOMINI.

244 3906 495 3963 Primum
520 3909 738 3982 quidem
764 3927 1066 3968 sermonem
1093 3915 1202 3984 feci
1228 3913 1295 3968 de
1325 3915 1595 3981 omnibus,
1613 3930 1641 3969 ο
1660 3915 1819 3970 Theo-

161 3994 340 4068 phile,
374 4012 502 4068 qua?
529 4001 689 4070 coepit
716 4002 868 4056 Iesus
889 4004 1068 4073 facere
1091 4010 1142 4057 et
1171 4003 1376 4068 docere,
1410 4019 1576 4073 usque
1588 4005 1647 4058 in
1676 4003 1822 4058 diem

166 4100 279 4156 qua
303 4088 632 4158 praecipiens
661 4091 919 4160 apostolis
944 4106 1044 4161 per
1071 4092 1342 4162 Spiritum
1377 4099 1646 4159 sanctum,
1689 4109 1818 4162 quos

163 4173 354 4242 elegit,
371 4186 676 4248 assumptus
695 4187 778 4234 est
795 4179 928 4246 (Act.
945 4180 1006 4250 ι),
1023 4182 1130 4234 etc.
1156 4179 1557 4251 Evangelicam
1581 4185 1638 4235 et
1653 4197 1818 4252 apos-

165 4260 404 4318 tolicam
436 4263 764 4333 historiam,
798 4268 1005 4323 fratres
1054 4267 1405 4338 charissimi,
1440 4267 1672 4340 scripsit
1702 4270 1813 4324 Lu-

165 4367 269 4407 cas
290 4352 656 4426 Evangelista
677 4361 884 4428 rogatu
906 4355 1212 4429 Theophili
1232 4357 1338 4412 viri
1361 4356 1636 4430 religiosi.
1653 4357 1816 4415 Unde

163 4439 465 4496 transiens
495 4441 566 4496 de
597 4459 714 4498 una
741 4444 814 4498 ad
847 4443 1112 4511 alteram,
1131 4444 1319 4516 primo
1346 4444 1597 4498 transitu
1632 4444 1816 4498 utitur

1936 3286 2008 3341 ad
2037 3287 2272 3358 singula
2319 3303 2623 3359 generum,
2656 3287 2756 3341 sed
2815 3287 2884 3341 ad
2946 3303 3160 3358 genera
3217 3284 3591 3358 singulorum

1934 3359 2304 3431 referendum
2326 3381 2432 3431 est.
2459 3377 2525 3431 Et
2547 3375 2594 3431 si
2625 3375 2781 3432 enim
2810 3393 2923 3431 non
2957 3375 3027 3430 de
3057 3373 3332 3430 omnibus
3361 3374 3579 3441 omnia,

1934 3465 2141 3520 saltem
2173 3465 2243 3520 de
2273 3466 2548 3520 omnibus
2580 3464 2778 3536 aliqua
2808 3463 3059 3519 scribere
3089 3463 3295 3535 potuit.
3336 3462 3585 3535 Scripsit

1933 3554 2149 3626 quippe
2179 3555 2249 3608 de
2277 3553 2571 3626 operibus,
2605 3555 2677 3609 de
2709 3553 3241 3625 przedicationibus,
3262 3553 3332 3608 de
3364 3551 3584 3607 itineri-

1933 3643 2062 3712 bus,
2111 3643 2181 3698 de
2232 3642 2606 3715 passionibus
2655 3641 2888 3708 Christi,
2937 3647 2994 3697 et
3046 3641 3117 3697 de
3173 3640 3394 3697 caeteris
3453 3657 3580 3712 qua

1931 3732 2262 3788 necessaria
2291 3737 2456 3788 erant
2485 3732 2756 3788 humanae
2791 3731 3068 3788 saluti.In
3095 3748 3210 3804 quo
3240 3729 3581 3786 terminave-

1930 3821 2005 3876 rit
2026 3822 2283 3893 primum
2316 3838 2668 3889 sermonem,
2704 3821 2956 3876 ostendit
3005 3837 3138 3877 cum
3185 3820 3326 3875 dicit
3357 3836 3370 3873 :
3409 3820 3580 3892 Usque

1929 3912 1990 3964 in
2036 3906 2336 3982 diem‘qua
2381 3913 2704 3982 prtecipiens
2756 3910 3040 3981 Apostolis.
3076 3910 3147 3963 Et
3195 3906 3336 3979 quid
3378 3907 3578 3979 praeci-

1927 3998 2092 4071 piens
2114 3999 2141 4053 ‘?
2163 3999 2323 4062 Quod
2357 3997 2604 4071 apostoli
2637 4003 2767 4070 post
2796 3999 2923 4070 ejus
2954 3997 3357 4052 ascensionem
3390 3996 3578 4052 facere

1926 4087 2223 4142 deberent.
2259 4088 2422 4154 Quod
2477 4104 2609 4143 vero
2670 4088 2772 4152 ait,
2801 4103 2902 4158 per
2957 4086 3224 4158 Spiritum
3278 4093 3574 4140 sanctum:

1925 4177 1996 4231 ad
2025 4181 2361 4247 utrumque,
2386 4176 2504 4231 sive
2533 4175 2931 4248 apostolorum
2963 4173 3327 4239 electionem,
3351 4173 3471 4229 sive
3503 4173 3575 4228 ad

1923 4266 2052 4336 ejus
2083 4265 2488 4320 ascensionem
2525 4265 2723 4320 referri
2756 4269 2964 4337 potest.
3000 4263 3257 4336 Utraque
3287 4261 3444 4318 enim
3473 4279 3579 4334 per

1923 4353 2208 4426 Spiritum
2241 4359 2512 4409 sanctum
2546 4353 2787 4426 impleta
2815 4357 2923 4409 est.

1995 4443 2272 4515 Sequitur
2323 4459 2458 4514 pars
2502 4442 2780 4510 secunda,
2816 4442 2872 4496 in
2907 4458 3024 4514 qua
3063 4443 3251 4497 Lucas
3299 4440 3577 4513 praedicta

165 4529 228 4583 in
262 4545 376 4602 quo
409 4529 566 4585 dicta
591 4531 839 4587 dicentis
872 4533 1213 4600 continuat;
1249 4533 1813 4605 secundo,prmdicta
1844 4554 1890 4618 Ι)
1921 4532 2264 4604 recapitulat
2297 4533 2499 4587 dicens
2532 4548 2544 4586 :
2583 4532 2787 4599 Quibus
2835 4539 2884 4586 et
2921 4531 3165 4602 praebuit
3220 4531 3460 4602 seipsum
3488 4531 3572 4618 vi-

163 4618 418 4676 breviter
474 4619 748 4693 epilogat,
799 4621 988 4687 tertio,
1039 4622 1111 4677 ab
1170 4622 1522 4678 Ascensione
1580 4621 1809 4677 Domini

160 4708 477 4778 Apostolus
503 4708 811 4766 historiam
844 4710 1096 4766 inchoat.
1120 4711 1300 4768 Utens
1331 4711 1509 4784 igitur
1539 4711 1812 4783 primitus

161 4797 414 4852 transitu
472 4797 606 4854 ait:
655 4800 908 4855 Primum
963 4800 1180 4872 quidem
1235 4817 1538 4856 sermo-nem
1589 4803 1700 4872 feci
1749 4799 1815 4856 de

161 4885 434 4952 omnibus,
466 4903 496 4942 ο
531 4887 832 4960 Theophila.
864 4889 1045 4945 Vocat
1076 4893 1272 4946 autem
1305 4889 1560 4962 primum
1594 4907 1812 4946 sermo-

161 4987 298 5028 nem
324 4973 717 5046 Evangelium.
745 4977 1026 5045 Primum,
1051 4983 1108 5033 et
1129 4982 1414 5050 quantum
1439 4978 1510 5034 ad
1542 4978 1805 5034 ordinem

162 5059 455 5117 scribendi
505 5067 562 5118 et
618 5071 902 5136 quantum
962 5068 1033 5122 ad
1092 5066 1462 5140 dignitatem.
1525 5067 1807 5122 Prascellit

160 5150 379 5224 quippe
407 5151 802 5226 Evangelium,
832 5155 1116 5228 dignitate
1145 5173 1262 5210 suae
1303 5156 1577 5221 materiae,
1615 5156 1806 5212 omni-

159 5241 272 5296 bus
303 5239 622 5313 Scripturis
669 5246 790 5298 tam
834 5245 1126 5301 veteribus
1171 5261 1347 5316 quam
1391 5244 1572 5299 novis.
1606 5249 1805 5301 Sermo

159 5333 356 5386 autem
413 5329 628 5387 dicitur
684 5349 718 5388 a
771 5350 890 5390 sero
941 5337 1097 5391 seris.
1163 5331 1543 5406 Evangelium
1609 5339 1804 5390 autem

157 5418 372 5474 dicitur
392 5437 584 5477 sermo
605 5422 880 5494 quoniam
906 5425 1120 5480 seritur
1141 5424 1198 5478 in
1221 5421 1495 5478 cordibus
1518 5422 1800 5479 ﬁdelium.

157 5507 321 5564 Unde
379 5513 436 5564 et
483 5511 656 5581 juxta
702 5513 1105 5585 Evangelicam
1165 5511 1524 5586 parabolam,
1562 5512 1801 5568 verbum

155 5595 256 5656 Dei
302 5612 500 5654 semen
555 5599 773 5656 bonum
832 5601 1062 5672 dicitur,
1133 5602 1286 5675 quod
1345 5617 1477 5656 cum
1540 5600 1694 5656 cadit
1741 5602 1800 5658 in

1921 4638 2067 4676 vum.
2101 4620 2208 4685 Qui
2239 4625 2375 4675 sunt
2409 4620 2547 4675 illi?
2578 4620 2666 4676 Illi
2712 4619 2820 4675 soli
2870 4637 3018 4692 quos
3066 4619 3258 4692 elegit.
3293 4619 3440 4674 Nam
3473 4617 3572 4673 alii

1922 4727 2036 4766 non
2070 4711 2306 4765 fuerunt
2334 4709 2521 4782 digni,
2555 4709 2770 4781 quibus
2820 4708 3106 4764 Dominus
3157 4725 3218 4763 se
3251 4707 3571 4763 redivivum

1920 4798 2236 4855 exhiberet.
2253 4799 2504 4852 Praebuit
2525 4803 2720 4853 autem
2745 4797 3005 4869 seipsum
3031 4795 3356 4851 redivivum
3377 4795 3573 4852 divina

1919 4893 2222 4960 potestate,
2246 4904 2425 4959 quam
2456 4904 2589 4942 cum
2623 4887 2790 4942 Patre
2822 4891 2877 4941 et
2909 4885 3130 4959 Spiritu
3163 4889 3365 4940 sancto
3396 4885 3572 4940 habet

1917 4993 2316 5043 communem,
2339 4977 2511 5048 juxta
2543 4977 2697 5048 quod
2730 4976 2854 5048 ipse
2904 4975 3246 5048 praedixerat
3279 4991 3292 5029 :
3325 4976 3568 5030 Potesta-

1916 5075 2022 5123 tem
2048 5068 2217 5122 habeo
2244 5065 2482 5137 ponendi
2509 5067 2756 5120 animam
2782 5081 2978 5131 meam,
3009 5073 3060 5120 et
3091 5066 3291 5120 iterum
3317 5064 3571 5120 sumendi

1914 5172 2036 5211 eam
2067 5156 2342 5227 (Joan.x).
2371 5157 2493 5220 Qua
2513 5157 2802 5225 potestate
2833 5170 3038 5208 omnes
3070 5154 3376 5209 defunctos
3407 5153 3566 5209 exhi-

1915 5244 2072 5300 bebit
2093 5243 2396 5310 redivivos,
2429 5248 2560 5313 post
2591 5242 2925 5314 passionem
2957 5259 3126 5297 suam
3158 5242 3476 5314 propriam,
3508 5247 3568 5298 et

1915 5333 2190 5389 omnibus
2222 5331 2354 5386 aliis
2385 5331 2756 5386 dissimilem.
2796 5331 2921 5403 Ipse
2971 5331 3127 5387 enim
3175 5330 3336 5386 solus
3367 5335 3569 5386 nostra

1913 5425 2169 5496 peccata,
2207 5438 2319 5475 non
2371 5438 2497 5487 sua,
2545 5419 2679 5474 tulit
2735 5436 2912 5492 super
2969 5419 3199 5494 lignum
3229 5421 3275 5492 (I
3301 5422 3446 5474 Petr.
3482 5419 3562 5488 ιι).

1911 5513 2017 5567 Per
2071 5511 2185 5565 dies
2233 5509 2600 5582 quadraginta
2658 5525 2926 5580 apparens
2983 5513 3083 5566 eis.
3119 5508 3327 5573 Quare,
3362 5504 3567 5560 fratres

1911 5598 2264 5667 charissimi,
2306 5597 2573 5655 Christus
2622 5614 2734 5653 non
2787 5599 2986 5656 statim
3025 5599 3162 5669 post
3193 5591 3570 5650 resurrectio-
