3982 6082
425 251 580 318 1919
1417 257 1810 322 ADDENDA.
1849 259 2353 324 —RADULPHI
2398 259 2820 324 ARDENTIS.
3056 223 3059 224 ί
3267 333 3276 338 _
3695 259 3855 323 iam

425 403 580 456 nem,
630 387 732 446 s'e'd
784 390 916 461 post
959 386 1179 447 multos
1228 391 1352 448 dies
1407 393 1720 449 ascendere
1769 391 1954 448 voluit
2011 392 2070 447 in
2101 392 2152 458 Α
2183 391 2403 448 scilicet
2443 393 2740 461 virtutem,
2793 397 2851 450 et
2895 392 3248 450 testiﬁcandi
3296 392 3639 450 audaciam.
3679 392 3769 448 Et
3797 394 3860 448 ds

427 477 681 534 calum?
710 478 784 534 Ut
837 495 940 550 per
990 479 1352 552 frequentem
1403 482 1852 553 apparitionem,
1899 483 2072 537 ﬁdem
2183 481 2598 536 emundatione
2639 481 2914 548 ostendit,
2947 499 3082 538 cum
3131 481 3376 537 subdit:
3413 483 3564 550 Quia
3611 483 3864 540 10am
3941 479 3946 547 1

426 566 868 625 resurrectionis
906 567 965 623 in
1009 569 1292 640 Apostolis
1343 571 1732 626 conﬁrmaret.
1778 572 1847 626 Et
1895 588 2074 642 quare
2184 570 2478 640 baptizavit
2505 587 2670 641 aqua,
2705 570 2989 626 subaudis
3033 569 3176 627 sola.
3211 572 3306 627 Vos
3347 579 3557 638 autem,
3589 587 3722 626 non
3751 585 3866 642 pos:

426 659 560 727 post
602 657 991 729 quadraginta
1046 657 1219 714 dies?
1253 658 1321 714 Ut
1370 659 1711 731 discipulos,
1771 677 1918 732 quos
1972 677 2075 732 per
2179 660 2379 714 multos
2407 661 2502 714 hos
2530 659 3106 731 dies,baptiz.abimini
3133 661 3347 732 Spiritu
3375 669 3598 726 sancto,
3615 665 3868 732 peccata
3949 663 3951 682 ‘

423 745 815 818 quadraginta
875 745 1047 800 horas
1103 752 1370 802 mortuus
1431 749 1918 816 mmstiﬁcaverat,
1972 766 2074 821 per
2183 747 2406 804 scilicet
2433 753 2625 803 vestra
2663 765 2698 802 a
2734 748 2899 804 vobis
2947 749 3323 816 emundante,
3351 753 3412 804 et
3441 749 3862 822 ignorantiam
3949 755 3951 792 1

420 834 664 891 totidem
709 834 833 889 dies
883 835 1172 890 redivivus
1223 836 1558 902 lectiﬁcaret,
1587 840 1754 910 juxta
1800 839 1954 911 quod
1985 838 2071 894 eis
2180 841 2432 892 vestram
2466 837 2856 892 illuminante.
2891 836 3036 903 Quia
3063 855 3196 893 vero
3248 837 3490 910 quidam
3513 837 3732 892 ,ἴυᾱεί
3765 855 3862 892 au—

422 923 790 996 promiserat,
851 924 1004 995 quod
1060 925 1301 980 tristitia
1359 943 1561 982 eorum
1635 931 1955 982 verteretur
2011 927 2070 982 in
2180 925 2412 981 dierant
2459 943 2592 980 eum
2644 925 2807 998 loqui
2839 927 2910 982 de
2940 943 3119 1000 regno
3151 926 3274 993 Dei,
3308 927 3466 982 etde
3496 925 3860 996 impletione

421 1012 702 1084 gaudium
737 1013 911 1084 (Joan.
931 1014 1068 1086 xw).
1105 1013 1290 1069 Simul
1323 1015 1498 1070 etiam
1531 1019 1593 1070 ut
1615 1033 1717 1088 per
1743 1032 2072 1071 sacramen-
2181 1013 2592 1085 promissionis
2615 1013 2833 1082 Patris;
2859 1015 3218 1088 interrogant
3237 1031 3394 1082 eum,
3418 1013 3470 1069 si
3496 1014 3560 1068 in
3587 1018 3856 1086 tempore

418 1105 545 1158 tum
580 1101 1052 1174 Quadragenarii,
1079 1103 1179 1175 qui
1202 1121 1268 1158 ex
1300 1105 1499 1160 decem
1523 1122 1625 1176 per
1646 1109 1897 1176 quatuor
1926 1105 2072 1160 mul-
2180 1101 2289 1158 hoc
2321 1103 2632 1158 restiturus
2663 1108 2815 1159 esset
2847 1120 3092 1176 regnum
3144 1103 3340 1171 Israel,
3370 1103 3718 1176 temporale
3753 1105 3852 1157 sci-

420 1189 717 1260 tiplicatu-s
789 1191 1109 1262 perﬁcitur,
1173 1191 1575 1265 impletionem
1652 1193 1913 1266 decalogi
1971 1211 2072 1266 per
2179 1189 2315 1246 licet
2344 1196 2400 1246 et
2431 1193 2820 1259 mundanum,
2857 1193 3015 1264 quod
3046 1192 3238 1248 adhuc
3277 1195 3638 1264 exspectant
3667 1192 3850 1246 Judaei

420 1277 794 1350 Evangelium
828 1279 886 1334 in
920 1280 1004 1334 eis
1036 1295 1097 1336 se
1127 1283 1518 1352 perfecturum
1550 1283 1928 1355 signiﬁcaret.
1953 1285 2069 1355 Ap-

421 1367 616 1440 paruit
663 1371 858 1422 autem
909 1371 966 1423 in
1015 1369 1207 1424 muttis
1255 1373 1610 1442 argumentis.
1643 1373 2068 1444 Argumentum

422 1458 512 1512 est
539 1454 684 1512 ratio
715 1456 794 1512 rei
828 1457 1018 1514 dubia:
1071 1458 1292 1514 faciens
1341 1460 1538 1514 ﬁdem.
1575 1460 1637 1515 In
1687 1459 1889 1516 multis
1937 1479 2069 1516 vero

422 1545 784 1617 argumentis
817 1547 1104 1618 apparuit,
1135 1547 1416 1619 quoniam
1469 1547 1670 1604 multis
1712 1549 2069 1620 probationi-

422 1632 534 1688 bus
566 1633 740 1690 ﬁdem
773 1651 892 1690 suae
923 1636 1366 1692 resurrectionis
1390 1636 1451 1692 in
1482 1637 1566 1692 eis
1591 1637 1977 1707 conﬁrmavit,
2009 1638 2069 1692 in

422 1720 532 1778 hoc
569 1722 838 1781 videlicet
866 1726 1018 1796 quod
1052 1740 1114 1780 se
1146 1725 1356 1782 obtulit
1385 1727 1457 1782 ad
1488 1726 1825 1793 videndum,
1859 1727 1934 1781 ad
1966 1744 2069 1782 au-

421 1810 726 1880 diendum,
758 1813 830 1868 ad
889 1815 1392 1881 contrectandum,
1424 1815 1578 1887 quod
1627 1814 1730 1870 ivit
1787 1819 1844 1870 et
1899 1814 2071 1871 rediit

423 1899 577 1957 inter
607 1918 727 1969 eos,
759 1903 913 1974 quod
947 1903 1176 1959 locutus
1207 1907 1314 1971 est,
1349 1905 1504 1976 quod
1536 1904 1791 1959 comedit
1820 1909 1877 1960 et
1901 1904 2068 1960 bibit.

422 1987 587 2046 Unde
617 1990 877 2048 Joannes
897 1995 954 2048 et
973 1993 1252 2049 audacter
1277 1996 1334 2048 et
1363 1996 1558 2065 aperte
1606 1991 1886 2064 loquitur.
1921 1993 2071 2062 Quod

419 2080 550 2150 fuit,
580 2079 791 2152 inquit,
825 2083 893 2137 ab
937 2083 1119 2152 initio,
1170 2082 1311 2154 quod
1358 2082 1593 2138 vidimus
1647 2090 1698 2138 ct
1755 2082 2069 2139 audivimus

404 2171 481 2225 et
537 2185 749 2224 manus
808 2175 1006 2226 nostra
1063 2173 1566 2227 contrectaverunt
1621 2172 1675 2244 (Ι
1696 2173 1854 2228 Ιοαη.
1889 2173 1949 2240 ι).
2004 2173 2070 2226 Et

423 2273 574 2329 quis,
605 2258 812 2314 fratres
858 2259 994 2326 mei,
1028 2276 1156 2331 quae
1213 2259 1658 2316 resurrectionis
1715 2259 2068 2333 ambiguitas

422 2349 556 2417 post
583 2350 747 2402 tanta
776 2347 1188 2418 probationum
1214 2354 1562 2422 argumenta
1591 2349 1650 2404 in
1681 2349 1956 2405 cordibus
1987 2350 2069 2404 di-

421 2433 784 2506 scipulorum
839 2437 1028 2508 potuit
1085 2439 1432 2494 remanere?
1461 2439 1546 2493 Ad
1586 2438 1695 2494 hoc
1724 2437 1900 2494 etiam
1933 2439 2070 2495 facit

423 2523 579 2595 quod
637 2525 955 2581 subditur:
1009 2527 1073 2583 Et
1119 2528 1342 2600 loquens
1396 2528 1462 2584 de
1517 2544 1682 2599 regno
1738 2529 1854 2583 Dei.
1905 2528 2070 2584 Sicut

419 2611 580 2669 enim
609 2630 842 2686 semper
889 2619 1023 2672 ante
1076 2617 1410 2688 passionem
1460 2633 1630 2672 suam
1661 2617 1733 2672 de
1762 2633 1938 2690 regno
1969 2616 2069 2672 Dei

421 2699 585 2774 loqui
631 2709 1030 2771 consueverat,
1062 2705 1144 2761 ita
1185 2711 1241 2761 et
1289 2709 1420 2778 post
1477 2721 1708 2777 semper
1754 2706 1824 2761 de
1865 2707 2068 2762 eodem

420 2787 792 2863 loquebatur.
827 2793 990 2852 Unde
1020 2798 1076 2851 et
1105 2794 1165 2850 in
1195 2793 1493 2851 similibus
1531 2793 1742 2860 verbis,
1774 2794 2070 2867 similique

421 2878 823 2938 benedictione
853 2886 911 2939 et
937 2883 1218 2940 fractione
1248 2883 1418 2956 panis
1451 2883 1735 2939 aduobus
1765 2882 2069 2956 discipulis

420 2966 480 3024 in
510 2968 794 3027 Emmaus
836 2972 1074 3044 agnitus
1122 2977 1214 3029 est
1245 2973 1398 3044 (Luc.
1430 2975 1602 3041 xxnv).
1637 2972 1700 3027 In
1732 2989 1847 3044 quo
1879 2972 2067 3028 omni-

2099 1766 2146 1830 B

2177 1283 2638 1348 venturum,non
2661 1297 2970 1348 memores,
2987 1281 3125 1352 quia
3146 1281 3431 1337 Dominus
3454 1281 3850 1352 respondent.

2186 1367 2366 1426 Pilato
2389 1385 2633 1442 regnum
2658 1386 2833 1424 suum
2861 1387 2975 1426 non
3006 1386 3134 1426 esse
3163 1370 3235 1426 de
3265 1369 3376 1426 hoc
3406 1369 3651 1425 mundo
3673 1369 3844 1437 Unas.

2178 1459 2360 1530 XVIII).
2395 1461 2652 1524 Quorum
2705 1458 3142 1531 simplicitatem
3200 1457 3492 1515 Dominus
3538 1459 3846 1531 redarguit

2180 1547 2379 1602 dicens
2411 1565 2423 1603 :
2457 1553 2579 1605 Non
2605 1555 2686 1604 est
2715 1556 2951 1604 vestrum
2976 1565 3132 1604 nosse
3159 1557 3422 1620 tempora,
3459 1554 3578 1604 etc.
3615 1548 3845 1604 Scilicet

2179 1638 2540 1704 ventura,ch
2568 1645 2860 1705 momenta,
2895 1637 2953 1693 id
2984 1643 3074 1694 est
3102 1644 3380 1694 venturas
3409 1654 3623 1694 rer-um
3657 1641 3844 1693 muta-

2178 1725 2386 1796 tiones,
2421 1726 2556 1794 Qua,’
2595 1729 2763 1782 Pater
2804 1729 2990 1799 posuit
3037 1729 3098 1783 in
3151 1745 3248 1783 sua
3291 1735 3580 1800 potestate.
3621 1727 3693 1784 In
3739 1744 3841 1798 quo

2175 1813 2308 1869 illos
2340 1814 2648 1870 manifeste
2679 1815 2922 1870 damnat
2951 1815 3053 1887 qui
3082 1820 3348 1888 tempora
3375 1821 3436 1872 et
3461 1819 3729 1871 eventus
3761 1816 3843 1870 fu-

2175 1906 2340 1958 turos
2371 1921 2476 1976 per
2507 1905 2776 1977 auguria,
2795 1907 2850 1961 et
2880 1903 3200 1978 sortilegis,
3235 1910 3412 1977 atque
3441 1905 3842 1960 divinationes

2174 1991 2504 2064 inquirunt.
2529 1993 2646 2048 Hoc
2669 1993 2826 2049 enim
2849 1993 3078 2050 facinus
3107 1997 3196 2050 est
3224 1999 3618 2068 magnum,et
3643 1999 3772 2050 tam
3791 1993 3841 2048 in

2174 2079 2367 2137 Veteri
2399 2099 2575 2154 quam
2607 2082 2666 2136 in
2716 2083 2871 2138 Novo
2921 2083 3295 2138 Testamento
3340 2082 3748 2155 prohibitum.
3782 2083 3842 2138 Et

2177 2170 2277 2243 qui
2308 2170 2417 2226 hoc
2447 2170 2670 2226 faciunt
2699 2170 2914 2243 duplex
2953 2171 3237 2226 damnum
3280 2171 3624 2237 incurrunt,
3661 2176 3724 2227 et
3753 2172 3842 2228 hic

2177 2259 2669 2331 deceptionem,et
2698 2259 2758 2314 in
2789 2260 2984 2315 futuro
3016 2259 3730 2316 damnationem.Deinde
3752 2278 3842 2317 se—

2177 2348 2430 2403 cundam
2453 2349 2724 2421 gratiam,
2751 2366 2930 2421 quam
2951 2349 3203 2422 Spiritus
3223 2353 3466 2405 sanctus
3483 2354 3620 2405 erat
3634 2350 3840 2406 eiscol-

2177 2435 2424 2505 laturus,
2458 2437 2714 2493 ostendit
2749 2455 2888 2493 cum
2920 2439 3122 2494 subdit
3154 2438 3299 2494 :Sed
3341 2441 3634 2512 accipietis
3665 2441 3836 2494 virtu-

2177 2533 2282 2582 tem
2307 2527 2543 2598 Spiritus
2573 2528 2772 2594 sancti,
2805 2528 2877 2583 ad
2912 2528 3208 2601 duplicem
3257 2527 3484 2583 scilicet
3527 2544 3734 2596 usum,
3770 2530 3836 2584 ad

2178 2615 2354 2670 vestri
2385 2616 2933 2684 sanctiﬁcationem,
2964 2622 3023 2672 et
3053 2617 3124 2672 ad
3157 2616 3486 2689 signorum,
3523 2616 3838 2673 miraculo-

2179 2720 2428 2775 rumque
2459 2707 2619 2759 osten
2629 2703 2873 2760 sionem.
2890 2705 3147 2761 Tertiam
3168 2721 3402 2778 quoque
3422 2704 3688 2778 gratiam
3710 2706 3836 2761 sub-

2165 2792 2370 2866 jungit
2390 2809 2522 2848 cum
2555 2793 2713 2864 dicit,
2735 2800 2788 2850 et
2813 2797 2973 2850 eritis
3001 2796 3146 2850 mihi
3171 2804 3350 2862 testes,
3385 2795 3536 2850 bene
3562 2794 3834 2860 vivendo,

2177 2883 2452 2937 audacter
2468 2899 2681 2938 nomen
2704 2900 2901 2938 meum
2926 2883 3315 2956 praedicando,
3335 2882 3700 2940 mirabiliter
3713 2900 3840 2956 ope-

2176 2971 2382 3040 rando,
2415 2971 2639 3026 fortiter
2667 2988 2770 3044 pro
2803 2989 2897 3027 me
2931 2972 3251 3038 moriendo,
3285 2973 3346 3027 in
3375 2974 3530 3028 omni
3556 2972 3766 3029 Iudae
3791 2980 3840 3028 et

411 3056 552 3125 .hus,
585 3062 642 3114 et
673 3060 960 3132 praecipue
991 3061 1108 3118 illis
1139 3063 1239 3134 qui
1285 3063 1344 3116 in
1395 3060 1652 3118 Ecclesia
1695 3060 1890 3116 locum
1939 3063 2067 3132 ejus
2116 3132 2138 3134 ,ν
2174 3061 2451 3128 Samaria,
2465 3069 2515 3115 et
2534 3077 2701 3132 usque
2727 3061 2798 3116 ad
2823 3069 3131 3118 extremum
3159 3069 3344 3119 terrae.
3367 3059 3548 3127 Quasi
3573 3059 3831 3116 diceret:

419 3148 638 3217 tenent,
670 3151 980 3222 exemplum
1032 3132 1318 3223 relinquit,
1350 3155 1415 3205 ut
1445 3167 1748 3222 nunquam
1781 3150 1850 3204 de
1881 3149 2064 3218 vanis,
2099 3132 2142 3198 C
2179 3148 2441 3204 Salutem
2472 3167 2651 3221 quam
2683 3153 2959 3222 operatus
2989 3167 3122 3206 sum
3152 3150 3212 3206 in
3245 3150 3438 3206 medio
3466 3153 3666 3218 terrae,
3697 3167 3835 3222 pra-

421 3251 724 3309 nunquam
781 3238 853 3294 de
900 3238 1103 3295 otiosis
1152 3239 1489 3311 nocivisque
1537 3239 1932 3304 sermonibus,
1967 3239 2067 3294 sed

421 3341 653 3399 semper
680 3327 750 3383 de
778 3343 956 3401 regno
1004 3329 1104 3385 Dei
1153 3333 1210 3385 et
1257 3330 1328 3384 de
1376 3328 1468 3384 his
1512 3345 1640 3400 quae
1667 3329 1739 3384 ad
1771 3328 1914 3384 illud
1945 3345 2070 3400 spe-

421 3418 583 3472 ctant
612 3415 949 3489 loquantur.

490 3505 769 3576 Sequitur
799 3523 934 3578 pars
959 3507 1152 3576 tertia,
1185 3505 1244 3562 in
1275 3524 1391 3579 qua
1422 3506 1731 3569 historiam
1763 3505 2066 3561 dominicae

421 3593 784 3650 ascensionis
813 3593 1038 3667 largius
1083 3597 1477 3668 prosequitur,
1513 3595 1815 3652 subdens:
1849 3597 1913 3650 Et
1940 3611 2066 3650 con-

420 3697 636 3738 vescens
659 3685 925 3755 praecepit
949 3686 1050 3753 eis,
1073 3689 1184 3740 etc.
1209 3685 1548 3753 Pensemus,
1573 3685 1801 3754 fratres,
1837 3688 2066 3756 quantae

420 3769 747 3828 dulcedinis
789 3772 900 3828 fuit
946 3771 1057 3830 hoc
1105 3773 1453 3830 hodiernum
1485 3778 1542 3830 et
1571 3778 1894 3828 extremum
1929 3787 2068 3828 con—

419 3857 656 3916 vivium.
693 3860 827 3916 Fuit
875 3861 1092 3934 quippe
1143 3863 1471 3918 convivium
1519 3861 1840 3930 charitatfs,
1873 3861 2066 3916 convi-

418 3948 577 4005 vium
627 3950 848 4022 gaudii,
899 3951 1228 4008 convivium
1281 3951 1644 4008 eruditionis.
1693 3950 1855 4006 Sicut
1910 3949 2066 4006 enim

419 4033 1068 4110 aliquispaterfamilias
1083 4056 1319 4112 peregre
1339 4039 1724 4111 profecturus,
1741 4043 2066 4094 extremum

419 4126 748 4182 convivium
799 4127 924 4184 suis
973 4128 1182 4184 amicis
1213 4133 1269 4184 et
1299 4127 1686 4184 familiaribus
1717 4132 2068 4184 convocatus

419 4231 556 4271 cum
575 4216 662 4272 eis
683 4215 919 4274 charius
941 4217 1214 4284 celebrat,
1232 4221 1288 4271 et
1309 4217 1600 4288 quomodo
1623 4233 1715 4271 res
1747 4233 1885 4270 suas
1912 4216 2066 4271 ordi-

421 4321 561 4359 nare
599 4305 868 4373 debeant,
901 4305 985 4361 eis
1036 4306 1298 4376 mandat,
1337 4305 1420 4361 ita
1464 4321 1735 4361 summus
1784 4304 2067 4360 Dominus

419 4392 656 4450 dulcius
679 4397 744 4448 et
768 4395 1026 4450 tenerius
1057 4399 1382 4450 extremum
1415 4394 1743 4450 convivium
1774 4411 1910 4450 cum
1943 4394 2067 4449 suis

418 4481 748 4552 celebravit,
780 4487 839 4540 et
880 4483 1024 4556 quid
1075 4500 1245 4556 agere
1299 4483 1578 4539 deberent
1630 4483 1715 4538 eis
1769 4483 2064 4555 praecepit.
2096 4503 2142 4568 ι)

419 4572 585 4629 Unde
613 4576 670 4629 et
696 4572 991 4638 subditur,
1021 4574 1296 4645 Praecepit
1323 4574 1402 4628 eis
1445 4574 1512 4627 ab
1560 4571 1951 4644 Hierosolymis
1997 4588 2066 4628 ne
2174 4569 2613 4637 mei,Dominus
2642 4573 2928 4642 tanquam
2960 4569 3504 4644 impotens,auxilio
3533 4568 3830 4642 indigebat

417 4661 770 4728 discederent,
785 4677 890 4717 nec
911 4678 946 4717 a
976 4661 1122 4730 loco,
1147 4677 1252 4716 nec
1273 4677 1307 4715 a
1327 4659 1672 4734 signiﬁcato,
1701 4660 2070 4716 discederent

418 4751 640 4808 scilicet
678 4768 724 4806 a.
757 4749 1178 4808 communitate
1194 4755 1250 4805 et
1265 4749 1697 4818 communione,
1721 4766 1792 4806 ne
1813 4750 2069 4807 discede-

418 4844 550 4896 rent
578 4857 613 4896 a
637 4840 862 4897 visione
891 4844 949 4897 et
977 4839 1264 4896 desiderio
1311 4838 1472 4911 pacis
1497 4857 1510 4906 ;
1546 4839 1648 4895 sed
1693 4847 2070 4911 exspectarent

415 4931 836 5002 promissionem
863 4931 1066 4986 Patris.
1102 4931 1235 4994 Quae
1268 4928 1470 5000 utique
1513 4926 1825 5000 promissio
1855 4931 1911 4982 et
1939 4945 2070 4984 mea

419 5022 545 5086 est;
577 5018 714 5088 quia
743 5034 874 5074 eam
896 5019 1150 5086 audistis,
1187 5017 1400 5090 inquit,
1429 5033 1532 5088 per
1558 5033 1616 5072 os
1643 5033 1844 5072 meum.
1865 5020 1928 5070 In
1953 5033 2068 5088 quo

421 5121 730 5162 monemur
759 5110 817 5162 et
835 5123 964 5177 nos,
997 5108 1228 5174 fratres,
1264 5123 1335 5162 ne
1363 5123 1400 5161 a
1429 5104 1840 5160 communione
1877 5105 2070 5161 Eccle-

419 5193 523 5251 siae
553 5195 915 5263 recedamus,
949 5199 1008 5251 et
1037 5194 1219 5268 pacis,
1241 5194 1291 5250 si
1323 5193 1576 5267 Spiritus
1606 5193 1792 5248 sancti
1823 5193 2072 5267 gratiam

420 5283 480 5338 in
505 5297 614 5337 nos
639 5281 911 5337 advenire
950 5282 1375 5338 desideramus.
1412 5283 1474 5338 In
1506 5281 1707 5337 divisis
1738 5282 1895 5338 enim
1926 5286 1984 5338 et
2012 5281 2070 5337 in

419 5369 700 5443 inquietis
721 5369 1017 5438 cordibus,
1043 5388 1156 5427 non
1181 5375 1374 5443 potest
1394 5371 1659 5427 habitare
1677 5371 2074 5442 Spiritussan-

422 5464 572 5515 ctus.
585 5460 740 5525 Quas
761 5463 958 5516 autem
971 5459 1192 5531 gratias
1208 5477 1310 5532 per
1321 5459 1605 5532 Spiritum
1629 5457 1894 5516 sanctum
1910 5465 2076 5516 erant

421 5549 734 5620 accepturi,
789 5547 1218 5618 subsequenter
1293 5549 1572 5620 ostendit,
1633 5549 2073 5607 emundationis

2177 3236 2445 3293 dicabitis
2491 3236 2683 3310 primo
2729 3238 3088 3306 domesticis,
3121 3238 3334 3295 deinde
3364 3237 3602 3306 vicinis,
3636 3243 3832 3310 postes

2177 3326 2417 3382 remotis
2462 3330 2519 3381 et
2577 3327 2874 3383 extremis.
2937 3327 3194 3397 Utinam,
3273 3327 3484 3382 fratres
3558 3327 3702 3392 mei,
3779 3333 3832 3381 et

2177 3415 2237 3470 in
2271 3431 2378 3471 nos
2407 3415 2660 3487 Spiritus
2691 3419 2932 3472 sanctus
2987 3417 3369 3484 descendens,
3403 3416 3502 3472 det
3561 3415 3738 3472 nobis
3777 3420 3832 3470 et

2175 3508 2547 3576 peccatorum
2579 3505 3078 3574 emundationem,
3102 3509 3160 3561 et
3186 3505 3470 3560 virtutum
3503 3503 3830 3560 sanctiﬁca-

2175 3592 2416 3660 tionem,
2441 3596 2498 3648 et
2519 3593 2872 3664 praedicandi
2895 3594 3300 3650 fortitudinem
3323 3598 3380 3649 et
3399 3593 3828 3661 audaciam,ut,

2177 3682 2404 3752 abjecta
2425 3685 2654 3736 terrena
2676 3681 2996 3753 cupiditate
3016 3688 3076 3738 et
3099 3681 3720 3748 fortitudine,verbum
3734 3682 3828 3736 Dei

2177 3787 2372 3825 coram
2397 3770 2636 3842 regibus
2658 3775 2715 3826 et
2735 3771 2998 3843 tyrannis
3020 3775 3078 3827 et
3097 3770 3316 3844 iniquis
3337 3774 3690 3826 constanter
3699 3787 3828 3843 prae.

2177 3859 2462 3916 dicemus.
2495 3862 2560 3914 Et
2587 3875 2714 3914 cum
2750 3861 2848 3916 hoc
2886 3861 3132 3928 dixisset,
3165 3860 3418 3917 subaudi
3445 3863 3509 3915 et
3537 3860 3828 3916 eduxisset

2175 3965 2274 4004 eos
2306 3948 2366 4002 in
2396 3951 2654 4003 montem
2687 3947 2914 4004 Oliveti.
2943 3949 3026 4005 0b
3048 3949 3158 4006 hoc
3189 3949 3426 4022 quippe,
3454 3947 3696 4014 fratres,
3728 3948 3827 4003 bo-

2176 4037 2269 4092 die
2301 4035 2584 4093 solemnis
2615 4037 2911 4109 processio
2940 4043 3094 4094 recte
3124 4039 3189 4093 ﬁt
3208 4038 3281 4093 ad
3303 4037 3657 4093 memoriam
3681 4036 3829 4092 illius

2174 4125 2588 4199 ,processionis,
2642 4143 2820 4198 quam
2878 4127 3053 4183 hodie
3106 4127 3461 4198 Redemptor
3519 4131 3730 4182 noster
3777 4125 3828 4180 in

2177 4219 2436 4271 montem
2459 4213 2662 4270 Oliveti
2687 4215 2838 4271 fecit.
2864 4216 2970 4282 Qui
2993 4215 3300 4288 discipulis
3319 4213 3448 4269 suis
3469 4213 3657 4269 chara
3679 4213 3830 4285 pacis

2177 4303 2380 4359 oscula
2405 4303 2762 4376 relinquens,
2791 4308 2848 4360 et
2878 4305 2963 4361 eis
2994 4305 3365 4370 benedicens,
3391 4304 3709 4360 videntibus
3726 4305 3829 4360 illi:

2173 4393 2412 4449 elevatus
2439 4401 2539 4460 est,
2573 4397 2639 4447 ut
2666 4391 2853 4448 visam
2899 4393 3027 4464 ejus
3075 4392 3478 4448 ascensionem
3530 4391 3826 4447 testiﬁcari

2176 4484 2436 4553 possent.
2470 4481 2581 4537 Sed
2611 4498 2646 4536 a
2676 4498 2790 4554 quo
2838 4480 3098 4538 elevatus
3142 4482 3278 4538 est?
3307 4479 3588 4553 Nunquid
3621 4480 3827 4544 fratres

2178 4657 2389 4727 alieno,
2422 4675 2540 4730 quo
2597 4657 2942 4725 elevaretur,
2994 4659 3147 4716 sicut
3199 4659 3416 4727 Enoch,
3467 4658 3574 4730 qui
3622 4656 3828 4730 legitur

2178 4746 2500 4804 translatus
2524 4748 2705 4819 (Hebr.
2725 4749 2823 4820 x1),
2846 4751 2904 4804 et
2921 4747 3076 4804 sicut
3094 4747 3272 4817 Elias,
3291 4746 3398 4820 qui
3420 4746 3826 4820 legiturcurru

2177 4839 2611 4908 transportatus
2641 4839 2737 4907 (IV
2768 4837 2894 4907 Reg.
2929 4837 3040 4910 II)?
3067 4836 3330 4892 minime.
3362 4834 3453 4892 Illi
3503 4833 3666 4890 enim
3707 4839 3827 4889 tan-

2179 4943 2355 4998 quam
2383 4924 2514 4997 puri
2546 4925 2834 4991 homines,
2863 4942 2970 4982 nec
3009 4925 3182 4982 etiam
3225 4942 3328 4998 per
3356 4923 3569 4980 ccelum
3595 4939 3826 4980 ast-eum

2179 5015 2238 5069 in
2260 5012 2600 5086 paradisum
2622 5018 2921 5070 terrenum
2944 5031 3048 5088 per
3063 5030 3125 5070 se
3145 5012 3393 5070 transire
3414 5017 3710 5085 poterant.
3725 5011 3828 5068 Sed

2183 5105 2540 5175 Redemptor
2571 5107 2789 5172 noster,
2826 5109 3108 5176 tanquam
3139 5120 3318 5159 verus
3346 5103 3521 5169 Deus,
3555 5118 3620 5156 se
3651 5102 3714 5156 in
3737 5118 3830 5156 cm-

2181 5192 2305 5248 lum
2337 5191 2664 5263 empireum
2696 5209 2804 5248 sua
2844 5192 3088 5249 elevavit
3131 5193 3410 5265 potentia.
3445 5189 3726 5247 Elevatns
3752 5195 3826 5246 est

2182 5283 2364 5356 igitur
2392 5280 2517 5352 ipse
2548 5279 2726 5336 homo
2753 5298 2788 5337 a
2817 5299 2879 5338 se
2904 5283 3040 5338 Deo.
3073 5283 3139 5338 Et
3161 5283 3329 5338 nubes
3356 5281 3589 5352 suscepit
3614 5295 3744 5335 eam
3765 5280 3825 5334 et

2181 5372 2355 5428 oculis
2383 5385 2592 5426 eorum.
2626 5369 2802 5426 Porro
2833 5371 2956 5428 haec
2993 5371 3180 5427 nubes
3208 5369 3348 5427 tulit
3371 5369 3425 5426 ei
3455 5386 3574 5425 non
3603 5369 3824 5440 adium

2183 5461 2358 5526 rium,
2394 5457 2496 5514 sed
2523 5457 2937 5516 ministerium.
2953 5459 3254 5516 Elementa
3283 5458 3498 5533 quippe
3526 5474 3637 5514 suo
3670 5458 3822 5513 Cm-

2182 5546 2294 5604 tori
2343 5545 2726 5604 famulantur.
2755 5548 3012 5606 Marmor
3060 5548 3301 5620 montis,
3346 5547 3504 5606 unde
3547 5545 3820 5606 Dominus
