3982 6082
399 287 555 347 1923

1407 282 1806 342 ADDENDA.
1841 314 1918 324 -—
1948 279 2343 341 BADULPHI
2391 281 2806 343 ABDENTIS.

3679 280 3839 340 1921

397 413 889 485 corrci-tionisque
919 428 1114 467 causa.
1149 412 1526 484 Exprobratio
1567 428 1821 483 namque
1847 411 1969 483 pals

2269 428 2318 477 e,
2355 413 2581 483 fratres,
2638 429 2816 483 quam
2867 429 3118 485 magnus
3167 427 3323 484 ager,
3372 428 3562 482 quam
3624 410 3837 482 paucis

395 506 569 570 facta,
593 502 873 575 quoniam
903 517 1018 556 non
1051 517 1119 557 ex
1148 500 1306 556 fonte
1335 499 1774 568 charitatis,sed
1805 499 1922 554 odii
1953 499 2040 554 vi-

394 595 566 649 detur
596 593 1224 662 manare,peccatorem
1252 606 1367 644 non
1399 588 1709 643 emendare
1740 587 1905 655 solet,
1941 589 2041 644 sed

389 681 590 754 potius
627 695 955 752 provocare.
990 678 1097 733 Sed
1147 677 1512 749 exprobratio
1564 693 1831 733 seorsum
1869 677 2037 744 facta,

391 770 531 844 quia
559 771 631 825 de
651 770 804 824 bono
830 767 950 822 zelo
965 767 1273 839 procedere
1293 767 1906 839 videtur,peccatorem
1932 782 2039 822 no-

389 860 483 916 bis
507 859 723 915 amicat
752 862 810 913 et
841 857 1289 912 emendat.Sane
1322 873 1438 910 non
1469 855 1662 911 omnis
1693 854 1792 926 qui
1815 855 2036 927 aliquid

391 966 504 1006 non
539 948 724 1004 credit
753 945 1092 1001 incredulus
1124 950 1231 1013 est,
1263 945 1362 1000 sed
1395 945 1492 1000 ille
1521 962 1653 1000 vero
1687 945 1922 1000 nomine
1952 944 2039 1000 in-

389 1036 664 1094 credulus
693 1035 804 1090 dici
829 1038 1020 1106 potest
1042 1033 1141 1106 qui
1165 1051 1280 1089 non
1303 1033 1487 1088 credit
1507 1034 1660 1106 quod
1680 1035 1910 1088 credere
1933 1033 2034 1089 de—

386 1122 832 1198 bet,praesertim
865 1139 995 1177 cum
1029 1121 1328 1177 sufﬁciens
1357 1121 1761 1178 testimonium
1803 1121 2034 1189 habeat,

385 1214 478 1270 cui
501 1215 636 1285 jure
668 1213 839 1268 tidem
873 1211 1080 1266 debeat
1108 1209 1406 1266 adhibere.
1441 1209 1650 1276 Quales
1700 1210 1858 1265 fuere
1904 1210 2032 1282 qui-

385 1305 522 1360 dam
553 1298 1108 1374 discipulorum,qui
1139 1299 1453 1354 Dominum
1486 1315 1615 1353 vere
1647 1299 2034 1354 resurrexisse

383 1411 498 1450 non
532 1389 1006 1456 credebant,licet
1037 1387 1134 1443 alii
1157 1387 1561 1460 discipuli,qui
1579 1387 2032 1458 Dominumjam

382 1481 707 1539 redivivum
738 1479 1500 1544 viderant,tractaverant,et
1529 1493 1661 1531 cum
1693 1491 1758 1530 eo
1783 1477 2031 1531 mandu-

383 1573 656 1628 caverant
684 1573 741 1624 et
779 1568 1067 1635 biberant,
1102 1567 1184 1622 eis
1227 1565 1537 1621 Dominicaa
1589 1565 2032 1622 resurrectionis

383 1659 684 1717 sufﬁciens
717 1655 1122 1712 testimonium
1154 1655 1389 1709 ferrent.
1425 1654 1595 1709 Tales
1630 1670 1864 1726 quoque
1894 1657 2032 1708 sunt

382 1764 570 1821 usque
601 1746 773 1802 hodie
801 1744 1000 1800 miseri
1031 1744 1238 1812 Judaei,
1260 1743 1360 1816 qui
1392 1760 1497 1798 nec
1527 1747 1762 1815 propter
1787 1759 2026 1798 suorum
2058 1785 2105 1850 Β

381 1838 821 1912 prophetarum,
851 1850 957 1890 nec
1002 1836 1237 1905 propter
1266 1831 1661 1904 apostolorum
1693 1836 1749 1886 et
1777 1849 2028 1904 evange-

380 1928 674 1993 listarum,
713 1941 818 1979 nec
868 1926 1104 1996 propter
1141 1921 1444 1994 signorum
1490 1920 2028 1992 miraculorumque

380 2015 719 2074 testimonia
747 2011 1111 2068 Dominicam
1141 2012 1376 2066 credere
1422 2009 1624 2064 volunt
1655 2009 2026 2066 resurrectio-

383 2124 538 2162 nem.
567 2104 840 2159 Nascitur
887 2105 1083 2157 autem
1135 2099 1270 2155 talis
1321 2099 1698 2154 incredulitas
1736 2116 1803 2153 ex
1833 2099 2026 2154 cordis

379 2195 618 2260 duritia,
654 2192 810 2264 quod
861 2189 1002 2245 nulli
1055 2189 1285 2244 credere
1327 2187 1451 2242 vult
1482 2188 1594 2242 nisi
1643 2187 1776 2255 sibi,
1813 2192 2024 2260 putans

378 2300 582 2340 omnes
614 2285 820 2354 praeter
847 2297 908 2334 se
938 2282 1038 2333 aut
1071 2278 1339 2349 dereptos
1371 2281 1474 2332 aut
1503 2276 1682 2331 falsos
1709 2293 1855 2332 esse.
1891 2277 2021 2344 Sed,

377 2376 588 2430 fratres
619 2369 756 2438 mei,
780 2369 934 2424 sicut
978 2366 1155 2422 stulta
1182 2365 1496 2420 credulitas
1526 2370 1614 2420 est
1643 2365 1879 2420 cuilibet
1909 2382 2028 2421 cre-

379 2460 620 2528 dere,ita
643 2475 817 2531 prava
865 2454 1246 2511 incredulitas
1281 2458 1369 2509 est
1396 2453 1540 2508 nulli
1572 2455 1826 2509 credere.
1861 2455 2024 2510 Unde

373 2549 630 2605 Joannes
663 2564 676 2601 :
709 2543 1283 2616 Nolite,inquit,om~n.i
1299 2545 1527 2614 spiritui
1553 2542 1885 2610 credere,sed
1902 2559 2025 2615 pro-

376 2640 498 2694 bate
521 2639 752 2710 spiritus
771 2653 844 2690 an
861 2651 930 2690 ex
953 2638 1064 2689 Deo
1082 2634 1193 2688 sint
1219 2633 1264 2703 (1
1279 2634 1434 2688 Ιοαη.
1471 2631 1749 2700 Iv).Quasi
1764 2631 1982 2687 diceret
2005 2649 2019 2688 :

375 2727 691 2799 Postquam
741 2722 1122 2797 probaveritis
1165 2722 1320 2794 quod
1360 2721 1605 2793 spiritus
1635 2738 1703 2776 ex
1732 2721 1846 2776 Deo
1880 2720 2020 2789 sint,

373 2815 458 2871 eis
492 2815 668 2870 ﬁdem
716 2813 1005 2868 adhibete.
1037 2811 1170 2877 Sed,
1204 2811 1410 2866 fratres
1442 2809 1574 2878 mei,
1610 2827 1790 2882 quare
1820 2810 2022 2865 Domi-

373 2921 486 2960 nus
514 2903 727 2959 electos
748 2899 1071 2972 discipulos
1093 2918 1232 2956 suos
1254 2899 1518 2972 permisit
1549 2900 1619 2954 de
1644 2917 1751 2955 sua
1773 2915 2023 2955 resurre-

371 2991 778 3050 ctionetandiu
798 2989 1244 3045 dubitare?Non
1272 2990 1386 3044 haec
1414 2988 1758 3056 frustra,sed
1785 2988 2022 3059 provida

371 3087 428 3138 et
455 3081 581 3137 utili
613 3080 780 3136 nobis
803 3079 922 3134 haec
947 3077 1211 3150 permisit
1231 3077 1828 3150 dispensatione.Plus
1850 3077 2018 3133 nobis

2155 500 2376 557 colonis
2404 502 2657 557 traditur
2687 503 2757 558 ad
2794 501 3124 557 colendum.
3156 501 3225 556 Et
3273 517 3474 557 revera
3521 500 3836 556 Dominus

2153 589 2291 645 alibi
2330 591 2490 646 dicit.
2551 590 2734 646 Messis
2790 591 3013 662 quidem
3069 592 3264 656 multa,
3323 591 3584 662 operarii
3647 596 3836 643 autem

2144 681 2315 750 pauci
2353 679 2500 752 (Luc.
2550 681 2628 750 Χ).
2663 681 2971 752 Propterea
3027 679 3370 752 prohibetur
3419 678 3508 734 eis
3579 695 3665 734 ne
3727 676 3833 733 ali-

2151 765 2291 836 quid
2324 766 2513 821 ferant
2542 767 2600 820 in
2627 765 2740 833 via,
2770 771 2826 822 et
2873 783 2945 822 ne
2998 765 3254 838 aliquem
3287 765 3577 838 salutent,
3620 770 3695 820 ut
3751 767 3828 820 vi-

2148 854 2358 909 delicet
2387 849 2651 926 expedite
2680 861 2737 910 et
2776 855 2900 911 sine
2931 837 3300 911 cunctatione
3329 837 3826 928 proﬁciscantur.

2147 947 2204 998 et
2225 943 2488 1014 injunete
2502 944 2932 1015 praedicationis
2947 945 3206 1000 officium
3230 943 3592 1000 festinanter
3621 961 3826 1016 prose-

2147 1033 2540 1104 quantur.Sed
2565 1037 2620 1088 et
2654 1032 2712 1087 in
2743 1033 2850 1088 hoc
2874 1032 3042 1089 nobis
3073 1033 3424 1106 sequacibus
3458 1033 3822 1105 praedicato-

2145 1122 2312 1178 ribus
2342 1123 2688 1195 preponitur
2718 1123 3072 1195 exemplum,
3103 1139 3174 1178 ne
3206 1140 3312 1178 nos
3352 1121 3705 1178 honoribus
3733 1140 3824 1176 sae-

2145 1209 2432 1266 cularium
2486 1211 2853 1284 negotiorum
2905 1228 3255 1280 oneremus;
3298 1228 3370 1267 ne
3417 1210 3820 1267 fabulationi-

2143 1299 2256 1354 bus
2323 1303 2379 1354 et
2451 1298 2806 1371 vaniloquiis
2878 1303 3114 1371 tempus
3188 1317 3656 1366 consumamus,
3722 1301 3816 1355 sed

2141 1388 2402 1460 expedite
2433 1393 2490 1444 et
2511 1388 2856 1445 festinanter
2886 1389 3077 1445 officio
3108 1389 3544 1462 praedicationis
3574 1387 3820 1444 insista-

2143 1495 2296 1532 mus.
2329 1478 2652 1546 Praedicate,
2685 1478 2899 1550 inquit,
2931 1479 3310 1550 Evangetium,
3343 1496 3460 1534 non
3495 1477 3692 1533 aliam
3725 1478 3818 1534 do-

2141 1567 2482 1622 ctrinam.In
2514 1583 2628 1640 quo
2653 1567 3097 1623 confunduntur
3125 1567 3208 1622 illi
3231 1567 3353 1640 qui,
3377 1567 3616 1623 omissa
3637 1584 3814 1623 evan-

2140 1654 2326 1727 gelica
2356 1655 2642 1723 doctrina,
2692 1673 2760 1711 ex
2811 1673 2873 1711 se
2903 1659 2960 1711 et
2989 1655 3180 1711 aliena
3227 1673 3375 1712 nova
3425 1662 3815 1728 praesumunt

2141 1742 2373 1815 populis
2404 1743 2717 1815 praedicare
2744 1762 2756 1811 ;
2782 1761 2914 1798 cum
2938 1744 3093 1800 dicat
3118 1743 3402 1800 Dominus
3425 1761 3534 1817 per
3554 1745 3816 1817 prophe-

2139 1837 2258 1887 tam
2293 1849 2304 1887 :
2338 1833 2710 1888 Annuntia-bis
2739 1834 2815 1888 eis
2844 1849 2914 1887 ex
2959 1850 3045 1888 me
3075 1833 3284 1905 (Ezech.
3319 1833 3417 1905 ιιι).
3455 1832 3636 1889 Omni
3666 1851 3814 1890 crea-

2137 1923 2359 1990 turagid
2386 1926 2474 1978 est
2502 1921 2747 1990 homini,
2781 1925 3016 1994 propter
3063 1939 3237 1994 quem
3284 1923 3480 1978 omnis
3527 1927 3814 1978 creatura

2133 2011 2286 2067 facta
2317 2017 2422 2080 est,
2457 2015 2514 2066 et
2544 2011 2602 2065 in
2634 2027 2749 2082 quo
2782 2011 2974 2066 omnis
3005 2016 3271 2066 creatura
3299 2029 3402 2083 per
3437 2015 3808 2068 naturarum

2134 2100 2640 2172 participationem
2673 2104 2945 2156 contenta
2973 2100 3273 2156 est.Habet
3302 2099 3461 2156 enim
3494 2117 3638 2156 esse
3665 2118 3806 2156 cum

2133 2188 2638 2261 lapidibus,vivere
2667 2207 2801 2245 eum
2834 2189 3160 2257 arboribus,
3195 2189 3408 2245 sentire
3433 2207 3574 2245 cum
3611 2207 3804 2262 pecu-

2131 2278 2305 2334 dibus
2331 2297 2343 2347 ;
2377 2278 2702 2334 discernere
2732 2296 2867 2334 cum
2897 2278 3348 2351 angelisltaque
3381 2278 3622 2344 fratres,
3651 2295 3801 2351 quo-

2133 2367 2287 2422 niam
2305 2372 2539 2439 propter
2549 2367 2949 2424 excellentiam
2968 2368 3158 2424 omnis
3177 2372 3444 2424 creatura
3457 2385 3760 2424 vocamur
3781 2388 3794 2436 ;

2133 2455 2458 2511 dominium
2491 2457 2647 2528 quod
2679 2461 2970 2512 exnatura
2987 2474 3162 2529 super
3177 2457 3794 2514 creaturashabemus

2131 2544 2394 2600 moribus
2414 2543 2778 2601 vindicemus
2804 2563 2817 2614 ;
2845 2544 3218 2600 dominemur
3242 2545 3418 2601 rebus
3443 2544 3796 2618 temporali-

2130 2633 2240 2688 bus
2269 2651 2372 2705 per
2401 2637 2624 2688 rectum
2658 2637 3196 2705 usum,rectamque
3227 2633 3744 2706 dispensationem
3774 2653 3788 2700 ;

2130 2739 2245 2777 non
2278 2723 2606 2778 subdamus
2633 2739 2738 2778 nos
2769 2722 3244 2794 turpiterillis,ut
3263 2722 3502 2794 quidam
3535 2723 3793 2790 faciunt,

2129 2827 2230 2883 per
2261 2811 2638 2883 cupiditatem
2690 2815 2746 2867 et
2792 2811 3098 2866 avaritiam
3149 2812 3220 2867 de
3269 2813 3610 2884 cujusmodi
3645 2813 3793 2868 scri-

2129 2904 2296 2971 ptum
2329 2904 2417 2956 est
2448 2917 2460 2956 :
2497 2901 2660 2956 Homo
2690 2917 2815 2955 cum
2844 2902 2900 2955 in
2933 2899 3132 2956 honore
3156 2909 3305 2970 esset,
3337 2918 3445 2957 non
3479 2901 3790 2967 intellexit,

2128 2997 2476 3060 comparatus
2499 2997 2578 3044 est
2616 2990 2882 3061 jumentis
2930 2991 3318 3061 insipientibus
3364 2999 3415 3045 et
3451 2991 3675 3046 similis
3701 2994 3792 3061 fa-

2127 3084 2242 3133 ctus
2263 3085 2342 3134 est
2368 3079 2482 3133 illis
2512 3076 2691 3149 (Psal.
2724 3077 2937 3149 xnvm).
2961 3079 3143 3144 Quam
3176 3082 3368 3133 autem
3399 3079 3791 3149 acquiescen-

371 3171 586 3244 quippe
619 3169 965 3242 profuerunt
993 3166 1195 3238 illiqui
1227 3167 1390 3221 tarde
1420 3171 1477 3221 et
1501 3165 1592 3220 vix
1622 3167 2015 3232 crediderunt,
2049 3153 2090 3220 C
2123 3170 2212 3222 tes
2237 3166 2632 3239 praedicationi
2656 3165 2966 3222 utilitatem
2985 3168 3792 3239 eonsequantur,ostenditur

370 3277 548 3333 quam
599 3258 682 3315 illi
715 3257 812 3328 qui
855 3256 1058 3312 statim
1106 3255 1497 3310 crediderunt.
1532 3253 1760 3310 Creduli
1809 3270 2018 3328 nempe

369 3348 536 3405 facile
567 3347 1017 3412 credunt,etiam
1050 3342 1130 3400 rei
1161 3343 1423 3399 nondum
1445 3344 2015 3415 probatzeJncreduli

366 3453 502 3492 vero
549 3437 786 3490 econtra
814 3432 894 3488 rei
946 3429 1313 3486 multimodis
1360 3431 1615 3503 probatae
1663 3432 1757 3487 vix
1785 3434 2017 3488 credere

365 3521 735 3587 volunt.Quis
749 3537 884 3594 ergo
897 3538 1011 3576 non
1027 3520 1224 3575 credat
1237 3521 1391 3591 quod
1410 3519 1584 3575 etiam
1599 3520 1883 3576 increduli
1900 3538 2014 3578 non

366 3613 599 3669 credere
613 3628 730 3666 non
747 3608 1088 3682 potuerunt?
1100 3607 1240 3671 Quis
1253 3625 1367 3662 non
1381 3609 1744 3680 credatquod
1760 3609 2014 3667 Thomas

387 3698 706 3756 ncredulus
719 3698 847 3754 visu
861 3695 1144 3769 prepriori
1160 3701 1214 3751 et
1227 3700 1534 3752 attrectatu
1550 3715 1760 3754 manus
1777 3699 2017 3771 diligen-

363 3788 662 3847 ticredere
675 3785 1015 3857 compulsus
1028 3784 1312 3851 est?Quis
1335 3803 1445 3841 non
1469 3787 1667 3842 credat
1690 3789 1844 3859 quod
1865 3793 2013 3844 Pau-

386 3893 458 3934 us
480 3874 819 3932 incredulus
844 3879 901 3930 et
921 3873 1053 3928 fidei
1077 3879 1430 3946 persecutor,
1457 3891 1491 3929 a
1517 3874 1763 3932 Domino
1793 3875 1902 3932 sibi
1929 3878 2012 3933 lo—

365 3970 579 4039 quente
610 3966 1367 4038 prostratus,excaacatus,et
1397 3967 1530 4035 post
1559 3964 1630 4019 ab
1663 3965 1866 4022 eodem
1888 3966 2015 4022 reil-

360 4054 688 4111 luminatus
719 4054 953 4110 credere
985 4052 1382 4121 coactus,est?
1413 4054 1546 4122 (Act.
1580 4053 2014 4125 1x).Credamus

361 4161 522 4217 ergo,
546 4143 1016 4213 fratres,absque
1045 4141 1408 4198 dubitatione
1439 4143 1595 4214 quod
1619 4143 1793 4200 etiam
1824 4145 2015 4201 incre-

361 4231 486 4288 duli
517 4231 909 4298 crediderunt,
943 4235 1000 4285 et
1030 4247 1275 4303 agamus
1323 4235 1436 4287 Deo
1477 4232 1716 4304 gratias,
1751 4233 1850 4305 qui
1883 4235 2012 4291 ideo

361 4319 686 4392 discipulos
726 4335 865 4374 suos
913 4319 1179 4374 dubitare
1226 4318 1428 4388 voluit,
1465 4337 1536 4376 ne
1568 4337 1673 4377 nos
1717 4322 2012 4380 dubitare-

361 4409 659 4464 mus.Ideo
693 4425 791 4464 eos
823 4408 895 4463 ad
926 4411 1161 4479 tempus
1194 4408 1526 4465 incredulos
1555 4426 1682 4466 esse
1711 4410 1913 4481 voluit,
1939 4431 2013 4470 ne

360 4513 469 4552 nos
499 4495 788 4552 increduli
819 4513 1104 4552 essemus.

430 4586 712 4658 Sequitur
740 4602 877 4658 pars
907 4585 1098 4650 tertia,
1128 4584 1188 4639 in
1217 4603 1332 4658 qua
1362 4586 1646 4643 Dominus
1690 4589 2011 4663 discipulos

358 4691 499 4732 suos
521 4674 661 4748 quid
684 4678 815 4748 post
838 4673 1252 4730 Ascensionem
1275 4691 1445 4730 suam
1463 4692 1632 4749 agere
1651 4678 1900 4734 debeant
1921 4680 2011 4736 in-

357 4764 535 4821 struit
564 4763 764 4820 dicens
797 4779 810 4817 :
841 4764 919 4819 Ite
949 4764 1009 4818 in
1057 4765 1241 4819 orbem
1270 4765 1588 4820 universum
1617 4775 1672 4822 et
1714 4769 2012 4839 pret-dicate

354 4854 721 4922 Evangelium
759 4854 912 4908 omni
959 4859 1246 4920 creaturae,
1292 4855 1401 4907 etc.
1457 4854 1735 4926 Discipuli
1784 4857 1948 4928 prius
1979 4877 2012 4914 a

357 4941 607 4998 Domino
637 4942 803 4998 electi
836 4947 892 4998 et
920 4942 1268 5014 edocti,post
1290 4943 1360 4997 ad
1385 4943 1821 5014 praedicandum
1843 4947 2007 5003 missi

357 5032 588 5086 sunt.In
605 5048 720 5103 quo
739 5029 1276 5086 confundunturilli
1293 5031 1392 5102 qui
1419 5035 1736 5104 antequam
1763 5036 2008 5090 docean-

353 5119 686 5185 tur,docere
716 5123 773 5174 et
801 5121 1113 5190 praedicare
1145 5124 1528 5192 praesumunt,
1544 5127 1859 5194 antequam
1888 5125 2008 5181 sint

354 5206 652 5278 discipuli,
686 5208 836 5262 ﬁunt
869 5209 1152 5282 magistri.
1187 5210 1639 5265 Confunduntur
1679 5229 1909 5285 quoque
1952 5218 2008 5270 et

352 5293 440 5350 illi
473 5295 572 5366 qui
603 5312 709 5352 nec
738 5296 1058 5364 vocati,nec
1087 5298 1274 5366 missi,
1309 5316 1417 5355 sua
1446 5300 1790 5357 auctoritate
1822 5303 2006 5376 magi-

351 5385 541 5438 strare
572 5389 628 5440 et
668 5383 982 5457 przedicare
1033 5392 1418 5458 praesumunt,
1475 5406 1589 5444 non
1639 5392 2006 5448 attendentes

350 5470 510 5544 quod
565 5475 645 5530 ait
698 5472 1056 5547 Apostolus:
1107 5476 1378 5543 Quomodo
1431 5478 1838 5549 prazdicabunt,
1893 5483 2008 5537 nisi

349 5559 644 5619 mittantur
668 5566 844 5636 (Rom.
877 5564 961 5634 κ.)
987 5563 1083 5632 Ite,
1117 5563 1330 5638 inquit,
1362 5567 1423 5621 in
1442 5567 1626 5624 orbem
1663 5571 2002 5628 universum.

2129 3272 2262 3310 cum
2313 3256 2694 3327 subjungitur
2725 3272 2738 3310 :
2775 3257 2882 3324 Qui
2913 3256 3204 3311 crediderit
3227 3264 3278 3312 et
3308 3255 3627 3328 haptizatus
3654 3257 3787 3331 fue-

2125 3347 2201 3400 rit
2227 3346 2409 3401 salvus
2437 3346 2561 3401 erit.
2585 3346 2656 3399 At
2686 3344 2829 3399 dicit
2857 3343 3069 3416 aliquis
3101 3362 3114 3398 :
3138 3346 3256 3418 Ego
3288 3345 3456 3400 credo
3487 3350 3547 3400 et
3575 3345 3786 3419 bapti-

2124 3439 2292 3490 zatus
2324 3451 2478 3502 sum,
2508 3450 2644 3506 ergo
2675 3432 2873 3489 salvus
2896 3451 3015 3490 ero.
3046 3433 3285 3502 Verum,
3320 3434 3498 3490 frater
3517 3433 3698 3502 dicis,
3733 3436 3784 3491 si

2129 3534 2288 3580 tenes
2318 3527 2554 3595 pactum
2584 3523 2740 3594 quod
2772 3523 2830 3577 in
2863 3522 3154 3594 baptismo
3185 3522 3559 3596 pepigisti.lu
3587 3523 3788 3596 bapti-

2125 3630 2252 3670 smo
2287 3613 2502 3685 quippe
2523 3611 2844 3684 promisisti
2867 3615 2923 3667 te
2944 3612 3495 3696 abrenuntiaturum
3516 3613 3781 3680 diabolo,

2123 3702 2356 3774 pompis
2387 3707 2442 3757 et
2471 3701 2745 3774 operibus
2771 3702 2986 3774 ejus.Si
3017 3707 3212 3758 autem
3245 3703 3318 3757 ad
3347 3720 3524 3775 opera
3552 3704 3781 3760 diaboli

2124 3791 2389 3863 relapsus
2420 3808 2503 3858 es,
2535 3795 2772 3862 pactum
2803 3791 3047 3864 fregisti,
3083 3795 3140 3846 et
3166 3792 3312 3847 ﬁdes
3341 3796 3399 3848 et
3437 3792 3782 3864 baptismus

2122 3879 2230 3936 tibi
2275 3879 2500 3935 inutilis
2559 3879 2750 3934 factus
2806 3883 2912 3935 est.
2946 3879 3239 3952 Scriptum
3285 3884 3374 3937 est
3423 3881 3604 3936 enim.
3676 3884 3783 3952 Qui

2125 3971 2434 4040 baptizatur
2455 3985 2489 4023 a
2515 3976 2746 4036 mortuo,
2770 3976 2822 4024 et
2850 3969 3047 4024 iterum
3070 3971 3249 4037 tangit
3284 3970 3462 4039 illum,
3483 3971 3620 4042 quid
3647 3990 3782 4043 pro-

2121 4057 2236 4114 dest
2281 4059 2334 4114 ei
2393 4059 2592 4113 lavatio
2620 4055 2778 4128 ejus?
2808 4057 2994 4126 (Eccli.
3045 4057 3257 4129 xxxw.)
3289 4058 3459 4114 Fides
3515 4076 3778 4133 quoque,

2122 4151 2267 4203 teste
2295 4147 2530 4214 Jacobo,
2560 4148 2682 4202 sine
2737 4148 2988 4217 operibus
3043 4155 3264 4202 mortua
3307 4155 3404 4202 est.
3448 4148 3659 4218 (Iacob.
3695 4153 3776 4219 ιι).

2123 4235 2338 4292 Paulus
2369 4235 2544 4291 etiam
2575 4235 2646 4290 de
2674 4234 3046 4291 credentibus
3073 4239 3131 4290 et
3159 4252 3336 4308 opera
3364 4235 3494 4291 ﬁdei
3539 4255 3662 4294 non
3696 4239 3780 4294 fa-

2122 4324 2430 4394 cientibus,
2471 4324 2569 4380 ait.
2634 4325 2967 4396 Conﬁtentur
3021 4325 3195 4380 verbis
3251 4341 3309 4381 se
3364 4341 3522 4382 nosse
3577 4329 3780 4397 Deum,

2117 4417 2283 4486 factis
2313 4422 2494 4470 autem
2539 4421 2742 4485 negant
2769 4415 2892 4486 (Tit.
2929 4413 2991 4485 ι).
3027 4414 3248 4486 Itaque,
3295 4414 3507 4470 fratres
3549 4418 3695 4484 mei,
3730 4417 3778 4474 si

2042 4523 2088 4587 D
2118 4520 2249 4560 vere
2281 4503 2538 4570 creditis,
2569 4507 2625 4558 et
2663 4506 2899 4575 pactum
2929 4502 3204 4574 baptismi
3243 4503 3591 4560 inviolatum
3621 4509 3781 4562 tene-

2118 4593 2216 4660 tis,
2251 4591 2452 4664 procul
2489 4591 2665 4647 dubio
2711 4591 2855 4647 salvi
2899 4591 3082 4648 eritis.
3135 4591 3195 4648 Si
3243 4597 3440 4648 autem
3486 4593 3778 4666 baptismi

2121 4681 2372 4752 ﬁdeique
2401 4685 2641 4752 pactum
2673 4679 3468 4752 rupistis,festinate,f.xatres,
3499 4682 3778 4740 festinate

2119 4787 2222 4842 per
2239 4768 2527 4840 lacrymas
2549 4768 2902 4840 poenitentiae
2929 4767 3074 4823 illud
3100 4769 3446 4840 quantocius
3471 4786 3776 4841 renovare,

2119 4857 2396 4930 quoniam
2411 4856 2606 4911 divina
2623 4855 3044 4925 misericordia,
3069 4875 3171 4914 nec
3188 4858 3361 4914 etiam
3376 4857 3495 4914 illis
3517 4859 3778 4916 salutem

2119 4945 2429 5018 denegabit
2460 4945 2559 5017 qui
2591 4950 2722 5018 post
2755 4946 3119 5018 lapsum,per
3147 4963 3339 5002 veram
3365 4947 3775 5020 pamitentiam

2118 5034 2608 5106 resurgunt.Quid
2632 5051 2768 5090 vero
2793 5052 2908 5090 non
2923 5035 3357 5107 acquiescentes
3381 5037 3776 5108 predicationi

2116 5127 2554 5194 consequantur
2594 5123 2943 5194 ostenditur,
2979 5140 3114 5179 cum
3147 5124 3418 5180 subditur
3449 5141 3462 5180 :
3497 5129 3621 5199 Qui
3651 5144 3776 5184 vero

2113 5229 2222 5267 non
2247 5212 2556 5280 crediderit,
2588 5212 3053 5268 condemnabitur.
3088 5213 3211 5268 Non
3264 5217 3481 5284 autem,
3529 5217 3633 5284 ait,
3672 5217 3774 5289 qui

2114 5319 2231 5357 non
2291 5301 2622 5369 crediderit,
2684 5319 2789 5358 nec
2843 5301 3174 5375 baptizatus
3221 5303 3440 5359 fuerit:
3483 5305 3773 5376 quoniam

2116 5390 2240 5447 sine
2272 5391 2406 5461 fide,
2439 5407 2544 5446 nec
2577 5389 2927 5463 baptismus,
2962 5408 3068 5447 nec
3118 5409 3294 5464 opera
3330 5396 3600 5464 prosunt.
3635 5393 3774 5450 Tria

2115 5497 2271 5552 ergo,
2333 5480 2540 5537 fratres
2571 5479 2706 5544 mei,
2743 5485 2881 5536 sunt
2910 5481 2983 5536 ad
3015 5480 3352 5537 habendum
3381 5482 3555 5538 nobis
3602 5482 3773 5539 adul-

2113 5569 2190 5628 tis
2222 5569 2592 5641 necessaria;
2626 5570 2795 5641 ﬁdes,
2828 5571 3181 5645 baptismus,
3241 5576 3298 5630 et
3353 5588 3553 5646 opera.
3614 5573 3773 5642 Quo-
