3982 6082
147 332 308 393 1925

817 331 1170 393 HOMILI/E
1213 329 1290 390 IN
1333 329 1586 392 EPIST.
1632 327 1732 392 ET
1775 329 2061 392 EVANG.
2108 327 2458 392 DOMINIC.
2492 363 2568 376 —-
2598 331 2798 394 PARS
2843 331 2889 393 Ι.

3395 335 3424 394 1
3435 333 3551 395 926

144 479 282 519 rum
313 479 499 517 unum
530 461 657 517 sine
686 460 927 534 reliquis
956 461 1104 517 nihil
1147 465 1336 533 potest
1380 461 1569 517 valere
1600 461 1789 517 nobis.
1821 465 1874 530 Α
1906 461 2165 517 dolentes
2197 479 2438 517 manum
2485 463 2714 518 consilii
2763 466 2820 518 et
2863 461 3062 518 auxilii
3113 462 3549 535 adhibentibus,

221 552 498 624 Sequitur
527 568 664 624 pars
690 557 918 624 quarta,
953 551 1014 606 in
1045 568 1163 624 qua
1193 551 1475 606 Dominus
1514 551 1802 623 promittit
1828 566 1830 568 '

144 639 620 713 predieationem
650 639 1076 712 discipulorum
1107 657 1337 713 semper
1375 641 1545 714 signa
1590 639 1799 695 conﬁr-

144 732 470 795 maturum,
504 729 705 785 dieens
740 745 752 783 :
786 729 959 798 Signa
995 737 1176 786 autem
1204 747 1290 786 eos
1315 732 1412 802 qui
1449 729 1796 796 crediderint,

144 816 270 875 haec
294 825 590 889 sequentur
620 833 632 870 :
667 820 731 872 In
757 819 980 874 nomine
1005 835 1123 874 meo
1153 819 1428 875 daemonia
1457 819 1693 891 ejicient,
1728 817 1800 872 ab

143 906 406 963 obsessis
436 906 659 963 scilicet
687 906 1047 980 corporibus.
1067 908 1295 978 Linguis
1319 909 1607 980 loquentur
1625 910 1797 976 novis,

141 994 207 1050 id
262 999 350 1051 est
395 995 574 1050 variis
611 1000 668 1051 et
715 994 1036 1065 inauditis;
1071 998 1142 1053 de
1192 997 1409 1069 quibus
1448 997 1510 1052 in
1557 997 1801 1054 Actibus

141 1083 547 1157 apostolorum
606 1083 899 1158 legimus:
949 1087 1135 1142 Nonne
1189 1095 1370 1143 autem
1425 1089 1523 1142 isti
1578 1089 1674 1160 qui
1729 1088 1802 1143 lo-

140 1182 398 1246 quuntur
444 1174 670 1231 Gatilaei
721 1176 888 1230 sunt?
918 1175 985 1230 Et
1037 1175 1296 1248 quomodo
1352 1193 1450 1232 nos
1489 1176 1800 1232 audivimus

137 1264 522 1336 unusquisque
547 1263 796 1334 linguam
821 1280 982 1319 suam
1009 1266 1070 1320 in
1099 1281 1205 1336 qua
1224 1267 1348 1321 nati
1365 1270 1590 1322 sumus?
1608 1265 1804 1321 Parthi

138 1360 200 1408 et
224 1352 364 1408 Medi
391 1354 523 1422 (Act.
559 1352 765 1423 u),etc.
796 1358 1080 1424 Serpentes
1110 1355 1317 1421 tollent,
1341 1355 1494 1411 sicut
1523 1355 1794 1428 legimus,

141 1441 222 1498 de
253 1443 421 1498 beato
453 1441 690 1508 Hilario,
717 1443 896 1514 quod,
931 1459 997 1498 eo
1025 1442 1484 1516 viso,serpentes
1517 1444 1574 1499 in
1599 1445 1798 1515 fugam

137 1530 408 1586 conversi
440 1534 599 1598 sunt,
626 1547 741 1586 non
772 1530 1085 1586 tolerantes
1125 1533 1253 1603 ejus
1302 1537 1625 1604 aspectum.
1657 1535 1721 1588 Et
1747 1533 1798 1588 si

131 1621 492 1691 mortiferum
521 1619 654 1692 quid
684 1621 942 1688 biberint,
971 1637 1081 1676 non
1113 1623 1190 1676 eis
1220 1623 1454 1692 nocebit,
1487 1622 1639 1678 sicut
1657 1622 1798 1696 legi-

132 1723 280 1764 mus
304 1708 376 1764 de
402 1708 568 1764 beato
589 1707 814 1764 Joanne
839 1708 1214 1782 evangelista,
1241 1711 1340 1782 qui
1361 1727 1652 1766 venenum
1677 1727 1793 1782 quo

128 1795 242 1853 alii
289 1797 558 1853 exstincti
609 1801 774 1852 erant
831 1797 1023 1853 bibit:
1057 1803 1114 1854 et
1172 1815 1286 1854 non
1337 1799 1528 1855 solum
1579 1798 1796 1856 illaesus

129 1886 378 1955 mansit,
394 1887 493 1942 sed
525 1886 701 1942 etiam
732 1887 1050 1942 exstinctos
1081 1887 1596 1959 suscitavit.Super
1615 1903 1790 1960 .Iegros

127 1993 336 2032 manus
369 1979 663 2048 imponent,
695 1985 746 2032 et
769 1977 898 2032 bene
927 1976 1216 2044 habebunt,
1242 1975 1394 2032 sicut
1441 1977 1692 2049 legimus
1723 1979 1794 2032 de

130 2065 308 2121 beato
343 2065 528 2133 Petro,
555 2065 656 2137 qui
687 2083 803 2120 non
835 2064 1026 2122 solum
1057 2067 1352 2133 taetu,sed
1385 2067 1560 2122 etiam
1585 2068 1795 2123 umbra

131 2171 252 2209 sua
281 2154 547 2209 inﬁrmos
579 2155 823 2209 sanavit.
855 2154 990 2224 (Act.
1023 2158 1098 2223 v).
1133 2155 1244 2208 Sed
1279 2155 1566 2226 nunquid,
1590 2157 1794 2210 fratres

135 2243 279 2310 mei,
307 2261 414 2299 nos
447 2243 548 2315 qui
580 2260 735 2298 nunc
764 2243 886 2298 haec
931 2244 1101 2316 signa
1140 2260 1254 2297 non
1288 2243 1557 2310 facimus,
1595 2242 1795 2298 Πάριος

137 2349 261 2387 non
291 2333 536 2388 sumus?
567 2337 668 2388 aut
699 2331 746 2387 si
779 2331 980 2388 ﬁdeles
1012 2349 1242 2398 sumus,
1276 2349 1454 2404 quare
1487 2333 1606 2388 hazc
1629 2333 1797 2405 signa

137 2438 262 2476 non
294 2421 540 2476 facimus
561 2421 588 2477 ?
617 2421 905 2485 Quoniam
954 2420 1125 2494 signa
1169 2425 1226 2477 et
1264 2422 1531 2494 prodigia
1562 2427 1799 2493 propter

135 2510 479 2567 incredulos
509 2511 646 2566 data
670 2515 828 2577 sunt,
844 2514 908 2565 ut
928 2527 1031 2582 per
1057 2527 1125 2566 ea
1149 2511 1220 2566 ad
1244 2511 1420 2566 ﬁdem
1442 2511 1799 2566 adduceren-

137 2603 264 2665 tur,
296 2603 442 2656 teste
473 2599 706 2656 doctore
735 2598 1001 2673 gentium
1035 2615 1048 2653 :
1084 2599 1361 2671 quoniam
1402 2599 1618 2672 linguae
1649 2600 1796 2655 datas

138 2693 284 2744 sunt
314 2688 372 2743 in
403 2689 641 2761 signum
667 2705 781 2744 non
816 2688 1222 2755 ﬁdelibus,sed
1247 2688 1581 2744 inﬁdelibus
1604 2689 1652 2761 (Ι
1667 2690 1796 2745 Cor.

135 2779 281 2851 xxv).
309 2777 594 2842 Quoniam
625 2777 806 2850 igitur
833 2777 892 2832 in
924 2776 1219 2848 primitiva
1245 2777 1503 2833 Ecclesia
1527 2793 1800 2833 necessa-

136 2867 231 2923 ria
255 2872 420 2923 erant
447 2865 756 2935 miracula,
789 2866 1141 2939 operabatur
1170 2866 1454 2922 Dominus
1485 2866 1671 2921 multa
1691 2867 1801 2921 mi-

135 2956 364 3023 racula,
395 2957 570 3013 etiam
602 2973 705 3027 per
733 2955 1042 3028 quosdam,
1077 2955 1198 3011 solo
1248 2955 1483 3011 nomine
1516 2955 1801 3011 Christia-

135 3060 272 3100 nos.
306 3043 528 3108 Quibus
573 3043 634 3096 in
690 3043 806 3098 ﬁne
849 3042 1178 3098 dicentibus
1215 3059 1227 3098 :
1261 3047 1456 3098 Nonne
1485 3045 1545 3098 in
1579 3045 1804 3099 nomine

133 3141 234 3190 tuo
282 3132 558 3189 daemonia
604 3133 886 3205 ejecimus,
931 3132 1241 3203 multasque
1285 3134 1510 3188 virtutes
1547 3134 1798 3204 fecimus,

1909 550 2320 607 convalescunt
2347 556 2403 608 et
2440 553 2858 608 eonfortantur.
2894 553 3242 623 Hujusmobi
3289 555 3550 624 virtutes,

1909 641 2119 695 fratres
2144 640 2498 710 charissimi,
2522 641 2958 706 aamulemus,et
2987 641 3200 698 habere
3221 643 3550 715 cupiamus,

1910 744 2036 799 quae
2068 731 2437 785 sanctitatem
2455 730 2718 786 efﬁciunt
2738 730 2930 802 potius
2951 748 3128 802 quam
3149 731 3435 788 exteriora
3455 732 3559 788 mi-

1909 817 2126 885 racula,
2163 835 2290 889 quae
2323 819 2693 874 sanctitatem
2728 836 2839 874 non
2869 819 3147 889 efﬁciunt,
3183 821 3283 876 sed
3325 824 3556 877 tantum

1911 908 2246 962 ostendunt.
2289 908 2545 964 Joannes
2603 908 2818 980 quippe
2878 908 3156 980 Baptista,
3200 927 3314 982 quo
3371 912 3558 982 major

1907 1000 2054 1051 teste
2084 997 2348 1060 Domino,
2385 997 2455 1053 de
2485 997 2728 1052 muliere
2777 1013 2890 1052 non
2933 997 3200 1066 surrexit,
3236 999 3436 1070 (Matth.
3470 999 3554 1073 ιι.)

1907 1085 2260 1141 testantibus
2290 1085 2528 1154 Judaeis,
2548 1085 2776 1141 nullum
2799 1087 3036 1159 signum
3063 1086 3216 1156 fecit,
3238 1087 3339 1159 qui
3361 1092 3558 1144 tamen

1909 1175 2072 1231 nulla
2097 1174 2308 1230 virtute
2339 1175 2543 1231 caruit.

1981 1265 2260 1336 Sequitur
2299 1282 2435 1338 pars
2465 1264 2688 1336 quinta,
2721 1281 2854 1320 cum
2904 1263 3283 1338 subjungitur
3315 1281 3327 1320 :
3357 1265 3425 1323 Et
3458 1266 3560 1324 do-

1908 1355 2093 1408 minus
2123 1353 2341 1425 quidem
2386 1357 2540 1410 Jesus
2580 1363 2868 1426 postquam
2920 1355 3126 1410 locutus
3172 1364 3250 1411 est
3295 1357 3393 1422 eis,
3423 1357 3557 1413 sub-

1909 1443 2098 1510 audis,
2132 1448 2189 1498 et
2241 1460 2339 1498 eos
2398 1444 2599 1499 eduxit
2655 1444 2712 1498 in
2769 1447 3029 1500 montem
3089 1444 3312 1513 Oliveti,
3357 1445 3560 1518 eisque

1909 1531 2179 1588 osculum
2239 1532 2398 1603 pacis
2453 1536 2510 1586 et
2565 1531 3030 1589 benedictionem
3093 1533 3272 1601 dedit,
3323 1539 3559 1590 Assum-

1903 1630 2032 1694 ptus
2059 1629 2134 1677 est
2166 1623 2225 1676 in
2243 1622 2456 1690 caelum,
2491 1638 2606 1676 non
2659 1621 2872 1676 auxilio
2905 1622 3114 1691 alieno,
3148 1625 3213 1677 ut
3258 1623 3453 1678 Enoch
3503 1627 3560 1679 et

1909 1711 2083 1778 Elias,
2119 1711 2218 1766 sed
2249 1710 2375 1782 ipse
2404 1710 2579 1766 homo
2611 1728 2644 1766 a
2673 1727 2735 1766 se
2765 1711 2881 1766 Deo
2913 1715 3260 1784 assumptus
3306 1716 3412 1768 est.
3441 1712 3558 1769 Nec

1825 1837 1873 1902 Β
1909 1801 1968 1855 in
2001 1800 2139 1856 coelo
2173 1803 2400 1855 tantum
2429 1815 2614 1867 aereo,
2635 1803 2700 1902 ut
2729 1799 2922 1856 Enoch
2954 1803 3010 1854 et
3037 1798 3329 1868 Elias,sed
3361 1801 3558 1873 potius

1905 1889 1962 1944 in
1996 1889 2360 1956 cmlum,imo
2393 1905 2568 1960 super
2599 1887 2978 1960 coelos,super
2999 1888 3281 1945 cherubin
3313 1894 3370 1946 et
3400 1907 3560 1947 sera-

1903 1978 2373 2051 phin,supcrque
2403 1994 2636 2033 omnem
2670 1981 3016 2034 creaturam.
3044 1978 3208 2034 Unde
3231 1979 3518 2051 Propheta
3542 1997 3555 2037 :

1903 2069 2148 2134 Psallite,
2199 2067 2413 2139 inquit,
2463 2069 2693 2123 Domino
2751 2069 2848 2138 qui
2902 2068 3142 2124 ascendit
3185 2085 3348 2140 super
3399 2070 3559 2125 caelos

1902 2159 2160 2212 actorum
2183 2157 2252 2211 ad
2281 2158 2544 2212 orientem
2574 2156 2742 2227 (Psal.
2770 2160 2958 2223 κλίνη).
2976 2156 3166 2229 Super
3193 2156 3350 2212 enim
3383 2157 3558 2214 omlos

1905 2243 2184 2300 cmlorum
2219 2244 2503 2299 Dominus
2551 2243 2830 2311 ascendit,
2867 2245 2965 2316 qui
3017 2261 3250 2300 omnem
3293 2245 3558 2301 altitudi-

1905 2351 2037 2389 nem
2067 2333 2178 2389 sibi
2209 2333 2477 2403 subjecit.
2512 2333 2595 2387 Ad
2630 2332 2912 2388 orientem
2955 2350 3088 2388 vero
3140 2333 3424 2400 ascendit,
3457 2335 3558 2407 qui

1906 2423 1976 2478 ad
2004 2421 2166 2478 illam
2198 2427 2471 2478 aeternam
2509 2425 2566 2476 et
2598 2421 3062 2478 inaccessibilem
3095 2422 3308 2490 lucem,
3341 2422 3412 2479 de
3443 2440 3562 2496 qua

1907 2527 2078 2567 omne
2127 2511 2325 2566 lumen
2374 2509 2576 2576 oritur,
2607 2509 2778 2566 hodie
2826 2511 3204 2583 corporaliter
3259 2511 3436 2568 venit.
3485 2515 3602 2569 Et

1906 2601 2068 2668 sedet,
2103 2600 2315 2672 inquit,
2346 2617 2378 2655 a
2428 2600 2634 2655 dextris
2679 2601 2836 2655 meis.
2890 2600 3121 2667 Sedere,
3156 2601 3362 2657 fratres
3421 2602 3557 2671 mei,

1908 2689 2284 2762 quiescentis,
2312 2688 2614 2761 regnantis
2645 2692 2700 2744 et
2719 2688 3045 2760 judicantis
3095 2693 3202 2745 est.
3237 2694 3387 2746 Bene
3422 2707 3559 2763 ergo

1910 2779 2260 2849 Redemptor
2283 2782 2484 2832 noster
2510 2781 2641 2848 post
2672 2777 3006 2849 passionem
3039 2779 3561 2852 aseensionemque

1909 2885 2078 2924 suam
2110 2868 2308 2923 sedere
2339 2865 2706 2934 describitur,
2731 2865 3008 2936 quoniam
3032 2871 3164 2939 post
3189 2867 3446 2923 laborem
3477 2885 3564 2924 re-

1909 2956 2179 3030 quiescit,
2215 2959 2346 3027 post
2375 2953 2640 3026 praelium
2670 2960 2892 3028 regnat,
2925 2960 3236 3028 postquam
3261 2955 3562 3029 judicatus

1911 3050 1999 3102 est
2020 3046 2270 3117 judicat.
2292 3045 2349 3100 lu
2384 3044 2762 3115 quo,fratres,
2788 3044 2958 3100 nobis
2989 3045 3319 3117 exemplum
3351 3062 3560 3119 propo-

1911 3133 2091 3201 nitur,
2117 3131 2393 3204 quoniam
2431 3130 2480 3185 si
2507 3130 2603 3186 hic
2634 3131 2705 3185 ad
2735 3130 3123 3187 imitationem
3159 3133 3563 3206 Redemptoris

142 3222 416 3279 dicturus
488 3225 577 3278 est
624 3203 918 3276 Dominus
952 3238 965 3275 :
1000 3223 1193 3277 Nescio
1251 3237 1359 3277 vos.
1415 3203 1618 3293 (Matth.
1677 3226 1798 3291 vn).
1831 3203 1872 3269 (ἶ
1914 3221 2096 3277 nostri
2128 3203 2465 3276 laboramus
2496 3223 2551 3274 et
2573 3219 2990 3290 patimur,cum
3007 3237 3072 3276 eo
3105 3203 3559 3293 requiescemus;

141 3311 316 3368 Nune
341 3327 473 3367 vero
505 3310 784 3382 quoniam
815 3310 960 3366 ﬁdes
991 3327 1094 3382 per
1136 3311 1473 3366 universum
1514 3311 1802 3367 mundum

144 3400 421 3469 excrevit,
465 3398 745 3472 quoniam
802 3399 972 3472 signa
1028 3399 1180 3454 inter
1236 3399 1436 3456 ﬁdeles
1494 3416 1610 3455 non
1666 3404 1806 3456 sunt

145 3487 502 3556 necessaria,
537 3487 706 3543 multi
739 3492 900 3559 sunt,
929 3487 1029 3560 qui
1061 3505 1256 3544 coram
1286 3488 1401 3544 Deo
1430 3487 1804 3546 interioribus

147 3580 463 3634 coruscant
507 3576 845 3644 virtutibus,
874 3581 931 3632 et
979 3580 1176 3632 tamen
1226 3577 1478 3633 exterius
1522 3577 1804 3635 miracula

147 3684 269 3724 non
301 3669 632 3739 operantur.
668 3665 902 3722 Plantas
933 3665 1149 3738 quippe
1180 3663 1433 3722 novellas
1464 3667 1800 3740 irrigamus,

146 3755 353 3827 eisque
369 3754 587 3810 adultis
609 3771 932 3811 cessamus.
953 3755 1046 3810 Sic
1063 3753 1346 3811 novellam
1359 3754 1677 3812 Ecclesiam
1699 3757 1806 3812 mi-

145 3843 350 3901 racula
375 3843 726 3901 nutrierunt.
741 3861 810 3900 ea
839 3844 1184 3900 conﬁrmata
1212 3850 1603 3901 cessaverunt.
1629 3845 1802 3903 Caete-

145 3934 547 4001 rum,fratres,
581 3931 714 3988 licet
757 3933 1041 3988 exteriora
1071 3932 1241 4004 signa
1271 3950 1426 3988 nunc
1459 3951 1574 3989 non
1605 3951 1803 4007 opere-

145 4027 505 4090 mur,tameu
529 4021 853 4093 opitulante
885 4022 1020 4091 Deo,
1037 4020 1374 4093 spirituales
1392 4022 1656 4091 virtutes,
1677 4042 1803 4097 quae

147 4112 248 4167 hic
282 4115 676 4167 non-tantum
723 4110 941 4165 habent
988 4109 1256 4182 gloriam,
1289 4115 1346 4166 et
1393 4110 1520 4167 ideo
1562 4114 1804 4184 majoris

148 4205 293 4257 sunt
320 4199 533 4268 meriti,
556 4216 874 4272 possumus
904 4197 1152 4270 operari,
1185 4198 1249 4254 In
1297 4199 1535 4256 nomine
1588 4201 1804 4274 quippe

148 4289 366 4346 Christi
401 4287 788 4362 spiritualiter
806 4287 1094 4343 daemonia
1123 4287 1412 4358 ejicimus,
1448 4288 1497 4343 si
1529 4289 1802 4345 orationi-

149 4379 289 4446 bus,
319 4376 778 4434 eorreetionibus
809 4381 981 4449 atque
1012 4375 1513 4432 exhortationibus
1535 4383 1800 4450 peceato-

153 4485 283 4525 rem
313 4485 348 4524 a
371 4467 630 4524 dominio
663 4465 880 4522 diaboli
910 4470 967 4521 et
998 4465 1216 4538 peccati
1249 4465 1588 4535 liberamus,
1605 4473 1661 4524 et
1689 4474 1803 4525 Deo

1914 3310 1963 3368 si
1995 3311 2067 3366 ad
2100 3309 2488 3364 imitationem
2520 3309 2648 3380 ejus
2670 3312 2871 3364 contra
2887 3309 3187 3365 diabolum
3204 3327 3558 3384 pugnamus,

1914 3417 2049 3456 eum
2075 3415 2141 3456 eo
2175 3396 2638 3470 regnabimus,si
2669 3398 2740 3452 ad
2775 3397 3164 3454 imitationem
3188 3400 3316 3471 ejus
3347 3399 3440 3456 hic
3462 3401 3560 3472 ju-

1913 3489 2198 3556 dieamur,
2227 3503 2360 3543 eum
2393 3503 2458 3542 eo
2482 3485 2902 3558 judicabimus.
2939 3487 3101 3543 Unde
3131 3488 3255 3560 ipse
3294 3487 3376 3546 ait
3408 3506 3422 3545 :
3458 3489 3566 3558 Qui

1910 3578 2054 3634 mihi
2080 3578 2362 3632 ministrat
2383 3592 2468 3631 me
2497 3584 2794 3647 sequatur,-
2822 3585 2874 3632 et
2899 3578 3000 3632 ubi
3042 3594 3167 3633 sum
3211 3595 3326 3648 ego,
3359 3579 3480 3634 illic
3512 3587 3563 3635 et

1911 3669 2166 3723 minister
2210 3682 2360 3722 meus
2411 3667 2518 3721 erit
2547 3666 2704 3736 (Joan
2743 3665 2863 3738 xu).
2897 3666 3095 3722 Simus
3142 3683 3298 3740 ergo,
3333 3667 3559 3738 fratres,

1914 3756 2228 3830 participes
2258 3753 2561 3823 laboris,si
2591 3753 2863 3810 volumus
2895 3771 3022 3812 esse
3052 3756 3364 3828 participes
3385 3756 3564 3813 hono-

1914 3847 2023 3914 ris;
2057 3846 2244 3902 simus
2274 3848 2574 3900 consortes
2605 3861 2808 3915 poenae,
2827 3843 2874 3899 si
2896 3843 3167 3901 volumus
3187 3863 3316 3902 esse
3334 3863 3565 3903 consor-

1911 3940 2000 3992 tes
2021 3935 2234 4009 gloriae.
2251 3935 2361 3990 Sed
2395 3934 2827 4005 quare,fratres,
2844 3934 3176 4005 Stephanus
3207 3939 3339 4006 post
3359 3952 3564 3992 ascen-

1913 4025 2138 4080 sionem
2159 4023 2314 4078 videt
2336 4021 2546 4077 Filium
2571 4021 2825 4077 hominis
2857 4027 3110 4078 stantem
3133 4040 3163 4078 a
3187 4023 3402 4080 dextris
3423 4024 3564 4079 Dei?

1914 4115 2045 4186 (Act.
2078 4116 2198 4179 vn).
2232 4111 2518 4176 Quoniam
2577 4110 2910 4182 Stephanus
2971 4115 3094 4166 erat
3137 4111 3197 4165 in
3243 4112 3564 4169 certamine

1913 4219 2016 4274 pro
2035 4201 2270 4256 nomine
2291 4201 2503 4270 ejus,et
2527 4197 2656 4254 ideo
2671 4198 2824 4254 videt
2841 4217 2976 4254 eum
3007 4204 3258 4256 stantem
3281 4205 3562 4273 tanquam

1913 4295 2181 4365 paratum
2213 4288 2322 4345 sibi
2355 4289 2702 4358 adjutorem.
2736 4289 2852 4344 Nos
2883 4305 3134 4361 quoque,
3169 4290 3376 4345 fratres
3424 4291 3560 4361 mei,

1913 4381 1963 4438 si
1997 4397 2099 4454 pro
2131 4379 2260 4449 ejus
2292 4377 2525 4432 nomine
2557 4378 3266 4450 certaverimus,quamvis
3298 4379 3422 4451 ipse
3434 4381 3562 4451 jam

1913 4485 2164 4542 regnans
2197 4467 2416 4532 sedeat,
2444 4465 2768 4522 sentiemus
2799 4471 2996 4523 tamen
3029 4483 3164 4522 eum
3195 4472 3468 4536 stantem,
3502 4469 3562 4525 id

152 4557 577 4615 lueriﬁeamus.
611 4553 851 4628 Linguis
881 4553 1180 4626 loquimur
1211 4554 1393 4622 novis,
1428 4555 1478 4610 si
1516 4561 1805 4614 vetustate
1834 4573 1882 4639 D
1912 4563 2000 4616 est
2030 4562 2299 4630 paratum
2331 4555 2500 4611 nobis
2524 4556 2672 4610 ferre
2694 4571 2882 4628 opem.
2901 4556 3126 4612 Rursus
3148 4573 3327 4630 quare
3349 4557 3563 4614 descri-

153 4646 466 4714 mendaeii,
496 4643 891 4711 detractionis,
925 4643 1298 4713 adulationis,
1329 4644 1666 4717 vaniloquii,
1699 4664 1806 4702 eae-

156 4745 462 4808 terumque
490 4733 764 4788 vitiorum
795 4735 986 4801 exuta,
1021 4731 1185 4787 novis
1217 4741 1273 4788 et
1324 4735 1486 4806 puris
1528 4733 1803 4792 laudibus

153 4831 335 4880 Deum
385 4824 717 4889 laudamus,
740 4826 797 4878 et
843 4820 1062 4878 sanctis
1112 4822 1390 4894 novisque
1433 4825 1804 4882 sermonibus

153 4913 367 4984 impios
399 4911 748 4984 corripimus
780 4916 835 4966 et
865 4911 1488 4983 docemus.Serpentes
1517 4912 1800 4984 tollimus,

152 5001 229 5066 si,
264 5005 550 5070 quantum
601 5017 939 5072 possumus,
979 4998 1264 5055 malitiam
1323 5003 1714 5074 serpentinam
1773 5022 1806 5060 a

147 5089 438 5146 cordibus
483 5089 932 5158 malitiosorum,
964 5087 1486 5160 increpationibus,
1519 5091 1697 5148 minis
1746 5098 1805 5150 et

149 5177 474 5252 promissis
520 5175 922 5246 eliminamus;
953 5177 1043 5234 vel
1095 5181 1247 5234 certe
1295 5195 1367 5234 ne
1396 5186 1644 5236 noceant
1674 5181 1804 5238 aliis

150 5266 551 5340 repulsamus.
614 5266 976 5324 Mortiferum
1034 5267 1314 5335 bibimus,
1348 5271 1406 5323 et
1462 5270 1630 5325 nobis
1689 5289 1805 5328 non

153 5359 343 5424 nocet,
378 5372 511 5412 eum
564 5355 868 5413 audientes
925 5356 1344 5412 detractionem
1393 5361 1451 5412 et
1497 5359 1803 5429 malitiam,

156 5461 534 5518 nequaquam
565 5446 1017 5518 acquiescimus,
1041 5447 1143 5502 sed
1174 5445 1369 5518 potius
1392 5447 1730 5519 repellimus
1752 5455 1809 5506 et

159 5537 560 5607 inerepamus.
595 5535 784 5606 Super
839 5550 1022 5607 aegros
1080 5551 1293 5591 manus
1345 5534 1723 5608 imponimus,
1753 5543 1810 5596 et

160 5625 312 5685 bene
332 5623 569 5696 habent,
597 5640 734 5681 cum
764 5621 932 5682 nobis
960 5640 1136 5699 super
1163 5624 1428 5683 inﬁrmos
1477 5625 1706 5688 animos
1754 5632 1811 5689 et

1916 4649 2075 4704 bitur
2093 4645 2378 4702 Dominus
2397 4649 2593 4700 noster
2606 4649 2774 4700 Jesus
2787 4645 3052 4701 Christus
3073 4647 3273 4702 sedere
3294 4664 3328 4701 a
3343 4646 3563 4703 dextris

1911 4736 2034 4807 Dei,
2055 4753 2189 4792 cum
2221 4735 2372 4790 Deus
2403 4734 2570 4789 Pater
2600 4751 2704 4789 nec
2726 4734 3017 4790 dexteram
3049 4735 3393 4805 habeat,nec
3417 4735 3563 4790 sini-

1911 4825 2134 4882 stram?
2163 4825 2272 4880 Sed
2323 4822 2558 4878 nomine
2606 4823 2870 4891 dexterae,
2905 4827 3132 4878 aeterna:
3181 4823 3561 4880 beatitudinis

1912 4916 2098 4990 gloria
2129 4915 2432 4987 ﬁguratur.
2453 4911 2617 4967 Unde
2649 4912 2930 4968 Dominus
2963 4912 3104 4967 dicit
3133 4929 3193 4968 se
3224 4928 3358 4968 oves
3389 4913 3446 4967 in
3468 4913 3561 4984 ju-

1913 5004 2064 5060 dicio
2095 5004 2165 5059 ad
2201 5002 2495 5056 dexteram
2545 5001 2937 5055 constiturum
2990 5001 3205 5073 (Matth.
3239 5005 3324 5071 ιι).
3360 5001 3562 5074 Itaque

1914 5094 2264 5163 Redemptor
2318 5093 2515 5145 noster
2563 5107 2597 5144 a
2640 5089 2861 5144 dextris
2911 5089 3008 5145 Dei
3067 5089 3281 5146 dicitur
3339 5091 3559 5160 sedere,

1914 5183 2192 5256 quoniam
2224 5183 2428 5253 regnat
2459 5179 2515 5233 in
2549 5178 2735 5233 Patris
2784 5177 2970 5250 gloria
2995 5184 3053 5235 et
3097 5181 3422 5252 majestate.
3457 5185 3566 5237 Per

1915 5271 2234 5328 sessionem
2295 5284 2528 5341 quoque
2577 5268 2823 5330 dexterae
2871 5269 3262 5339 aequalitatem
3303 5269 3565 5327 solemus

1916 5357 2446 5432 intelligere.lllum
2477 5357 2634 5412 enim
2669 5374 2843 5429 quem
2871 5358 2943 5413 ad
2976 5359 3270 5415 dexteram
3302 5362 3564 5414 nostram

1916 5451 2114 5506 sedere
2165 5447 2434 5512 facimus,
2466 5446 2634 5518 quasi
2681 5445 2900 5502 honore
2946 5448 3117 5504 nobis
3165 5449 3564 5519 adaequamus.

1918 5538 2180 5596 Christus
2209 5554 2344 5610 ergo
2378 5540 2531 5592 recte
2562 5535 2778 5591 dicitur
2804 5537 2876 5592 ad
2919 5537 3217 5593 dexteram
3266 5533 3453 5592 Patris
3483 5552 3570 5592 se-

1918 5626 2357 5704 dere,quoniam
2379 5641 2514 5683 cum
2545 5641 2610 5682 eo
2641 5631 2846 5700 regnat
2875 5626 2934 5682 in
2966 5624 3155 5700 gloria
3174 5629 3234 5682 et
3248 5624 3573 5697 majestatis
