3982 6082
6 5591 17 5636 ς

142 299 170 355 1
183 300 306 358 929

815 298 1168 362 HOMILl/E
1214 297 1290 358 IN
1335 297 1586 358 EPIST.
1636 297 1738 356 ET
1780 296 2064 359 EVANG.
2115 297 2462 358 DOMINIC.
2493 298 2803 358 -—PARS
2848 299 2895 358 Ι.

3394 303 3553 364 1930

146 430 322 486 malo.
356 432 479 494 Qua
508 428 759 486 stultitia
787 431 963 501 (unde
995 430 1184 502 magis
1216 428 1530 485 dolendum
1563 429 1692 499 est),
1718 427 1796 484 la-
1821 430 1876 498 Α
1908 428 2102 501 igitur,
2139 435 2426 500 quantum
2455 429 2623 498 valet,
2657 430 2844 485 oranti
2876 429 3194 502 pigritiam,
3219 435 3551 490 somnolen-

141 519 356 575 borant
384 518 555 574 hodie
587 517 954 591 plures,plus
975 521 1346 590 paupertates
1368 522 1423 573 et
1452 517 1795 573 aftlieliones

139 608 494 673 mundanas,
510 624 684 679 quam
713 607 851 662 vitia
878 611 934 662 et
955 613 1208 679 peccata,
1229 606 1314 662 vel
1337 611 1614 662 aeternam
1636 607 1798 662 dam-

139 696 439 752 nationem
489 695 799 768 fugientes,
851 695 1102 768 plusque
1150 695 1402 761 divitias,
1437 695 1707 763 honores,
1741 699 1798 750 et

135 783 417 856 gloriolae
450 784 996 856 mundanas,quam
1031 784 1296 851 virtutes,
1317 801 1610 856 quamque
1641 789 1798 839 aeter-

136 890 278 929 nam
303 871 719 929 beatitudinem
740 875 1098 944 appetentes.
1118 873 1315 944 Itaque
1339 891 1440 944 pro
1463 873 1632 928 bonis
1655 877 1798 928 tem-

135 961 463 1036 poralibus,
498 960 830 1034 spiritualia
857 965 914 1017 et
941 966 1155 1018 aeterna
1185 962 1338 1018 bona
1367 965 1790 1018 contemmunt.

133 1051 426 1120 Vocantes
457 1049 622 1105 illum
651 1049 973 1122 sapientem
997 1049 1096 1122 qui
1120 1050 1463 1123 temporalia
1483 1051 1636 1107 bona
1655 1068 1796 1123 qua-

137 1155 378 1211 cunque
419 1143 564 1204 arte,
613 1155 960 1212 quacunque
1009 1141 1230 1208 fraude,
1265 1157 1614 1212 quacunque
1655 1140 1792 1196 abo-

136 1227 466 1284 minatione
495 1227 654 1282 novit
699 1244 1036 1302 aggregare.
1068 1229 1178 1284 Sed
1224 1229 1481 1300 profecto
1531 1227 1666 1286 talis
1699 1246 1793 1286 sa-

134 1316 364 1389 pientia
389 1314 640 1372 stultitia
671 1321 760 1372 est
791 1318 945 1389 apud
996 1317 1201 1373 Deum.
1248 1317 1411 1374 Unde
1458 1318 1744 1374 Dominus
1775 1336 1788 1374 :

133 1405 396 1472 Perdam,
413 1404 972 1477 inquit,sapientiam
999 1408 1351 1478 sapientium,
1370 1416 1421 1464 et
1441 1407 1795 1479 prudentiam

124 1495 487 1566 prudentium
519 1495 814 1566 reprobabo
837 1496 964 1566 (Isa.
986 1513 1150 1563 XXIX;
1175 1498 1201 1551 Ι
1222 1497 1349 1552 Cor.
1377 1497 1434 1568 ι).
1458 1496 1794 1560 Quomodo?

131 1583 424 1647 Quoniam
456 1584 768 1654 relinquent
797 1585 996 1640 alienis
1026 1585 1252 1640 divitias
1281 1603 1429 1653 suas,
1463 1594 1513 1641 et
1542 1587 1794 1657 sepulcra

129 1688 327 1728 eorum
355 1672 542 1728 domus
573 1674 794 1728 illorum
841 1674 902 1728 in
945 1682 1217 1729 aeternum
1245 1675 1410 1742 (Psal.
1445 1675 1657 1746 XLVIII).
1691 1676 1791 1731 Se.-

133 1762 336 1818 cunda
361 1777 495 1818 vero
528 1779 665 1834 pars
695 1763 1018 1834 prudentiae
1039 1767 1148 1824 est,
1169 1767 1477 1835 postquam
1502 1763 1795 1836 sapienter
1823 1803 1870 1870 Β

135 1850 499 1918 discreverit,
533 1850 821 1922 sapienter
867 1851 1097 1924 eligere.
1150 1851 1305 1906 Nihil
1351 1851 1506 1908 enim
1555 1854 1794 1924 prodest

135 1940 437 2012 sapienter
463 1939 615 1995 inter
645 1939 863 1995 bonum
898 1944 954 1994 et
985 1940 1226 2008 malum,
1260 1945 1316 1996 et
1349 1941 1544 1997 minus
1577 1942 1793 2013 majus-

136 2045 258 2100 que
273 2029 491 2084 bonum
510 2029 858 2100 discernere,
873 2028 986 2085 nisi
1004 2029 1185 2102 eligas
1203 2030 1358 2101 quod
1378 2030 1566 2102 magis
1583 2029 1793 2102 eligen-

137 2118 288 2173 dum
317 2122 426 2174 est.
459 2117 620 2181 Quod
654 2117 821 2190 plane
861 2123 1063 2174 contra
1105 2136 1209 2174 nos
1259 2123 1348 2174 est
1395 2118 1706 2191 magistros
1737 2124 1794 2176 et

135 2211 406 2278 pastores
457 2205 739 2278 plebium,
791 2206 912 2279 qui,
964 2223 1096 2262 cum
1129 2208 1275 2262 bene
1305 2207 1457 2264 inter
1486 2208 1704 2263 bonum
1737 2212 1795 2264 et

135 2294 388 2362 malum,
421 2295 688 2368 interque
719 2294 945 2352 minora
969 2300 1026 2352 et
1056 2297 1279 2368 majora
1311 2298 1462 2352 bona
1502 2297 1588 2353 vel
1639 2297 1794 2352 mala

135 2384 630 2453 discernamus,et
646 2383 791 2441 alios
807 2384 950 2456 quid
967 2385 1176 2458 eligere
1193 2386 1440 2442 debeant
1456 2387 1790 2454 doceamus,

136 2473 253 2546 ipsi
287 2479 482 2529 tamen
513 2473 764 2529 scienter
803 2474 1062 2529 deterius
1109 2474 1401 2548 eligimus,
1449 2475 1794 2530 festinantes

135 2561 276 2634 plus
307 2563 481 2619 ditari
511 2580 687 2635 quam
711 2563 1200 2634 justiﬁcari,plus
1223 2563 1492 2618 honorari
1519 2565 1674 2636 apud
1695 2582 1796 2619 saa-

138 2649 341 2707 culum
356 2668 532 2723 quam
551 2651 702 2723 apud
724 2650 1045 2708 Deum.Sed
1064 2651 1203 2723 quid
1226 2652 1438 2708 talibus
1456 2652 1795 2725 continget?

138 2740 499 2796 descendent
527 2739 586 2794 in
620 2740 914 2795 infernum
953 2739 1230 2808 viventes,
1279 2743 1334 2796 id
1387 2746 1475 2796 est
1523 2742 1794 2808 scientes,

139 2828 286 2901 quia
315 2828 538 2885 scilicet
557 2829 765 2901 majori
790 2829 940 2885 bono
965 2833 1177 2902 spreto,
1202 2830 1458 2885 deterius
1479 2829 1591 2885 sibi
1615 2829 1797 2902 elege-

139 2920 301 2974 runt.
321 2917 513 2974 Tertia
542 2935 678 2990 pars
708 2918 1028 2990 prudentiae
1056 2923 1162 2985 est,
1187 2917 1436 2974 electum
1469 2919 1686 2974 bonum
1709 2936 1797 2975 sa-

141 3005 371 3079 pienter
397 3006 717 3078 acquirere.
739 3005 997 3062 Electum
1029 3011 1225 3062 autem
1252 3008 1473 3063 bonum
1508 3007 1798 3079 sapienter

142 3095 416 3167 acquirit,
433 3095 533 3167 qui
567 3112 744 3167 quam
767 3095 1114 3168 expeditius,
1135 3113 1310 3168 quam
1335 3095 1565 3152 facilius
1585 3100 1794 3168 potest,

1907 518 2072 584 tiam,
2096 518 2316 574 alienas
2343 535 2640 589 variasque
2671 517 3070 590 cogitationes.
3092 520 3164 573 At
3191 537 3299 576 nos
3330 527 3551 592 contra,

1907 612 1970 662 ut
2003 612 2200 662 monet
2227 607 2562 680 Apostolus,
2585 606 2988 679 vigilemus,et
3007 606 3410 666 immissiones
3427 612 3556 681 ejus

1907 695 2092 751 malas
2123 701 2408 768 quantum
2442 695 2758 768 possimus,
2793 695 3180 768 repellamus:
3203 699 3375 770 juxta
3400 701 3556 771 quod

1905 783 2119 856 legitur
2175 786 2244 841 de
2301 785 2597 840 Abraham
2634 802 2646 814 ο
2697 786 3093 841 Descenderam
3146 788 3386 844 volucres
3436 790 3560 845 σαεζί

1903 889 2065 946 super
2091 875 2382 945 sacriﬁcia,
2417 883 2466 930 et
2495 874 2742 945 abigebat
2783 891 2873 930 eas
2923 875 3210 932 Abraham
3259 877 3406 948 (Gen.
3438 884 3553 944 xv).

1905 963 2068 1018 Tunc
2100 967 2315 1030 autem,
2349 963 2558 1018 fratres
2589 961 2723 1032 mei,
2748 963 2894 1018 bene
2915 962 3228 1036 vigilamus
3257 964 3318 1020 in
3349 965 3556 1022 oratio-

1904 1051 2097 1121 nibus,
2133 1052 2180 1107 si
2213 1069 2328 1108 non
2361 1051 2548 1108 solum
2591 1068 2850 1124 corpore,
2903 1053 3003 1108 sed
3051 1053 3228 1109 etiam
3275 1059 3470 1111 mente
3498 1059 3556 1111 et

1903 1140 2176 1212 Operibus
2203 1140 2534 1214 vigilamus.
2567 1139 2674 1204 Qui
2699 1157 2830 1196 vero
2875 1141 2998 1198 solo
3041 1157 3280 1214 corpore
3322 1142 3383 1198 in
3431 1160 3556 1200 ora-

1902 1230 2060 1286 tione
2088 1230 2307 1303 vigilat,
2327 1235 2384 1285 et
2412 1247 2583 1302 opere
2609 1228 2698 1285 vel
2732 1233 2925 1287 mente
2955 1230 3013 1286 in
3047 1235 3282 1303 peccato
3312 1232 3552 1301 dormit,

1900 1315 2035 1372 talis
2069 1317 2322 1388 profecto
2353 1333 2469 1372 non
2506 1315 2767 1389 vigilare,
2799 1318 2901 1373 sed
2949 1317 3144 1389 potius
3191 1319 3444 1378 dormire
3491 1320 3552 1377 in

1903 1404 2162 1461 oratione
2192 1404 2474 1461 dicendus
2505 1410 2612 1461 est.
2635 1405 2770 1461 Plus
2800 1405 2956 1462 enim
2988 1407 3330 1478 perveniunt
3356 1409 3428 1464 ad
3454 1426 3556 1465 au-

1903 1510 1995 1549 res
2019 1493 2252 1549 Domini
2284 1497 2509 1550 mentes
2542 1511 2722 1566 quam
2741 1510 3118 1567 voces,opera
3148 1513 3326 1568 quam
3354 1498 3549 1554 verba.

1900 1583 2103 1654 Itaque
2132 1584 2359 1651 fratres,
2385 1588 2518 1638 ante
2549 1583 2748 1639 oculos
2783 1588 3013 1640 nostros
3042 1601 3332 1656 ponamus
3363 1587 3548 1644 duos:

1902 1689 2086 1726 unum
2118 1671 2386 1728 videlicet
2413 1672 2705 1744 iniquum,
2739 1672 2838 1744 qui
2871 1673 2993 1728 solo
3038 1691 3276 1746 corpore
3307 1675 3554 1749 vigilans

1901 1764 2120 1829 orat,et
2139 1761 2386 1818 alterum
2399 1762 2652 1833 justum,
2673 1761 2772 1834 qui
2795 1779 2862 1818 ex
2893 1763 3317 1820 consuetudine
3347 1765 3554 1822 orandi

1903 1849 2078 1904 etiam
2139 1849 2434 1906 dormiens
2483 1855 2624 1906 orat.
2681 1850 2839 1916 Dico,
2873 1852 3102 1922 fratres,
3133 1852 3414 1924 quoniam
3455 1852 3554 1910 ille

1899 1937 2148 2010 vigilans
2179 1938 2394 1994 dormit
2425 1939 2480 1994 in
2514 1940 2866 2009 oratione,et
2888 1941 2994 1996 iste
3025 1941 3322 1998 dormiens
3352 1941 3556 2015 vigilat

1901 2027 1960 2082 in
1992 2028 2274 2094 oratione,
2293 2027 2414 2100 qui,
2436 2033 2493 2084 et
2521 2028 2570 2084 si
2601 2028 2855 2098 dormiat
2883 2047 3140 2103 corpore,
3174 2035 3368 2088 tamen
3400 2032 3554 2088 heua

1899 2117 2017 2172 vita
2049 2118 2383 2189 bonumque
2405 2119 2766 2191 propositum
2801 2123 2969 2175 orant
2996 2136 3102 2192 pro
3130 2136 3219 2175 eo.
3245 2119 3401 2189 Vidi,
3433 2121 3554 2177 tra-

1902 2209 2022 2261 tres
2053 2207 2413 2262 sacerdotem
2447 2208 2764 2277 quemdam
2796 2207 3282 2280 morientem,qui
3312 2224 3444 2264 cum
3479 2208 3548 2264 ad

1902 2295 1958 2350 id
1993 2295 2322 2351 devenisset
2352 2300 2416 2351 ut
2447 2295 2592 2351 nihil
2623 2295 2680 2351 in
2714 2296 2822 2352 hoc
2853 2295 3062 2352 saeculo
3085 2297 3448 2378 intelligeret,
3471 2310 3556 2353 ta-

1903 2401 2035 2440 men
2067 2400 2136 2439 ex
2166 2384 2340 2456 longa
2371 2401 2549 2456 quam
2579 2384 2775 2442 vivens
2824 2389 3202 2442 consueverat
3239 2391 3553 2444 consuetu-

1904 2473 2037 2528 dine
2069 2474 2245 2528 etiam
2291 2473 2545 2530 moriens
2591 2475 2820 2530 divinas
2869 2475 3072 2531 laudes
3123 2492 3236 2530 non
3287 2475 3555 2532 cessabat

1903 2562 2292 2634 frequentare.
2353 2563 2843 2630 Assuefaciamus,
2895 2563 3112 2635 itaque,
3162 2564 3368 2620 fratres
3418 2581 3554 2634 mel,

1904 2669 2011 2706 nos
2041 2652 2111 2706 ad
2140 2653 2448 2718 orandum,
2471 2669 2583 2707 non
2617 2652 2742 2708 sola
2769 2669 2928 2718 voce,
2948 2653 3046 2708 sed
3079 2651 3256 2708 etiam
3286 2657 3481 2709 mente
3501 2657 3559 2708 et

1905 2757 2092 2812 opere.
2133 2741 2456 2813 Surgamus
2503 2757 2637 2795 cum
2690 2740 2999 2796 Psalmista
3047 2740 3238 2797 media
3287 2747 3453 2798 noete
3483 2744 3554 2798 ad

1904 2829 2300 2884 conﬁtendum
2334 2829 2581 2884 Domino
2614 2831 2762 2902 (Psal
2791 2833 3006 2898 cxvm).
3054 2829 3277 2902 Septies
3323 2847 3557 2902 quoque

1905 2917 1956 2972 ei
1977 2917 2209 2973 laudem
2231 2917 2517 2984 dicamus,
2532 2917 2590 2972 in
2610 2918 2935 2986 matutinis,
2952 2917 3324 2986 laudibus,in
3346 2919 3557 2992 prima,

1905 3006 1965 3061 in
1996 3006 2186 3073 tertia,
2219 3005 2279 3060 in
2318 3011 2500 3074 sexta,
2533 3007 2593 3061 in
2625 3023 2798 3076 nona,
2831 3007 2892 3061 in
2922 3023 3180 3080 vespere,
3212 3007 3271 3063 in
3302 3007 3558 3081 comple-

1905 3095 2051 3150 torio
2077 3113 2090 3162 ;
2122 3094 2240 3150 imo
2266 3094 2552 3168 quidquid
2584 3095 2854 3164 facimus,
2885 3097 3005 3153 sive
3033 3095 3260 3152 eximus
3288 3097 3555 3167 domum,

143 3185 219 3240 ad
250 3183 390 3240 illud
427 3183 762 3240 habendum
789 3184 1416 3250 tendit.Quod,fratres
1439 3185 1574 3253 mei,
1598 3189 1800 3241 contra
1829 3173 1872 3240 C
1909 3184 2029 3239 sive
2076 3184 2356 3252 redimus,
2390 3185 2510 3240 sive
2557 3185 2854 3252 sedemus,
2894 3184 3012 3241 sive
3060 3185 3380 3259 surgimus,
3435 3184 3555 3244 sive

141 3273 431 3345 quosdam
455 3277 718 3328 nostrum
743 3274 965 3345 est,qui
989 3290 1123 3329 cum
1147 3275 1382 3329 tendere
1399 3275 1468 3330 ad
1492 3290 1792 3329 summum

139 3363 364 3417 bonum
404 3361 770 3435 elegerimus,
809 3379 921 3416 non
973 3366 1167 3417 tamen
1216 3362 1477 3434 expedite
1527 3363 1597 3418 ad
1646 3361 1792 3417 illud

140 3451 462 3519 tendimus,
495 3451 597 3508 sed
626 3451 783 3506 curis
815 3450 1182 3507 saecularium
1215 3451 1577 3523 negotiorum
1609 3456 1666 3507 et
1694 3468 1794 3506 ους

142 3540 460 3613 piditatum
513 3557 618 3595 nos
663 3541 1067 3608 retardamus;
1100 3557 1214 3596 non
1249 3541 1616 3597 attendentes
1646 3557 1793 3613 quo-

145 3628 308 3684 niam
337 3631 435 3701 qui
468 3631 526 3684 in
557 3645 726 3700 agone
745 3629 1035 3696 contendit,
1069 3632 1137 3684 ab
1169 3632 1422 3685 omnibus
1462 3647 1518 3686 se
1562 3631 1797 3686 abstinet

149 3718 197 3790 (I
223 3721 347 3775 Cor.
381 3721 481 3788 Ix).
522 3718 686 3774 Unde
714 3723 771 3774 et
799 3735 934 3774 cum
984 3719 1179 3788 Moyse
1223 3735 1256 3774 a
1301 3719 1523 3788 Jethro,
1557 3719 1615 3774 id
1646 3723 1735 3776 est
1765 3736 1800 3775 a

149 3806 410 3880 quolibet
439 3807 700 3863 saeculari
733 3807 1234 3880 reprehendimur,
1268 3808 1444 3880 quod,
1475 3807 1686 3864 divinis
1716 3825 1800 3863 re-

149 3896 262 3952 bus
293 3897 666 3968 contemptis,
685 3896 864 3953 stulto
885 3895 1079 3953 labore
1102 3896 1473 3953 szecularium
1493 3914 1801 3953 consuma-

151 4003 308 4041 mur.
331 3985 512 4052 Unde,
533 3986 738 4041 fratres
770 3985 1364 4058 mei,acquiescamus
1394 3985 1637 4042 consilio
1666 4002 1803 4058 gen-

151 4072 366 4142 tilis,et
382 4072 669 4148 eligamus
689 4074 916 4147 aliquos
939 4079 1362 4146 procuratores,
1377 4073 1478 4146 qui
1498 4091 1602 4146 pro
1635 4074 1804 4130 nobis

151 4166 385 4237 portent
415 4181 563 4220 onus
593 4181 866 4220 curarum
899 4162 1289 4231 saecularium,
1324 4168 1389 4219 ut
1428 4179 1532 4218 nos
1563 4161 1806 4218 liberius

153 4253 530 4309 intendamus
559 4253 621 4309 in
647 4252 742 4308 his
772 4269 899 4324 quae
929 4257 1070 4308 sunt
1100 4253 1170 4308 ad
1204 4253 1410 4308 Deum.

227 4343 492 4398 Secundo
523 4359 631 4398 nos
663 4341 932 4397 hortatur
960 4342 1032 4396 ad
1056 4340 1376 4397 orationem
1401 4357 1534 4395 cum
1565 4339 1802 4395 subdit:

151 4433 220 4492 Et
247 4432 468 4502 vigilate
499 4432 559 4486 in
579 4429 1112 4494 orationibus.Quod
1136 4429 1290 4484 enim
1315 4446 1416 4500 per
1438 4428 1806 4501 prudentiam

1903 3273 2186 3345 quidquid
2220 3272 2378 3328 aliud
2409 3273 2678 3342 facimus,
2695 3290 2926 3346 semper
2955 3273 3214 3330 oratione
3243 3291 3351 3330 nos
3370 3290 3557 3332 arme-

1903 3379 2056 3429 mus,
2091 3367 2155 3417 ut
2185 3379 2252 3418 ex
2280 3361 2454 3436 longa
2500 3363 2943 3430 consuetudine,
2975 3362 3151 3419 etiam
3198 3364 3553 3420 dormientes

1900 3450 1989 3507 vel
2022 3451 2488 3518 morientes,non
2522 3451 2816 3524 possimus
2838 3469 2954 3508 non
2975 3469 3158 3509 orare.
3175 3451 3233 3509 Si
3255 3451 3412 3510 enim
3436 3469 3552 3510 non

1904 3544 1992 3595 est
2013 3539 2140 3596 sine
2159 3545 2394 3612 peccato
2416 3542 2568 3613 quod
2589 3540 2829 3613 iniquus
2848 3559 2915 3598 ex
2936 3541 3358 3599 consuetudine
3376 3543 3554 3599 etiam

1906 3628 2202 3684 dormiens
2239 3629 2421 3700 jurat,
2474 3647 2588 3684 non
2621 3635 2709 3685 est
2738 3630 2865 3686 sine
2905 3630 3109 3687 merito
3156 3633 3310 3704 quod
3351 3632 3556 3703 justus

1907 3717 2081 3774 etiam
2113 3717 2409 3774 dormiens
2440 3723 2585 3774 erat.

1979 3807 2168 3863 Tertio
2201 3823 2306 3864 nos
2336 3807 2604 3864 hortatur
2621 3807 2935 3881 Apostolus
2957 3810 3028 3865 ad
3050 3809 3559 3878 cbaritatem,cu:n

1911 3896 2112 3951 subdit
2145 3913 2158 3951 :
2191 3896 2325 3952 Ante
2353 3899 2559 3964 omnia,
2588 3899 2790 3968 fratres
2831 3900 2960 3966 mei,
3006 3907 3258 3955 mutuam
3303 3901 3364 3954 in
3410 3901 3562 3957 vobis

1909 3985 2150 4056 metipsis
2178 3986 2499 4041 eharitatem
2521 3989 2841 4042 continuam
2860 3988 3130 4044 habentes.
3152 3988 3379 4043 Bonum
3401 3986 3565 4060 quip-

1912 4090 2002 4146 pe,
2023 4073 2177 4144 quod
2210 4091 2312 4145 per
2341 4074 2690 4146 sapientiam
2717 4074 2991 4148 eligimus
3021 4079 3080 4132 et
3110 4091 3212 4146 per
3239 4075 3563 4132 orationem

1913 4161 2362 4235 postulavimus,
2377 4179 2479 4234 per
2493 4162 2838 4219 eharitatem
2870 4163 3262 4236 possidemus.
3276 4163 3382 4228 Qui
3405 4179 3564 4220 enim

1919 4250 2015 4308 Dei
2046 4249 2390 4307 eharitatem
2438 4250 2632 4320 habet,
2666 4253 2922 4324 profecto
2959 4253 3085 4324 jam
3140 4254 3319 4310 Deum
3368 4252 3565 4320 habet,

1916 4339 2062 4406 Quia
2089 4339 2244 4396 Deus
2275 4339 2529 4396 charitas
2572 4345 2662 4396 est
2693 4341 2738 4413 (I
2763 4344 2920 4399 Joan.
2972 4341 3068 4414 Iv),
3103 4341 3162 4397 in
3193 4358 3256 4398 se
3280 4342 3564 4399 essentia~

1918 4428 2071 4498 liter,
2102 4432 2160 4484 et
2188 4427 2248 4484 in
2281 4429 2449 4485 nobis
2479 4429 2808 4486 causaliter.
2833 4430 3100 4487 Charitas
3123 4430 3340 4503 quippe
3367 4434 3455 4486 est
3485 4429 3567 4485 die

155 4520 324 4592 sequi
354 4517 443 4573 vel
473 4517 656 4573 vitare
693 4516 1000 4588 elegimus,
1033 4517 1141 4573 hoc
1187 4516 1474 4590 praecipue
1522 4533 1624 4588 per
1675 4533 1807 4571 ora-
1841 4542 1884 4606 Ι)
1919 4516 2106 4584 lectio,
2141 4534 2258 4589 qua
2287 4516 2593 4590 diligimus
2624 4518 2809 4573 Deum
2857 4521 3094 4590 propter
3141 4535 3224 4584 se,
3276 4521 3334 4574 et
3374 4534 3482 4574 nos
3511 4519 3569 4574 et

155 4609 376 4666 tionem
407 4606 814 4678 impetramus.
848 4607 954 4662 Per
984 4606 1303 4662 orationem
1353 4605 1567 4678 quippe
1613 4610 1670 4661 et
1720 4606 1808 4660 in-

156 4697 352 4756 sultus
382 4697 716 4752 daemonum
743 4694 830 4752 vel
861 4695 1134 4752 vitiorum
1157 4700 1211 4751 et
1240 4697 1533 4768 fugamus,
1557 4699 1614 4750 et
1632 4695 1810 4750 virtu-

157 4792 248 4842 tes
276 4787 544 4858 donaque
578 4785 832 4858 Spiritus
862 4785 1476 4856 sancti,zeternamque
1503 4783 1812 4840 beatitudi-

157 4891 294 4936 nem
318 4875 725 4948 impetramus,
745 4875 1027 4931 Caeterum
1059 4873 1336 4945 quoniam
1371 4874 1684 4942 daemones,
1710 4871 1811 4944 qui

161 4980 467 5034 nunquam
499 4965 818 5032 dormiunt,
851 4965 950 5020 sed
983 4981 1212 5035 semper
1242 4967 1380 5019 sunt
1408 4962 1609 5036 vigiles
1640 4962 1698 5018 in
1732 4963 1816 5018 in-

159 5051 453 5118 sidiando,
486 5069 612 5122 nos,
646 5059 933 5126 quantum
979 5053 1299 5126 possimus,
1349 5069 1580 5124 semper
1628 5053 1815 5109 simus

161 5139 367 5214 vigiles
389 5141 447 5196 in
469 5143 883 5214 orando,juxta
901 5143 1055 5215 quod
1085 5140 1397 5214 Apostolus
1431 5141 1566 5197 alibi
1598 5147 1816 5212 monet,

167 5230 418 5300 Vigilate,
471 5229 684 5302 inquit,
744 5233 805 5286 in
860 5232 1220 5298 orationibus,
1281 5232 1414 5301 quia
1471 5230 1819 5289 adversarius

165 5326 336 5377 vester
362 5318 632 5388 diabolus,
667 5327 928 5392 tanquam
957 5321 1037 5376 leo
1065 5321 1308 5388 rugiens,
1341 5320 1539 5374 circuit
1569 5336 1821 5390 quaerens

167 5424 328 5482 quem
356 5408 568 5464 deuoret
597 5410 647 5477 (I
673 5410 820 5464 Petr.
852 5409 928 5481 v).
963 5407 1248 5472 Quoniam
1299 5424 1430 5463 vero
1481 5425 1580 5479 per
1611 5408 1821 5465 oratio-

168 5514 306 5554 nem
337 5497 624 5570 prazcipue
655 5497 924 5554 diabolus
954 5501 1341 5570 expugnatur,
1374 5495 1510 5551 hinc
1551 5501 1636 5553 est
1668 5498 1824 5570 quod

171 5589 459 5659 orantem,
474 5589 763 5661 quantum
779 5585 950 5654 valet,
972 5586 1257 5662 impedire
1279 5589 1540 5643 conatur.
1557 5585 1640 5642 Im
1650 5586 1828 5648 mittit

499 5715 772 5777 PATROL.
819 5713 987 5778 CLV.

1920 4607 2251 4680 proximum
2283 4611 2519 4679 propter
2549 4607 2754 4662 Deum.
2771 4606 2838 4662 Et
2858 4607 3040 4663 Deum
3063 4607 3322 4680 quidem,
3339 4607 3568 4674 fratres,

1921 4700 2156 4768 propter
2184 4712 2245 4751 se
2278 4695 2560 4752 debemus
2590 4695 2833 4768 diligere
2862 4694 3076 4768 triplici
3099 4695 3171 4752 de
3192 4712 3370 4752 causa
3394 4711 3406 4751 :
3431 4712 3570 4768 quo-

1920 4785 2078 4841 niam
2112 4782 2460 4839 naturaliter
2490 4783 2548 4838 in
2579 4800 2641 4840 se
2670 4787 2759 4840 est
2780 4783 2969 4839 bonus
2990 4788 3046 4840 et
3066 4783 3418 4856 diligendus,
3435 4799 3575 4855 quo-

1922 4874 2078 4930 niam
2113 4873 2270 4946 prior
2318 4889 2425 4928 nos
2473 4872 2766 4945 diligendo
2817 4873 3031 4929 meruit
3078 4871 3261 4945 diligi,
3295 4871 3573 4945 quoniam

1925 4962 2306 5018 utilissimum
2342 4966 2431 5016 est
2451 4978 2586 5017 eum
2617 4961 2877 5034 diligere.
2898 4961 3232 5018 Proximum
3251 4977 3384 5018 vero
3411 4961 3581 5018 debe-

1926 5069 2058 5108 mus
2089 5051 2350 5123 diligere,
2384 5068 2499 5105 non
2532 5055 2767 5122 propter
2810 5067 2891 5116 se,
2940 5051 3039 5107 sed
3085 5054 3321 5122 propter
3365 5049 3576 5120 Deum,

1928 5141 2066 5214 quia
2086 5140 2306 5196 scilicet
2333 5144 2420 5194 est
2447 5157 2596 5211 opus
2626 5137 2748 5206 Dei,
2786 5139 2925 5211 quia
2947 5139 3131 5211 jussit
3159 5139 3328 5196 illum
3350 5157 3384 5195 a
3411 5139 3580 5196 nobis

1928 5229 2268 5301 diligi,quia
2298 5232 2387 5284 est
2417 5226 2725 5295 bonus,vel
2749 5233 2813 5283 ut
2841 5228 2919 5284 sit
2939 5229 3147 5285 bonus.
3165 5229 3228 5285 In
3251 5229 3402 5285 bono
3423 5229 3582 5286 enim

1930 5323 1986 5376 et
2016 5335 2131 5374 non
2159 5317 2218 5372 in
2251 5316 2424 5384 malo,
2457 5316 2546 5372 vel
2579 5333 2686 5373 nos
2714 5315 2802 5373 vel
2848 5318 3180 5391 proximum
3209 5319 3450 5392 diligere
3481 5319 3584 5374 de-

1932 5411 2160 5465 bemus.
2179 5407 2240 5463 In
2259 5405 2412 5462 malo
2436 5407 2652 5479 quippe
2673 5405 2760 5462 vel
2782 5423 2846 5462 se
2862 5406 2948 5464 vel
2966 5407 3300 5481 proximum
3320 5405 3585 5478 diligere,

1934 5515 2050 5554 non
2081 5501 2170 5552 est
2200 5496 2459 5570 diligere,
2493 5497 2594 5552 sed
2624 5497 2836 5554 odisse.
2879 5498 3153 5572 Magnam
3205 5511 3341 5569 ergo
3370 5494 3591 5551 discre-

1934 5587 2152 5646 tionem
2189 5586 2248 5643 in
2279 5584 2588 5645 dilectione
2620 5585 2754 5644 mali
2791 5587 3041 5662 proximi
3070 5585 3362 5644 debemus
3378 5580 3599 5640 habere

3219 5710 3296 5778 6t
