3982 6082
429 247 579 308 1931

1431 245 1824 308 ADDENDA.
1859 279 1938 292 ——-
1967 241 2364 310 RADULPHI
2409 243 2831 310 ARDENTIS.

3708 245 3864 304 1932

421 383 486 436 ut
513 378 780 435 videlicet
810 379 938 450 ejus
969 377 1286 451 diligamus
1315 379 1396 435 ita
1431 383 1702 436 naturam
1755 381 1910 450 quod
1955 397 2072 434 non
2102 379 2158 448 Α
2187 381 2408 451 accepit,
2442 382 2600 436 illam
2629 380 3092 437 administrando.
3125 379 3210 435 Ad
3239 379 3347 435 hoc
3399 378 3561 436 Deus
3597 378 3864 450 singulis

418 467 734 540 diligamus
763 466 892 538 ejus
930 467 1319 540 iniquitatem,
1354 473 1412 524 et
1455 469 1536 523 ita
1584 468 1716 524 odio
1747 468 2070 524 habeamus

415 556 544 627 ejus
573 555 942 628 iniquitatem
975 558 1132 628 quod
1166 573 1280 612 non
1313 557 1442 612 odio
1472 557 1794 613 habeamus
1817 558 1945 628 ejus
1966 574 2071 613 na-

415 647 630 700 turam.
653 645 799 701 Nam
822 645 1123 717 aequaliter
1143 649 1364 718 peccat,
1387 646 1473 702 vel
1506 647 1606 719 qui
1630 651 1866 718 propter
1896 651 2069 702 natu-

417 750 542 790 ram
572 733 764 807 diligit
792 734 1040 807 proximi
1065 735 1560 808 iniquitatem,vel
1590 737 1689 809 qui
1714 741 1947 808 propter
1966 736 2073 790 ini-

417 823 704 896 quitatem
736 824 860 879 odit
890 825 1359 881 naturam.Hanc
1383 829 1576 880 autem
1611 825 1956 881 charitatem
1981 826 2076 880 de-

417 913 626 969 bemus
653 912 867 969 habere
912 913 1273 970 continuam.
1308 915 1456 970 Nam
1509 915 1658 970 sicut
1707 932 1917 986 corpus
1949 915 2075 970 sine

419 1001 631 1074 spiritu
663 1002 866 1074 nequit
891 1001 1100 1069 vivere,
1134 1003 1215 1059 ita
1244 1021 1349 1060 nec
1374 1003 1571 1060 anima
1601 1004 1726 1059 sine
1743 1005 1841 1059 Dei
1866 1008 1923 1059 et
1943 1021 2074 1076 pro-

418 1090 562 1146 ximi
584 1089 1136 1150 dilectione.Vcram
1159 1092 1527 1150 dilectionem
1549 1092 1712 1149 nulla
1733 1093 2073 1160 adversitas,

421 1196 526 1237 nec
557 1179 733 1236 etiam
765 1197 924 1237 mors
975 1183 1103 1253 ipsa
1151 1182 1546 1256 interrumpit.
1579 1182 1866 1246 Quoniam
1913 1182 2076 1236 fortis

421 1273 488 1325 ut
516 1285 676 1325 mors
708 1269 935 1342 (Cantia.
959 1271 1105 1343 VIII),
1133 1271 1252 1328 imo
1282 1273 1596 1344 plusquam
1630 1289 1788 1327 mors
1821 1271 2071 1328 dilectio.

421 1359 491 1414 Et
519 1357 580 1412 in
611 1357 728 1413 alia
769 1358 886 1414 vita
936 1376 1052 1414 non
1103 1361 1344 1427 excidet,
1380 1362 1479 1416 sed
1533 1361 1885 1432 perﬁcietur.
1919 1361 2078 1415 Hanc

423 1447 599 1504 etiam
629 1446 974 1503 charitatem
1006 1448 1289 1504 debemus
1312 1449 1371 1504 in
1397 1449 1564 1504 nobis
1592 1449 1876 1521 mctipsis,
1902 1449 1958 1503 id
1991 1452 2080 1504 est

424 1535 484 1592 in
513 1535 739 1594 intimis
787 1538 1060 1593 cordibus
1109 1537 1322 1594 habere
1373 1538 1712 1606 radicatam,
1748 1543 1814 1593 ut
1861 1537 2082 1594 scilicet

426 1640 543 1681 non
574 1622 890 1698 diligamus
919 1626 1112 1697 verbo,
1147 1643 1338 1699 neque
1370 1627 1590 1699 lingua,
1625 1628 1960 1699 ut-quidam
1990 1628 2080 1682 fa-

428 1713 610 1783 ciunt,
643 1715 744 1770 sed
803 1731 974 1787 opere
1019 1721 1076 1771 et
1122 1717 1361 1772 veritate
1394 1718 1440 1789 (I
1461 1719 1618 1772 Joan.
1653 1721 1758 1786 III).
1789 1717 2080 1772 Debemus

428 1819 662 1876 quoque
682 1821 811 1880 eam
832 1803 1046 1860 habere
1067 1809 1200 1861 ante
1223 1805 1439 1874 omnia,
1456 1805 1754 1878 quoniam,
1769 1823 1838 1861 ea
1859 1805 2077 1876 habita,

430 1893 629 1949 omnia
656 1892 965 1961 habentur,
989 1898 1064 1962 et,
1088 1911 1156 1950 ea
1185 1913 1298 1949 non
1331 1895 1552 1960 habita,
1577 1895 1738 1950 nulla
1770 1895 2078 1950 habentur.

428 1980 602 2038 Nulla
631 1981 788 2038 enim
819 1981 1012 2038 valent
1042 1984 1171 2039 sine
1191 2001 1276 2052 ea,
1294 1988 1351 2040 et
1371 2002 1473 2056 per
1497 2002 1625 2040 eam
1647 1984 1841 2039 valent
1861 1985 2077 2040 omnia.

428 2070 559 2126 Haec
589 2075 680 2127 est
710 2071 926 2138 oleum,
962 2073 1116 2144 quod
1150 2072 1335 2144 premi
1367 2091 1480 2128 non
1515 2079 1726 2146 potest,
1759 2074 1860 2130 sed
1893 2073 2081 2130 omni-

426 2161 539 2216 bus
587 2160 948 2233 superfertur
999 2161 1346 2232 liquoribus.
1378 2163 1434 2216 Si
1481 2179 1637 2234 ergo,
1689 2164 1894 2218 fratres
1944 2163 2079 2228 mei,

427 2265 633 2306 omnes
673 2249 937 2316 virtutes,
972 2249 1059 2303 vel
1119 2266 1324 2306 omnes
1382 2251 1654 2307 scientias
1703 2252 1916 2307 habere
1964 2269 2080 2306 non

426 2354 763 2410 possumus,
780 2337 988 2393 saltem
1010 2338 1356 2395 charitatem
1377 2341 1722 2408 habeamus,
1739 2346 1804 2396 ut
1837 2359 1937 2413 per
1952 2358 2080 2396 eam

427 2426 488 2482 in
520 2425 651 2482 aliis
682 2443 890 2482 omnes
920 2426 1162 2483 virtutes
1193 2433 1250 2484 et
1281 2428 1554 2484 scientias
1584 2429 1837 2485 habituri
1870 2431 2078 2486 simus.

430 2517 617 2582 Quare
647 2518 841 2572 autem
873 2515 1218 2573 charitatem
1243 2517 1454 2573 habere
1477 2518 2084 2585 debeamus,ostcndit

431 2611 566 2662 cum
599 2603 834 2660 subdit:
870 2607 1022 2678 Quia
1051 2605 1294 2662 charitas
1323 2609 1496 2679 operit
1523 2608 1936 2665 multitudinem
1962 2627 2084 2682 pec-

431 2701 694 2762 catorum,
727 2697 837 2750 etc.
886 2695 1240 2751 Futurorum
1285 2714 1357 2754 ne
1390 2698 1550 2765 ﬁant,
1583 2703 1640 2754 et
1669 2699 1975 2768 factorum,
2011 2716 2082 2756 ne

431 2781 739 2840 videantur
795 2785 867 2840 ad
926 2800 1179 2856 poenam.
1241 2786 1346 2842 Per
1404 2787 1513 2843 hoc
1562 2787 1797 2861 quippe,
1849 2789 2081 2858 fratres,

437 2872 689 2928 maxime
715 2877 955 2946 peccata
983 2874 1151 2929 nobis
1177 2874 1576 2944 dimittuntur,
1611 2877 1765 2948 quod
1800 2895 1906 2934 nos
1950 2877 2082 2934 aliis

435 2960 978 3034 dimittimus,quod
1011 2979 1117 3018 nos
1144 2963 1374 3020 miseris
1400 2966 1771 3038 compatitur,
1792 2968 1947 3040 quod
1976 2985 2082 3024 nos

433 3049 680 3106 aliorum
711 3067 888 3106 onera
919 3055 1220 3124 portamus
1250 3069 1352 3125 per
1381 3053 1866 3111 misericordiam.

2180 468 2443 541 singulas
2475 471 2696 527 confert
2733 470 2974 543 gratias,
3011 474 3074 525 ut
3122 469 3536 542 unusquisque
3594 469 3865 541 gratiam

2181 576 2372 627 suam,
2405 577 2522 614 non
2553 559 2665 616 sibi
2695 559 2826 628 soli,
2879 561 2977 616 sed
3028 559 3250 615 caeteris
3304 575 3420 614 non
3461 558 3863 622 habentibus,

2181 647 2573 704 administret.
2607 635 2807 721 Itaque
2839 649 2936 721 qui
2971 648 3149 704 habet
3176 645 3554 720 sapientiam,
3592 663 3741 702 eam
3778 647 3868 702 do-

2179 741 2306 792 ceat
2334 736 2710 809 insipientes;
2732 737 2832 810 qui
2861 737 3036 792 habet
3055 736 3308 804 divitias,
3329 735 3412 792 eis
3443 739 3768 812 sustentet
3789 736 3866 790 in-

2182 825 2480 898 digentes;
2516 827 2615 898 qui
2648 826 2823 882 habet
2853 829 3222 898 potestatem,
3255 843 3322 880 ea
3352 825 3647 880 defendat
3681 825 3866 897 impo-

2181 918 2371 970 tentes
2405 932 2417 970 :
2451 931 2524 970 ne
2566 915 2758 971 lucem
2790 916 2899 971 sub
2931 914 3128 971 modio
3159 913 3431 980 celantes,
3468 918 3529 970 et
3557 913 3860 970 talentum

2183 1004 2562 1072 occultantes,
2596 1005 2921 1077 spolientur
2949 1003 3033 1060 eis
3063 1007 3119 1060 et
3155 1004 3546 1076 reprobentur
3582 1003 3752 1076 (Luc.
3785 1019 3855 1066 II;

2185 1095 2377 1150 Matth.
2409 1095 2560 1162 xxv).
2591 1095 2748 1150 Sicut
2801 1095 2947 1159 boni,
2984 1092 3197 1164 inquit,
3227 1092 3642 1164 dispensatores
3669 1093 3856 1146 multi.

2182 1185 2377 1254 formis
2391 1185 2583 1254 gratiae
2596 1183 2914 1238 Dei.Bonus
2931 1182 3301 1254 dispensator
3312 1185 3552 1248 est,non
3571 1181 3696 1254 qui
3707 1181 3852 1236 bona

2186 1271 2407 1326 domini
2439 1271 2530 1327 sui
2562 1270 2671 1326 sibi
2699 1270 2807 1327 soli
2831 1274 3100 1338 retentat,
3127 1271 3226 1326 sed
3267 1270 3368 1342 qui
3408 1287 3480 1326 ea
3520 1271 3856 1326 secundum

2187 1359 2418 1415 Domini
2448 1359 2806 1416 voluntatem
2838 1364 3055 1432 erogat.
3083 1359 3199 1414 Nos
3228 1363 3427 1414 autem
3463 1359 3716 1427 fratres,
3752 1375 3854 1414 non

2186 1449 2429 1516 domini,
2465 1450 2564 1504 sed
2597 1450 3029 1521 dispensatores
3057 1465 3264 1503 sumus
3297 1464 3498 1502 rerum
3533 1465 3569 1502 a
3605 1447 3853 1503 Domino

2189 1537 2304 1593 Deo
2324 1536 2492 1593 nobis
2509 1538 3076 1594 commendatarum.
3099 1537 3158 1592 Si
3176 1552 3313 1608 ergo
3345 1553 3440 1591 res
3461 1535 3718 1592 Domini
3753 1554 3854 1592 non

2189 1625 2708 1693 distribuamus,ut
2738 1627 2863 1699 ipse
2895 1625 3185 1699 przecepit,
3212 1625 3349 1681 filiis
3380 1625 3512 1681 suis
3545 1626 3858 1699 indigenti-

2189 1716 2342 1787 bus,_j
2355 1733 2454 1772 ure
2469 1715 2871 1772 convincimur
2881 1732 3008 1772 esse
3027 1716 3182 1771 fures
3195 1714 3276 1770 rei
3293 1714 3720 1782 Dominicae,et
3731 1732 3856 1787 pan-

2191 1821 2396 1877 perum
2415 1807 2543 1876 ejus
2565 1805 2896 1860 homicidae.
2915 1805 3032 1860 Hoc
3053 1805 3319 1872 timeant,
3339 1803 3461 1859 haec
3485 1804 3856 1860 meditantur

2191 1893 2534 1965 divites,qui
2567 1893 2922 1966 pauperibus
2960 1891 3156 1964 inepia
3195 1891 3585 1964 pereuntibus
3625 1893 3855 1948 divitias

2192 2001 2330 2039 suas
2371 1983 2580 2038 nolunt
2615 1999 2871 2055 erogare.
2899 1983 3007 2037 Tot
3027 1981 3180 2037 enim
3222 1981 3305 2036 rei
3327 1985 3468 2036 sunt
3490 1981 3853 2046 animarum,

2193 2077 2391 2144 quota
2422 2073 2594 2142 fame,
2618 2089 2750 2128 cum
2787 2075 3049 2144 possent,
3070 2073 3554 2142 contempserunt
3579 2070 3854 2127 liberare.

2263 2162 2475 2228 Quinto
2520 2179 2626 2217 nos
2655 2159 2924 2217 hortatur
2971 2160 3044 2215 ad
3075 2177 3221 2232 opus
3251 2159 3350 2216 Dei
3385 2160 3566 2234 digne
3597 2164 3855 2216 tractan-

2191 2251 2354 2320 dum,
2390 2269 2524 2307 cum
2559 2250 2759 2307 subdit
2793 2267 2806 2305 :
2841 2250 2903 2306 Si
2931 2251 3054 2322 quis
3097 2251 3342 2321 loquitur
3389 2253 3557 2322 quasi
3581 2268 3855 2308 samem;

2190 2344 2306 2410 Dei,
2342 2342 2399 2396 id
2431 2345 2521 2396 est
2551 2341 2598 2395 si
2633 2339 2766 2412 quis
2798 2337 3060 2412 loquitur
3089 2354 3390 2394 sermones
3420 2339 3548 2406 Dei,
3579 2338 3855 2412 loquatur

2192 2450 2294 2489 eos
2325 2430 2492 2503 quasi
2526 2445 2824 2485 sermones
2856 2427 3153 2491 Dei.Quod
3174 2427 3312 2482 facit
3340 2428 3850 2499 praedicator,cnm

2192 2536 2521 2578 sermonem
2552 2522 2609 2574 et
2637 2519 2752 2573 Deo
2802 2517 3088 2584 attribuit,
3122 2521 3179 2572 et
3208 2516 3282 2572 ad
3333 2516 3520 2572 Deum
3569 2518 3778 2586 refert,
3806 2523 3852 2574 et

2191 2610 2365 2683 digne
2394 2609 2629 2681 profert.
2661 2612 2773 2662 Deo
2805 2622 3136 2662 sermonem
3167 2604 3455 2672 attribuit,
3490 2605 3598 2678 qui
3636 2606 3692 2663 si
3723 2607 3850 2679 quid

2191 2699 2328 2756 boni
2357 2696 2635 2770 loquitur,
2668 2713 2784 2752 non
2815 2695 2947 2764 sibi,
2969 2699 3033 2751 ut
3061 2695 3300 2767 quidam
3333 2695 3578 2762 faciunt,
3605 2697 3720 2752 sed
3747 2697 3848 2752 Deo

2191 2788 2450 2846 ascribit.
2481 2787 2564 2842 Ad
2598 2786 2782 2841 Deum
2831 2801 3162 2841 sermonem
3212 2784 3405 2851 refert,
3453 2785 3558 2856 qui
3611 2803 3742 2841 non
3787 2786 3848 2840 ad

2191 2879 2421 2934 luerum
2449 2874 2539 2931 vel
2571 2876 2641 2930 ad
2674 2875 2918 2947 gloriam
2949 2873 3351 2946 temporalem,
3384 2878 3448 2929 ut
3485 2875 3748 2946 quidam
3778 2876 3849 2930 fa-

2192 2967 2372 3035 ciunt,
2398 2965 2497 3022 sed
2522 2965 2593 3020 ad
2617 2963 2718 3019 Dei
2739 2962 2985 3036 gloriam
3007 2966 3066 3019 et
3084 2961 3481 3036 proximorum
3515 2963 3732 3035 dirigit
3754 2964 3852 3020 uti-

2189 3054 2635 3126 litatem.Digne
2667 3069 2996 3109 sermonem
3025 3051 3121 3108 Dei
3154 3051 3506 3124 profert,qui
3541 3069 3666 3108 non
3691 3052 3850 3108 illum

503 3139 718 3205 Quarto
749 3139 822 3196 ad
852 3123 1028 3212 opera
1056 3123 1465 3197 misericordia:
1499 3161 1604 3200 nos
1635 3143 1920 3214 hortatur,
1947 3163 2079 3202 cum
2110 3123 2154 3194 CI
2193 3145 2346 3201 malo
2377 3123 2638 3214 exem—plo
2669 3141 2942 3210 destruit,
2976 3141 3075 3213 qui
3116 3123 3231 3197 non
3262 3123 3437 3195 illum"
3459 3139 3852 3215 negligenter,

429 3229 632 3288 subdit
663 3245 676 3284 :
712 3231 1012 3301 Hospitales
1041 3232 1278 3286 invicem
1304 3233 1424 3287 sine
1472 3237 1926 3290 murmuratione.
1969 3237 2081 3291 Ha-

428 3318 551 3375 bita
583 3317 800 3391 quippe
830 3317 1084 3374 charitas
1123 3335 1238 3375 non
1271 3323 1461 3391 potest
1489 3320 1674 3377 otiosa
1703 3339 1850 3393 esse,
1884 3325 1984 3380 sed
2018 3341 2082 3381 se

428 3407 685 3465 ostendit
711 3423 815 3479 per
842 3423 1019 3479 opera
1047 3407 1478 3466 misericordias.
1513 3411 1667 3466 Inter
1695 3428 1870 3484 opera
1899 3413 2082 3470 mise-

429 3495 711 3563 ricordia,
761 3496 989 3562 fratres,
1037 3495 1409 3568 hospitalitas
1457 3500 1750 3572 praecipua
1807 3506 1913 3558 est.
1977 3504 2082 3560 Lot

429 3585 584 3642 enim
617 3587 674 3639 et
692 3583 1008 3652 Abraham,
1031 3588 1089 3640 et
1121 3585 1316 3657 plures
1347 3591 1468 3643 tam
1501 3589 1558 3643 in
1590 3589 1779 3646 Veteri
1813 3609 1988 3664 quam
2019 3592 2078 3648 in

428 3673 586 3728 Novo
617 3673 991 3729 Testamento
1022 3679 1238 3746 patres,
1273 3677 1550 3748 quoniam
1584 3678 1850 3736 homines
1882 3680 2080 3754 hospi-

429 3761 510 3818 tio
540 3761 958 3834 suscipiebant,
993 3763 1254 3836 angelos,
1285 3763 1403 3821 imo
1434 3766 1628 3839 ipsum
1660 3766 1866 3837 Deum,
1901 3771 2082 3826 susci-

429 3865 564 3924 pere
595 3855 957 3907 meruerunt.
991 3852 1121 3908 Haec
1150 3857 1239 3909 est
1268 3871 1385 3910 una
1428 3854 1499 3910 de
1529 3873 1629 3912 sex
1661 3857 1936 3929 Operibus
1969 3859 2078 3914 mi-

428 3938 778 4008 sericordiae,
805 3957 983 4012 quam
1007 3941 1363 3999 Dominusin
1390 3943 1615 4015 judicio
1647 3952 2080 4006 memoraturus

427 4032 562 4111 est:
611 4031 810 4111 Hospes
840 4047 1036 4111 Veram,
1085 4039 1136 4087 et
1181 4035 1486 4104 suscepistis
1531 4051 1618 4090 me
1666 4036 1870 4103 (Matth.
1926 4039 2076 4111 xxv),

425 4108 588 4165 Hanc
618 4109 880 4182 praecipit
919 4112 1229 4182 Apostolus
1260 4113 1382 4169 ﬁeri
1418 4114 1544 4170 sine
1589 4108 2076 4176 murmuratione.

425 4196 534 4262 Qui
565 4198 723 4253 enim
744 4199 853 4254 hoc
876 4198 962 4254 vel
985 4199 1140 4256 aliud
1165 4218 1313 4274 opus
1335 4202 1745 4259 misericordiae
1769 4223 1901 4262 cum
1925 4225 2083 4264 mur-

425 4285 754 4342 muratione
805 4287 942 4354 oris,
973 4287 1062 4344 vel
1109 4306 1242 4345 cum
1295 4308 1531 4348 rancore
1580 4293 1792 4350 mentis
1836 4296 1993 4366 facit,
2024 4303 2081 4355 et

426 4389 551 4430 rem
581 4378 640 4431 et
669 4373 945 4431 meritum
978 4377 1188 4448 perdit.
1223 4379 1341 4434 Hoc
1373 4384 1574 4435 contra
1619 4380 1749 4437 illos
1794 4385 1894 4456 qui
1943 4403 2077 4442 cum

2191 3251 2305 3290 non
2337 3232 2520 3305 pigre,
2551 3235 2618 3286 ut
2648 3230 2890 3302 quidam
2923 3229 3163 3298 faciunt,
3197 3227 3356 3292 dicit,
3376 3229 3472 3284 sed
3510 3230 3721 3300 potius
3741 3247 3853 3286 ver.

2190 3323 2331 3378 bum
2365 3321 2467 3377 Dei
2499 3336 2633 3376 cum
2665 3320 2817 3375 bono
2846 3317 3132 3391 exemplo,
3152 3335 3286 3374 cum
3307 3333 3525 3390 magna
3545 3319 3852 3376 devotione

2190 3410 2463 3484 przedicat
2492 3413 2548 3465 et
2594 3407 2958 3465 strenuitate.
2991 3409 3223 3479 Siquis,
3278 3407 3488 3479 inquit,
3537 3410 3846 3475 ministrat,

2189 3498 2471 3558 subaudis
2502 3498 2790 3566 minister,
2810 3504 3072 3568 tanquam
3097 3512 3169 3552 ea:
3197 3497 3397 3552 virtute
3423 3513 3591 3568 quam
3611 3498 3852 3554 admini-

2187 3597 2325 3647 strat
2351 3591 2510 3645 Deus.
2545 3587 2706 3651 Quod
2739 3591 2878 3641 tunc
2917 3585 3220 3653 faciemus,
3255 3602 3412 3652 cum,
3444 3584 3495 3639 si
3527 3587 3677 3658 quid
3709 3587 3848 3643 bene

2190 3679 2618 3743 ministramus,
2651 3676 2766 3731 Deo
2797 3679 2986 3731 totum
3033 3674 3434 3743 attribuimus,
3467 3680 3526 3730 et
3555 3677 3630 3730 ad
3671 3676 3848 3732 Deum

2190 3768 2518 3835 referimus,
2554 3769 2630 3831 et,
2666 3767 2954 3837 quantum
2983 3763 3268 3832 valemus,
3301 3764 3525 3829 devote,
3556 3766 3850 3836 sapienter

2189 3863 2542 3928 strenueque
2575 3854 3002 3910 ministramus.
3039 3855 3102 3911 Ut
3131 3855 3193 3908 in
3223 3855 3494 3920 omnibus,
3523 3853 3747 3926 inquit,
3767 3857 3852 3913 Iw.

2189 3947 2504 4018 noriﬁeetur
2533 3944 2850 4000 Deus.Cum
2873 3943 3029 3998 enim
3061 3959 3167 3998 nos
3197 3943 3382 3998 bonos
3414 3943 3844 4015 praedicatores.

2189 4039 2372 4094 bonos
2403 4034 2724 4101 ministros,
2758 4033 2942 4088 bonos
2973 4031 3070 4087 Dei
3119 4031 3274 4086 filios
3323 4049 3429 4087 nos
3475 4031 3846 4098 exhibemus.

2187 4128 2344 4183 Deus
2374 4125 2434 4180 in
2464 4124 2634 4179 nobis
2665 4123 2986 4178 honoratur
3015 4125 3072 4176 et
3100 4121 3522 4188 sanctificatur,
3545 4138 3664 4176 non
3701 4122 3847 4193 quod

2187 4216 2312 4288 ipse
2343 4211 2601 4270 sanctior
2633 4212 2711 4266 sit
2740 4227 2808 4266 ex
2840 4209 3032 4281 nobis,
3082 4210 3183 4264 sed
3217 4209 3358 4281 quia
3385 4225 3491 4264 nos
3525 4211 3848 4267 sanctiores

2188 4319 2397 4361 sumus
2423 4317 2492 4356 ex
2521 4303 2680 4367 eo,et
2702 4299 2808 4355 hoc
2832 4316 2935 4372 per
2963 4298 3165 4354 Jesum
3197 4297 3494 4353 Christum
3528 4297 3846 4355 Dominum

2188 4397 2475 4458 nostrum,
2497 4390 2590 4445 cui
2613 4393 2702 4444 est
2733 4388 2919 4444 honor
2949 4391 3006 4444 et
3034 4386 3244 4460 gloria,
3271 4403 3405 4442 cum
3437 4387 3607 4442 Patre
3632 4393 3696 4444 et
3728 4389 3850 4462 Spi-

421 4461 636 4535 hospes
677 4462 856 4530 venit,
909 4465 1415 4534 submurmurant,
1465 4468 1795 4540 tristantur,
1847 4473 2070 4531 vultum

2259 4500 2296 4538 u
2329 4482 2528 4538 sancto
2560 4495 2662 4550 per
2692 4478 2892 4533 omnia
2921 4476 3135 4533 sacula
3169 4475 3544 4533 saeculorum.
3568 4461 3782 4534 Amen.

423 4550 791 4618 obnubilant,
829 4557 1148 4608 causantur
1173 4554 1283 4610 sibi
1315 4556 1517 4612 deesse
1549 4558 1760 4616 domus
1793 4561 2075 4634 amplitu-

422 4638 642 4710 dinem,
677 4639 960 4696 lectorum
1009 4645 1066 4697 et
1095 4643 1591 4715 operimentorum
1623 4648 2074 4725 sufficientiam;

423 4728 628 4785 dicunt
659 4745 934 4802 magnam
986 4729 1177 4786 adhuc
1219 4731 1334 4788 diei
1379 4737 1604 4805 partem
1654 4753 1978 4810 superesse,
2012 4746 2079 4797 ut

422 4817 505 4873 ita
534 4835 632 4876 eos
659 4818 819 4875 abire
849 4824 1078 4892 cogant.
1107 4819 1255 4883 Quid
1288 4821 1476 4877 dicam
1504 4826 1826 4881 econtrario
1859 4829 1929 4883 de
1958 4829 2074 4886 illis

420 4907 522 4977 qui
554 4907 814 4980 hospites
845 4909 915 4964 ad
943 4909 1266 4981 hospitium
1291 4910 1636 4979 invitant,ut
1657 4931 1755 4970 eos
1777 4918 2075 4990 expilant?

419 4993 598 5051 Fures
627 5001 767 5052 sunt
795 5001 852 5052 et
882 4998 1155 5055 latrones.
1199 5000 1420 5072 Itaque,
1456 5003 1661 5059 fratres
1708 5006 1843 5072 mei,
1873 5009 1945 5064 ob
1979 5028 2070 5066 so-

417 5081 541 5138 lum
570 5083 754 5139 Deum
809 5085 1195 5158 hospitalitati
1245 5091 1608 5146 studeamus.
1641 5093 1908 5167 Hospites
1956 5091 2070 5155 lati

414 5170 828 5243 suscipiamus,
849 5173 966 5229 imo
987 5177 1162 5232 etiam
1198 5196 1356 5236 more
1381 5183 1756 5252 antiquorum
1790 5201 1887 5240 eos
1919 5204 2072 5258 quee-

409 5273 615 5314 ramus
644 5263 701 5314 et
725 5264 1158 5333 cogamus,lzeti
1190 5267 1272 5322 eis
1305 5269 1412 5324 hoc
1443 5271 1598 5341 quod
1631 5289 1947 5342 possumus
1978 5293 2068 5335 ex.

407 5345 744 5416 hibeamus,
777 5348 912 5422 plus
941 5352 1094 5408 enim
1128 5357 1352 5412 devotio
1384 5375 1559 5430 quam
1594 5362 1935 5434 magnitudo
1962 5367 2065 5422 ob-

405 5435 594 5527 sequii
623 5435 812 5508 placet
847 5440 978 5495 Deo.
999 5442 1215 5500 Deinde
1236 5447 1307 5501 ad
1330 5453 1537 5503 caetera
1567 5449 1868 5509 charitatis
1890 5471 2064 5527 opera

402 5537 512 5585 nos
543 5521 978 5603 hortatur,cum
1001 5532 1236 5591 subdit:
1261 5536 1636 5611 Unusquisque
1665 5544 1901 5610 gratiam
1922 5521 2065 5604 sicut

2747 4583 3052 4653 HOMILLA.
3093 4582 3278 4638 LXXI.

2452 4672 2728 4713 DOMINICA
2769 4673 2949 4710 PRIMA
2988 4672 3123 4710 POST
3161 4670 3576 4710 ASCENSIOXEM.

2255 4751 2392 4805 Cum
2421 4747 2628 4801 venerit
2656 4745 2977 4800 Paraclelus
3019 4760 3177 4816 quem
3223 4759 3320 4812 ego
3366 4745 3587 4798 mittam
3631 4745 3791 4800 robiis
3815 4761 3846 4800 α

2183 4837 2364 4900 Patre,
2397 4832 2666 4904 Spiritum
2692 4833 2938 4887 veritatis
2963 4833 3062 4902 qui
3088 4849 3121 4886 a
3150 4833 3312 4888 Patre
3335 4831 3600 4904 procedit,
3621 4833 3724 4887 ille
3752 4841 3850 4888 tes-

2182 4926 2475 4980 timonium
2519 4921 2825 4994 perhibebit
2874 4921 2940 4976 de
2985 4937 3072 4977 me
3099 4922 3259 4991 (Joan
3287 4923 3401 4989 xv).
3454 4921 3842 4988 Recessurus,

2180 5013 2388 5069 fratres
2436 5009 2790 5076 charissimi,
2839 5010 3124 5066 Dominus
3168 5015 3226 5066 et
3255 5009 3613 5080 Redemptor
3639 5015 3845 5067 noster

2179 5119 2281 5174 per
2309 5099 2642 5174 passionem
2673 5115 2708 5153 a
2737 5097 3041 5171 discipulis
3075 5097 3220 5164 suis,
3239 5103 3296 5153 et
3315 5099 3374 5152 in
3399 5097 3614 5153 coelum
3639 5114 3841 5154 ascen-

2177 5208 2373 5258 surus,
2389 5207 2461 5246 ne
2484 5207 2544 5245 se
2565 5187 2870 5244 derelictos
2891 5192 2948 5243 et
2969 5187 3259 5244 desolatos
3291 5186 3576 5252 dolerent,
3596 5190 3838 5259 promit-

2175 5281 2245 5337 tit
2265 5281 2348 5337 eis
2371 5296 2431 5336 se
2454 5279 2774 5334 missurum
2799 5275 3528 5342 consolatorem,videliret
3544 5275 3836 5348 Spiritum

2173 5374 2462 5426 sanctum.
2482 5366 2742 5423 Praedicit
2757 5365 2940 5439 igitur
2959 5366 3043 5423 eis
3067 5366 3123 5421 in
3147 5366 3254 5422 hac
3273 5365 3518 5421 lectione
3542 5369 3833 5436 quatuor:

2173 5458 2553 5532 primo,quod
2585 5456 2776 5511 mittet
2803 5456 2888 5512 eis
2912 5455 3194 5528 Spiritum
3217 5460 3488 5512 sanctum
3510 5472 3523 5521 ;
3544 5456 3828 5519 secundo,

2171 5549 2308 5622 quid
2345 5547 2596 5622 Spiritus
2627 5547 2866 5601 sanctus
2897 5544 2956 5600 in
2987 5546 3072 5602 eis
3102 5544 3178 5604 sit
3207 5547 3596 5618 operaturus;
3629 5545 3829 5618 tertio,

3941 95 3955 272 Α

3943 295 3956 538 l
