3982 6082
191 323 215 381 1
229 323 345 385 933

860 324 1213 386 HOMILL‘E
1254 325 1332 385 IN
1379 324 1625 385 EPIST.
1672 323 1772 384 ET
1815 321 2100 386 EVANG.
2145 323 2492 387 DOMINIC.
2527 327 2827 388 —-PARS
2872 328 2920 388 Ι.

3433 337 3455 394 i
3470 335 3587 396 934

191 455 628 528 persecutiones
672 455 756 510 eis
806 461 1083 512 venturas
1147 458 1550 523 demonstrat;
1598 461 1827 527 quarto,
1861 459 1916 524 Α
1947 473 2053 512 nos
2083 474 2113 511 a
2147 457 2418 513 sordibus
2450 459 2666 514 nostris
2698 459 3042 527 sanctificct,
3075 477 3306 518 veraces
3347 465 3585 534 efﬁciat,

189 560 370 616 quare
393 544 513 600 hec
535 543 796 616 pradicit
816 544 1366 600 ostendit.Prazdicit
1385 561 1520 616 ergo
1539 544 1622 599 eis
1645 544 1834 616 primo
1944 545 2248 613 amabiles,
2282 547 2597 603 concordes
2629 552 2686 602 et
2716 547 2998 621 benignos
3028 550 3250 606 reddat.

188 651 251 690 se
274 634 598 689 missurum
632 633 915 705 Spiritum
947 639 1235 690 sanctum.
1261 651 1394 689 cum
1429 634 1510 688 ait
1541 650 1553 687 :
1585 633 1716 689 Cum
1747 650 1832 688 ve-

184 725 334 779 nerit
363 724 679 778 Paracletus
703 739 863 794 quem
889 739 985 792 ego
1004 725 1218 779 mittam
1250 724 1398 780 vobis
1427 739 1461 778 a
1491 724 1671 778 Patre.
1705 722 1830 794 Spi-

183 815 356 868 ritum
383 812 630 867 veritatis
669 813 825 884 quia
852 813 1018 867 Patre
1041 811 1302 884 procedit.
1337 812 1449 867 Sed
1489 809 1688 866 nullus
1736 826 1829 866 ve-

181 901 616 968 strum,fratres
647 899 1147 970 charissimi,cum
1180 899 1344 955 audit
1371 898 1458 954 vel
1489 900 1827 963 adventum,

178 991 271 1046 vel
316 989 680 1055 missionem,
713 988 802 1044 vel
852 988 1292 1044 descensionem
1323 988 1576 1060 Spiritus
1615 987 1828 1055 sancti,

179 1079 426 1136 localem
444 1077 731 1149 intelligat
751 1077 1000 1150 Spiritus
1014 1078 1198 1134 sancti
1218 1077 1555 1133 motionem.
1573 1075 1827 1148 Spiritus

179 1169 340 1224 enim
371 1171 608 1224 sanctus
639 1183 772 1221 cum
805 1167 880 1221 sit
914 1183 1097 1221 unum
1129 1183 1263 1221 cum
1294 1167 1460 1222 Patre
1492 1169 1550 1220 et
1591 1164 1733 1220 Filio
1765 1164 1825 1220 in

177 1255 532 1324 substantia,
565 1259 621 1311 et
651 1255 802 1311 sicut
832 1254 1295 1311 substantialiter
1321 1254 1521 1310 omnia
1547 1252 1824 1325 complet,

171 1347 261 1403 ita
284 1363 390 1402 nec
421 1345 692 1401 accedere
722 1360 828 1399 nec
860 1345 1127 1400 recedere
1166 1343 1428 1400 localiter
1467 1347 1676 1415 potest.
1711 1341 1822 1396 Sed

171 1441 319 1493 tunc
347 1433 598 1508 Spiritus
627 1437 865 1489 sanctus
895 1433 966 1489 ad
999 1450 1105 1488 nos
1131 1433 1326 1489 venire
1355 1432 1443 1488 vel
1475 1431 1824 1488 descendere

171 1525 562 1591 dicitur,cum
594 1523 653 1577 in
685 1539 792 1578 nos
824 1523 1043 1578 donum
1076 1527 1133 1578 et
1163 1523 1353 1595 gratia
1383 1523 1512 1592 ejus
1545 1520 1818 1587 mittitur,

170 1613 501 1670 secundum
536 1621 766 1683 tropum
798 1611 897 1682 qui
931 1611 1283 1681 metonymia
1316 1610 1554 1676 dicitur,
1587 1608 1820 1681 quando

2015 633 2458 706 Secundo,quid
2489 634 2743 707 Spiritus
2760 641 2999 692 sanctus
3031 637 3088 692 in
3120 638 3442 712 discipulos
3459 659 3588 715 ope-

1942 725 2104 778 ratus
2136 723 2230 791 sit,
2257 723 2513 779 ostendit
2542 741 2676 779 cum
2709 724 3015 798 subjungit
3048 743 3060 781 :
3089 728 3187 784 Ille
3215 732 3587 789 testimonium

1935 811 2244 880 perhibebit
2265 812 2328 867 de
2355 829 2461 868 me.
2483 811 2832 885 Tripliciter,
2857 814 3085 881 fratres,
3113 817 3382 888 perhibet
3400 819 3584 893 Spiri-

1938 901 2035 954 tus
2065 904 2305 956 sanctus
2337 899 2742 957 testimonium
2776 902 2847 958 de
2877 902 3128 972 Christo,
3157 907 3310 977 quod
3352 907 3476 982 ipse
3506 910 3610 968 sit.

1940 985 2122 1043 Filius
2152 987 2249 1043 Dei
2286 1005 2298 1044 :
2328 1005 2431 1060 per
2454 987 2872 1045 miraculorum
2904 995 2961 1046 et
2988 991 3270 1050 virtutum
3302 999 3582 1070 operatio-

1937 1091 2100 1143 nem;
2127 1094 2230 1148 per
2258 1076 2592 1133 interiorem
2615 1077 2672 1132 in
2697 1079 2973 1136 cordibus
3004 1080 3312 1140 hominum
3336 1086 3581 1160 inspira-

1935 1162 2196 1232 tionem;
2247 1183 2350 1238 per
2415 1167 2828 1238 predicationis
2895 1170 3386 1229 testiﬁcationem.
3435 1176 3577 1233 Aliis

1935 1253 2152 1325 quippe
2182 1255 2469 1326 persuasit
2501 1256 2733 1312 credere
2767 1257 3018 1328 Spiritus
3039 1265 3279 1318 sanctus
3303 1262 3580 1322 inChris-

1931 1342 2056 1396 tum
2076 1358 2177 1414 per
2191 1342 2472 1399 miracula
2485 1347 2541 1399 et
2560 1345 2822 1414 virtutes,
2842 1345 2973 1402 aliis
2997 1364 3098 1419 per
3120 1348 3455 1408 interiorem
3486 1354 3575 1410 in-

1931 1431 2334 1502 spirationem;
2355 1433 2484 1488 aliis
2498 1450 2599 1505 per
2610 1435 2952 1491 exteriorem
2967 1437 3434 1509 praedicationem
3446 1486 3458 1499 .
3473 1444 3575 1501 Te-

1931 1519 2274 1576 stimonium
2309 1522 2523 1594 quippe
2545 1521 2797 1594 Spiritus
2811 1525 3292 1583 sanctusChristo
3305 1530 3574 1600 perhibet

1929 1609 2483 1680 metonymice,dum
2507 1609 2773 1667 homines
2797 1611 2847 1666 ei
2860 1612 3263 1672 testimonium
3296 1617 3434 1674 facit
3445 1636 3572 1692 per-

163 1700 608 1772 videlicetquod
631 1703 721 1755 est
739 1698 877 1755 doni
899 1699 1215 1755 ascribitur
1231 1697 1816 1754 auctori.Secundum
1928 1695 2146 1752 hibere.
2181 1697 2343 1754 Unde
2375 1703 2433 1755 et
2455 1698 2672 1754 subdit.
2705 1701 2769 1756 Et
2797 1717 2887 1757 vos
2917 1704 3293 1761 testimonium
3318 1709 3570 1778 perhibe-

167 1793 283 1892 hoc
304 1791 728 1896 dicitJoannes.
749 1789 904 1860 quod
919 1792 1142 1887 septem
1175 1787 1586 1896 suntHSp‘iritus
1623 1785 1813 1896 sapcti
1846 1831 1893 1896 B
1927 1785 2168 1896 bitisLAc
2198 1787 2650 1896 siudicoeretzV’os
2671 1788 2845 1896 etiam
2876 1790 2977 1889 qui
3010 1809 3166 1850 nunc
3195 1795 3565 1869 estistimidi,

164 1880 410 1937 missiin
425 1893 658 1934 omnem
673 1876 1195 1948 terram,quoniam
1212 1876 1432 1932 scilicet
1448 1878 1814 1945 suntseptem
1846 1874 1893 1896 ”
1924 1890 2017 1928 me
2047 1874 2339 1944 dereclito,
2359 1875 2754 1948 fugientes,ad
2789 1879 2966 1935 unius
2995 1880 3230 1937 aencillze
3262 1901 3457 1942 vocem
3472 1904 3566 1944 me

163 1972 324 2026 dona
353 1970 501 2042 eius,
534 1985 659 2040 quae
691 1966 960 2022 fidelibus
993 1983 1095 2038 per
1123 1967 1322 2022 orbem
1353 1964 1812 2026 distribuuntur.
1923 1967 2224 2036 negantes,
2257 1971 2494 2038 propter
2522 1983 2718 2022 meum
2749 1967 3086 2024 Judaaorum
3137 1971 3456 2044 latitantes,
3491 1993 3565 2033 ne

164 2060 281 2116 Sed
314 2059 407 2114 hic
439 2055 931 2113 considerandum
955 2059 1062 2123 est,
1082 2056 1288 2111 fratres
1308 2053 1816 2124 charissimi,quo-

161 2149 327 2204 niam
351 2165 465 2203 non
499 2149 735 2220 propter
757 2143 1029 2217 quaelibet
1049 2145 1202 2201 dona
1214 2162 1322 2200 sua
1335 2141 1814 2214 diciturSpiritus

157 2241 405 2294 sanctus
436 2236 611 2291 mitti.
641 2235 696 2289 Si
727 2233 885 2289 enim
929 2233 1027 2288 det
1055 2232 1229 2288 alicui
1261 2233 1563 2288 scientiam
1592 2229 1680 2286 vel
1713 2246 1813 2302 po-

156 2326 428 2394 tentiam,
459 2324 546 2381 vel
577 2322 940 2394 hujusmodi,
975 2339 1102 2394 quae
1127 2323 1302 2378 etiam
1335 2339 1368 2377 a
1400 2321 1570 2376 malis
1593 2321 1812 2376 haben-

163 2419 286 2484 tur,
301 2433 417 2472 non
435 2415 562 2470 ideo
585 2412 800 2468 dicitur
830 2411 1083 2484 Spiritus
1115 2416 1355 2467 sanctus
1384 2411 1444 2466 in
1474 2427 1608 2466 eum
1625 2409 1808 2478 mitti;

165 2504 272 2560 sed
292 2509 606 2576 propterea
625 2501 749 2558 sola
779 2501 933 2557 dona
955 2517 1083 2572 qua:
1108 2500 1404 2556 hominem
1419 2499 1603 2556 sancti
1614 2501 1809 2565 ﬁcant,

152 2597 224 2650 ut
251 2598 340 2650 est
369 2591 645 2659 charitas,
671 2589 1048 2656 continentia,
1067 2587 1471 2643 misericordia
1501 2592 1558 2643 et
1591 2593 1806 2642 caetera}

151 2683 425 2747 virtutes,
458 2679 674 2736 dicitur
702 2678 880 2734 mitti.
919 2677 1101 2742 Unde,
1135 2679 1342 2732 fratres
1373 2676 1809 2745 mei,dcsidere—

157 2788 297 2827 mus
323 2775 380 2828 et
408 2769 746 2826 laboremus
767 2767 1050 2834 obtinere,
1071 2783 1184 2821 non
1212 2784 1280 2821 ea
1302 2766 1455 2820 dona
1476 2783 1602 2838 quae
1626 2765 1804 2821 etiam

156 2858 302 2916 mali
332 2859 568 2925 habent,
601 2858 702 2913 sed
735 2855 836 2910 illa
865 2872 992 2927 quae
1024 2854 1132 2911 soli
1164 2854 1383 2910 habent
1412 2855 1571 2920 boni,
1605 2858 1661 2909 et
1701 2869 1805 2925 per

162 2965 292 3022 quae
343 2947 625 3020 Spiritum
677 2948 945 3001 sanctum
979 2949 1276 2999 merentur
1315 2943 1529 2999 habere
1569 2959 1800 3015 posses-

166 3054 378 3105 sorem,
413 3053 570 3109 quem
598 3051 711 3106 ego,
730 3033 1178 3105 inquit,mittam
1206 3033 1355 3088 vobis
1384 3050 1418 3088 a
1445 3034 1626 3096 Patre,
1645 3032 1798 3087 idem

152 3127 228 3182 de
257 3127 461 3182 eodem
494 3123 714 3196 Spiritu
747 3121 884 3177 alibi
916 3121 1056 3176 dicit
1087 3137 1100 3176 :
1134 3125 1305 3192 Quem
1335 3122 1510 3176 mittet
1548 3123 1710 3176 Pater
1739 3123 1798 3176 in

1919 2051 2007 2106 vel
2041 2070 2216 2108 unam
2249 2055 2321 2109 ob
2351 2053 3569 2127 linguamJudteorummeconﬁteriauden-

1922 2144 2030 2212 tes,
2046 2142 2264 2214 Spiritu
2296 2143 2753 2216 sancto,Spiritu
2786 2145 3049 2202 videlicet
3069 2149 3568 2223 tortitudinis,vos

1923 2229 2170 2285 interius
2203 2231 2704 2298 roborante,omni
2738 2233 2895 2305 genti
2919 2239 2975 2290 et
2993 2237 3151 2292 omni
3177 2235 3568 2312 linguademe

1923 2318 2324 2375 testimonium
2356 2320 2778 2392 perhibetis.Et
2809 2325 3141 2394 quomodo?
3169 2331 3422 2398 quatuor
3442 2347 3567 2387 mo-

1921 2407 2012 2462 dis
2043 2424 2055 2462 :
2094 2425 2186 2463 me
2236 2407 2446 2464 Filium
2497 2409 2590 2464 Dei
2639 2411 3045 2482 preedicando;
3079 2413 3138 2469 in
3172 2431 3264 2471 me
3294 2421 3447 2474 recte
3477 2419 3564 2475 vi-

1918 2497 2122 2564 vendo,
2157 2497 2438 2570 quoniam
2488 2498 2769 2554 sanctitas
2825 2501 3229 2560 ministrorum
3261 2506 3560 2564 sanctitati

1917 2589 2229 2641 attestatur
2250 2585 2516 2658 magistri
2553 2598 2564 2641 :
2602 2586 2656 2642 in
2682 2587 2918 2644 nomine
2939 2605 3068 2646 meo
3097 2591 3340 2649 virtutes
3370 2599 3428 2650 et
3457 2597 3561 2651 mi-

1917 2675 2114 2730 racula
2143 2674 2722 2746 faciendo,qnoniam
2749 2676 2936 2733 virtus
2967 2679 3221 2736 nominis
3252 2686 3564 2742 attestatur

1915 2764 2135 2820 auctori
2162 2782 2174 2831 ;
2209 2768 2444 2835 propter
2474 2779 2685 2819 nomen
2718 2782 2913 2822 meum
2958 2767 3251 2840 patiendo,
3281 2773 3559 2844 quoniam

1913 2854 2058 2911 bene
2089 2856 2402 2908 attestatur
2450 2853 2530 2907 rei
2582 2853 2681 2925 qui
2732 2859 2970 2927 prOpter
3017 2872 3146 2913 eam
3178 2875 3294 2916 non
3344 2862 3560 2936 refugit

1913 2942 2060 2998 mori
2095 2942 2250 3014 (46‘).
2269 2941 2524 3010 Utinam,
2549 2941 2758 2998 fratres
2777 2943 2913 3016 mei,
2936 2945 3252 3003 descendat
3280 2951 3337 3004 et
3366 2948 3424 3004 in
3448 2967 3555 3008 nos

1909 3031 2162 3103 Spiritus
2193 3033 2453 3098 sanctus,
2486 3031 2634 3086 dans
2663 3031 2830 3087 nobis
2855 3033 3160 3090 audaciam
3191 3041 3249 3092 et
3277 3037 3554 3097 virtutem

1907 3120 2137 3176 Christo
2170 3118 2574 3174 testimonium
2607 3119 2971 3192 perhibendi.
3008 3124 3168 3188 Quod
3210 3125 3365 3182 enim
3425 3127 3552 3185 sine

149 3219 374 3272 nomine
400 3230 517 3270 meo
549 3215 724 3282 (Joan.
754 3215 892 3280 xxv).
926 3212 1006 3266 Ex
1036 3228 1151 3282 quo
1182 3211 1438 3283 profecto
1471 3214 1628 3282 patet
1659 3228 1799 3282 quo-
1830 3199 1871 3265 C
1910 3209 2184 3282 lacrymis
2231 3208 2420 3263 dicere
2470 3225 2584 3263 non
2642 3226 2904 3281 possum,
2953 3228 3060 3267 nos
3130 3214 3395 3287 magistri
3445 3217 3553 3273 Ec-

164 3304 322 3361 niam
355 3303 608 3376 Spiritus
637 3306 877 3364 sanctus
909 3300 1167 3354 mittitur
1192 3317 1226 3353 a
1255 3300 1440 3368 Patre,
1474 3299 1726 3354 mittitur
1745 3303 1802 3355 et

153 3411 191 3449 a
222 3391 388 3449 Filio.
422 3391 534 3448 Sed
567 3390 722 3462 quod
758 3388 936 3444 Filius
967 3387 1146 3442 mittit
1182 3386 1464 3458 Spiritum
1505 3391 1798 3455 sanctum,

147 3497 268 3537 non
307 3497 343 3536 a
386 3495 468 3546 se,
502 3478 604 3534 sed
649 3495 683 3534 a
729 3481 896 3532 Patre
948 3475 1142 3531 habet.
1169 3475 1331 3531 Unde
1377 3481 1434 3531 et
1481 3476 1795 3546 adjungit:

153 3569 324 3638 Quem
369 3582 462 3639 ego
507 3568 722 3622 mittam
767 3566 917 3621 vobis
947 3581 981 3619 a
1009 3565 1192 3618 Patre.
1225 3563 1305 3619 De
1353 3581 1468 3635 quo
1508 3569 1565 3620 et
1607 3564 1800 3620 adhuc

148 3656 464 3728 subjungit
497 3671 511 3710 :
547 3655 652 3723 Qui
679 3672 714 3709 a
754 3660 917 3710 Patre
949 3653 1211 3725 procedit,
1244 3653 1594 3710 mternaliter
1639 3653 1796 3708 scili-

152 3751 246 3803 cet
274 3751 331 3802 et
359 3743 750 3801 ineffabiliter.
784 3743 969 3808 Unde,
1001 3743 1227 3810 fratres,
1261 3743 1473 3815 duplex
1505 3745 1797 3815 processio

151 3833 410 3907 Spiritus
452 3833 638 3890 sancti
667 3830 1031 3904 intelligitur.
1065 3831 1209 3898 Una,
1245 3848 1362 3902 qua
1391 3832 1642 3905 Spiritus
1663 3851 1796 3889 san-

149 3928 283 3980 ctus
313 3921 572 3995 procedit
601 3920 949 3977 aternaliter
977 3939 1010 3976 a
1040 3921 1205 3976 Patre
1235 3926 1292 3976 et
1323 3921 1484 3989 Filio,
1519 3927 1584 3978 ut
1630 3923 1798 3980 tertia

149 4011 215 4067 in
243 4011 525 4067 Trinitate
574 4026 844 4084 persona,
875 4013 931 4065 et
975 4026 1092 4065 una
1125 4026 1259 4064 cum
1309 4011 1393 4064 eis
1441 4012 1792 4080 substantia,

151 4115 272 4172 qua
300 4098 559 4172 quotidie
587 4115 751 4171 seque
782 4115 816 4152 a
846 4097 1010 4152 Patre
1023 4101 1079 4152 et
1111 4096 1251 4152 Filio
1283 4098 1539 4169 proeedit
1567 4103 1794 4172 tempo-

147 4187 351 4246 raliter
365 4189 437 4245 ad
461 4187 947 4244 sanctiﬁcandum
971 4192 1318 4242 creaturam.
1333 4187 1588 4243 Vocatur
1599 4193 1793 4244 autem

143 4278 307 4335 idem
337 4276 589 4349 Spiritus
637 4279 876 4332 sanctus
925 4274 1127 4330 multis
1176 4275 1536 4332 nominibus.
1571 4277 1797 4332 Dicitur

143 4370 343 4424 autem
374 4365 630 4438 Spiritus
660 4367 918 4432 sanctus,
936 4363 1213 4436 quoniam
1228 4364 1555 4420 sanctificat
1576 4369 1796 4421 creatu-

145 4453 532 4512 ras.Vocatur
551 4451 904 4518 Paracletus,
920 4451 1194 4523 quoniam
1219 4451 1555 4508 consolatur
1575 4453 1796 4510 desola-

142 4549 259 4634 tos,
284 4541 554 4634 medetur
585 4540 858 4634 infirmis,
879 4540 1132 4634 consulit
1162 4540 1795 4634 inconsultis,remittit
1825 4567 1874 4634 Ι)

147 4633 286 4688 reis.
301 4631 556 4686 Vocatur
576 4628 794 4701 quippe
815 4629 1069 4700 Spiritus
1087 4629 1367 4695 veritatis,
1384 4631 1658 4703 quoniam
1680 4649 1794 4688 non

150 4720 301 4777 fallit
331 4719 485 4776 sicut
512 4715 803 4784 diabolus,
823 4717 925 4772 sed
958 4718 1250 4789 promissa
1277 4719 1556 4775 veraciter
1583 4720 1792 4792 reddit,

151 4813 211 4866 et
255 4809 526 4864 homines
573 4822 805 4863 veraces
855 4806 1029 4874 facit;
1062 4823 1293 4863 veraces
1326 4809 1382 4862 in
1424 4814 1792 4880 peccatorum

152 4895 534 4951 confessione.
571 4894 629 4950 in
658 4894 921 4950 veritatis
947 4894 1290 4966 prolatione,
1321 4915 1554 4954 veraces
1583 4899 1642 4954 in
1666 4917 1796 4973 ope-

153 4985 236 5041 ris
259 4983 863 5039 intentione.Vocatur
874 4985 1050 5040 etiam
1068 4986 1263 5050 Amor,
1280 4987 1615 5056 Concordia,
1635 4990 1797 5044 Beni-

151 5071 370 5146 gnitas,
402 5074 528 5125 tum
580 5071 857 5142 quoniam
890 5077 978 5129 est
1007 5073 1285 5128 connexio
1336 5074 1522 5130 Patris
1551 5081 1608 5132 et
1640 5077 1791 5144 Filii,

151 5167 280 5218 tum
311 5159 452 5232 quia
476 5159 535 5213 in
567 5160 842 5217 cordibus
888 5162 1216 5228 hominum,
1245 5179 1522 5232 amorem,
1555 5181 1793 5222 concor-

150 5250 309 5305 diam
340 5251 396 5303 et
413 5247 833 5320 benignitatem
865 5250 1117 5321 spiratet
1140 5251 1342 5306 nutrit.
1360 5252 1541 5320 Unde,
1564 5255 1790 5326 fratres,

148 5334 632 5410 propensioribus
664 5336 969 5394 desideriis
991 5355 1125 5394 eum
1149 5339 1384 5395 assidue
1414 5340 1675 5413 flagitare
1701 5344 1795 5400 de-

146 5426 376 5492 bemus,
395 5427 684 5497 quatenus
717 5424 812 5481 ille
841 5425 1246 5484 desiderabilis
1277 5427 1530 5501 Spiritus
1555 5435 1794 5489 sanctus

1911 3298 2098 3354 clesiae
2130 3314 2338 3353 sumus
2370 3296 2542 3353 hodie
2571 3296 2897 3355 timidiores
2929 3317 3107 3371 quam
3143 3303 3317 3360 rudes
3371 3305 3552 3362 disci-

1907 3385 2032 3458 puli
2098 3385 2311 3442 Christi
2362 3385 2421 3440 in
2464 3385 2630 3441 initio
2696 3387 2992 3444 nascentis
3062 3389 3347 3448 Ecclesiae.
3396 3393 3550 3452 Dum

1909 3476 2064 3532 enim
2097 3478 2332 3548 propter
2361 3475 2629 3530 timorem
2655 3475 2905 3547 alicujus
2934 3494 3194 3549 personae
3228 3481 3552 3552 saecularia,

1907 3565 1994 3622 vel
2028 3581 2332 3637 negamus,
2363 3562 2452 3618 vel
2485 3563 2726 3620 silemus
2745 3565 3068 3635 veritatem,
3103 3567 3422 3638 Christum,
3449 3573 3552 3644 qui

1907 3655 2119 3710 veritas
2150 3656 2260 3720 est,
2292 3668 2595 3724 negamus.
2630 3653 2780 3708 Dum
2805 3659 3054 3727 raptore,
3087 3673 3405 3730 pauperem
3449 3677 3546 3717 ra-

1908 3743 2120 3815 piente,
2169 3746 2436 3797 nostrum
2487 3740 2538 3796 ei
2587 3741 2870 3797 auxilium
2919 3744 3343 3815 subtrabimus,
3377 3750 3550 3820 quasi

1907 3832 2135 3888 Christo
2169 3829 2367 3886 relicto
2401 3830 2678 3901 fugimus.
2704 3831 2855 3886 Dum
2885 3836 3117 3903 potente
3147 3835 3434 3908 pupillum
3459 3839 3549 3896 vel

1904 3921 2139 3976 viduam
2155 3920 2471 3986 cruciante,
2497 3918 2705 3974 nihilei
2723 3919 3119 3992 obloquimur,
3137 3925 3306 3994 quasi
3319 3926 3548 3984 Christo

1906 4011 1965 4065 in
2017 4026 2186 4064 cruce
2235 4008 2522 4080 pendente
2563 4011 2848 4064 tacemus.
2882 4009 3033 4064 Dum
3073 4015 3546 4082 persecutoribus

1906 4097 2196 4164 Ecclesiae,
2213 4112 2317 4168 per
2343 4096 2594 4168 rigorem
2617 4096 2862 4166 justitiae
2893 4115 2999 4154 nos
3021 4115 3137 4154 non
3161 4102 3544 4173 opponimus:

1905 4185 2072 4259 quasi
2105 4187 2340 4258 prepter
2371 4189 2592 4239 metum
2641 4185 2979 4242 Judceorum
3029 4185 3350 4260 latitamus,
3386 4193 3544 4264 Quia,

1907 4274 2120 4348 inquit,
2143 4273 2212 4329 ab
2244 4275 2405 4329 initio
2435 4289 2648 4329 mecum
2675 4276 2823 4330 estis.
2856 4276 2935 4331 Ae
2967 4274 3017 4332 si
3045 4276 3222 4346 dicat,
3237 4295 3372 4336 cum
3401 4282 3472 4339 de
3485 4299 3548 4340 re

1905 4365 2028 4421 visa
2050 4369 2106 4420 et
2127 4363 2348 4430 audita,
2365 4363 2510 4418 bene
2534 4363 2718 4435 possit
2738 4363 2913 4420 homo
2934 4365 3336 4425 testimonium
3361 4371 3550 4444 perbi-

1905 4454 2059 4521 bere,
2091 4470 2193 4509 vos
2242 4452 2390 4506 bene
2437 4451 2840 4508 testimonium
2880 4453 2949 4509 de
2980 4471 3074 4511 me
3103 4457 3346 4528 potestis
3378 4459 3546 4532 ferre,

1907 4543 2043 4616 quia
2067 4542 2138 4598 ab
2171 4541 2336 4596 initio
2367 4556 2598 4596 mecum
2623 4540 2786 4608 estis,
2803 4541 2944 4614 quia
2964 4543 3226 4600 convictu
3252 4545 3547 4617 familiari,

1908 4633 1966 4687 in
2014 4631 2252 4688 veritate
2297 4629 2450 4685 circa
2516 4645 2608 4684 me
2657 4629 2865 4686 edocti.
2915 4631 3078 4688 Unde
3127 4635 3373 4707 apostoli
3421 4637 3548 4694 loco

1903 4723 2090 4793 Judaz,
2123 4737 2238 4776 non
2287 4717 2643 4790 neophytum
2703 4718 3022 4791 elegerunt,
3057 4723 3158 4777 sed
3192 4722 3252 4779 in
3283 4725 3548 4784 doctrina

1903 4810 2119 4867 Christi
2152 4807 2378 4864 diutius
2425 4808 2805 4863 informatum
2838 4809 2991 4865 unde
3027 4811 3228 4868 Petrus
3261 4830 3274 4868 :
3310 4814 3546 4887 Oportet,

1904 4899 2114 4972 inquit,
2149 4915 2218 4954 ea:
2273 4897 2360 4951 his
2401 4897 2497 4968 qui
2541 4905 2670 4951 sunt
2710 4899 2863 4952 omni
2893 4905 3126 4970 tempore
3145 4903 3446 4972 nobiscum,
3477 4922 3548 4962 ea:

1903 5007 2006 5063 quo
2051 4989 2279 5043 intravit
2305 4994 2355 5040 et
2383 4987 2554 5040 exivit
2582 4986 2849 5041 Dominus
2874 4996 3056 5043 noster
3081 4993 3241 5046 Jesus
3273 4994 3542 5065 Christus,

1904 5088 2090 5136 testem
2137 5077 2544 5131 resurrectionis
2590 5076 2875 5130 nobiscum
2919 5078 3045 5147 ﬁeri
3089 5095 3262 5136 unum
3317 5099 3388 5138 ex
3424 5085 3548 5141 istis

1905 5171 2034 5241 (Act
2064 5166 2124 5238 ι).
2159 5165 2273 5219 lloc
2321 5167 2524 5218 contra
2565 5162 2698 5218 illos
2729 5163 2827 5235 qui
2861 5165 3065 5221 rudem
3097 5172 3154 5223 et
3185 5170 3546 5244 neophytum

1904 5257 2128 5330 eligunt
2157 5254 2216 5308 in
2249 5251 2620 5324 magistrum,
2653 5257 2710 5307 et
2741 5256 2941 5308 contra
2980 5254 3110 5311 illos
3161 5275 3412 5332 quoque,
3446 5262 3550 5334 qui

1904 5345 2250 5410 doctrinam,
2266 5341 2324 5395 in
2348 5341 2518 5412 cujus
2541 5340 2741 5396 schola
2761 5343 2963 5398 nutriti
2979 5361 3094 5400 non
3109 5345 3365 5415 fuerunt,
3381 5350 3551 5406 doce-

1905 5453 1966 5492 re
1997 5434 2364 5508 praesumunt
2383 5434 2442 5484 et
2472 5430 2805 5500 praedicare.
2822 5432 3013 5489 Tertio
3043 5436 3310 5506 praedicit
3327 5437 3412 5492 eis
3436 5441 3555 5497 tres

218 5530 355 5615 (ξδ’)
377 5529 466 5615 Sic
493 5532 902 5615 vos_no_n.vobis
935 5550 948 5588 :
981 5533 1200 5615 invenit
1250 5534 1596 5609 Radulphus
1633 5539 1804 5599 Ardet

1916 5543 2188 5615 laupatur
2218 5539 2278 5597 B.
2312 5535 2538 5594 Pascal.
2569 5536 2636 5592 V.
2669 5537 2894 5597 Pensées
2935 5539 3000 5598 de
3031 5544 3098 5598 Β.
3130 5541 3351 5614 Pascal,
3383 5549 3437 5598 v'
3466 5545 3560 5606 Te~

146 5605 334 5665 moins
361 5604 461 5679 qui
487 5619 544 5661 se
571 5606 692 5679 [out
716 5606 956 5679 egorger.
988 5637 1056 5649 --
1087 5607 1184 5664 Eo.
1219 5623 1276 5670 ρ.
