3982 6082
171 291 182 308 ⁸
212 273 370 334 1937

881 271 1230 334 HOMILL‘E
1272 271 1352 333 IN
1399 271 1646 334 EPIST.
1692 273 1793 336 ET
1835 273 2126 336 EVANG.
2173 275 2522 338 DOMINIG.
2553 310 2632 322 —
2661 277 2860 340 PARS
2903 276 2952 338 Ι.

3455 279 3613 342 1938

210 405 562 480 que,fratres
593 402 729 472 mei,
753 401 802 460 si
827 403 1110 478 Spiritum
1142 407 1412 461 sanctum
1442 405 1738 478 suscipere
1765 405 1858 462 de-
1885 409 1940 476 Α
1972 409 2168 463 tamen
2198 407 2544 466 intestinum
2566 409 2765 466 odium
2795 412 3006 483 gerunt
3033 413 3207 481 atque
3236 408 3611 472 discordiam.

208 497 561 561 sideramus,
594 510 779 567 operae
810 494 1065 566 pretium
1096 498 1186 550 est
1233 498 1299 548 ut
1339 493 1612 567 discipuli
1645 494 1858 550 Christi

207 585 482 650 simus,et
513 583 571 638 in
603 582 862 640 oratione
881 587 939 639 et
949 584 1030 655 jej
1041 583 1177 638 unio
1198 583 1859 656 perseveremus.Disci-

204 673 331 746 puli
361 673 575 729 Christi
605 689 834 741 sumus,
867 672 916 729 si
947 672 1005 727 in
1037 671 1452 741 humilitate,si
1477 672 1534 728 in
1560 672 1773 744 quiete,
1808 673 1856 728 si

201 761 265 818 in
299 763 509 818 timore
538 765 597 817 et
627 778 843 830 amore,
878 761 1248 834 disciplinam
1278 766 1335 817 et
1373 761 1696 818 doctrinam
1729 762 1857 833 ejus

204 869 299 908 am
307 851 532 925 plexam
541 852 780 907 ur.Nam
797 868 971 924 super
983 851 1126 908 tales
1139 850 1531 924 proculdubio
1546 852 1858 924 requiescit

203 941 462 1014 Spiritus
492 945 753 997 sanctus.
788 941 949 997 Unde
977 941 1102 1014 ipse
1132 958 1234 1012 per
1261 941 1606 1014 Prophetam
1636 958 1648 996 :
1682 943 1858 1013 Super

201 1046 365 1102 quem
392 1031 748 1101 requiescam,
778 1031 894 1085 nisi
919 1047 1084 1101 super
1111 1031 1376 1086 humilem
1412 1038 1464 1086 et
1509 1032 1771 1102 quietum,
1805 1038 1856 1086 et

205 1126 520 1176 trementem
549 1121 712 1174 verba
741 1119 908 1174 mea?
957 1119 1063 1191 (Isa
1109 1120 1280 1190 LXVI.)
1335 1120 1576 1192 Oportet
1622 1136 1855 1191 quoque

203 1213 273 1264 ut
302 1223 737 1280 perseveremus
768 1207 826 1262 in
859 1208 1261 1276 oratione,non
1283 1209 1354 1264 de
1374 1209 1516 1265 solis
1534 1207 1728 1279 labiis,
1752 1209 1855 1264 sed

203 1297 454 1370 depuro
486 1298 678 1353 corde.
700 1297 846 1352 Nam
879 1303 945 1354 ut
971 1297 1217 1370 Sapiens
1237 1297 1315 1353 ait
1341 1315 1353 1352 :
1378 1299 1618 1370 Spiritus
1635 1306 1854 1354 sanctus

199 1386 518 1458 disciplinae
547 1386 769 1458 effugiet
810 1387 1016 1458 ﬁctum,
1050 1395 1103 1443 et
1157 1389 1368 1458 auferet
1398 1403 1448 1443 se
1491 1406 1525 1442 α
1571 1390 1852 1457 cogitatio-

197 1477 367 1532 nibus
392 1491 518 1548 quae
543 1484 673 1531 sunt
700 1477 820 1532 sine
849 1477 1122 1532 intellectu
1153 1477 1300 1548 (Sap.
1327 1477 1386 1548 ι.)
1411 1477 1648 1548 Oportet
1676 1478 1852 1532 etiam

205 1567 268 1621 ut
291 1565 652 1636 jejunemus,
669 1581 784 1619 non
809 1581 842 1619 a
863 1563 1002 1620 solis
1033 1564 1200 1633 cibis,
1220 1567 1322 1621 sed
1354 1566 1530 1621 etiam
1560 1584 1594 1622 a
1623 1565 1778 1622 mala
1797 1570 1854 1622 et

197 1670 353 1709 vana
379 1652 1143 1726 cogitatione,locutione,et
1163 1655 1496 1727 operatione
1521 1672 1534 1711 :
1555 1656 1850 1728 Scriptum

201 1746 293 1799 est
321 1741 574 1800 enim.In
602 1743 922 1798 malivolam
948 1745 1195 1798 animam
1221 1760 1332 1800 non
1351 1743 1603 1800 introibit
1629 1747 1850 1817 sapien-

200 1833 297 1899 tio,
315 1839 366 1888 et
394 1848 505 1888 non
531 1831 798 1888 habitabit
828 1833 890 1888 in
915 1849 1135 1904 corpore
1156 1832 1370 1889 subdito
1390 1835 1618 1904 peccatis
1649 1834 1849 1906 (ibid.).

275 1919 470 1977 Tertio
499 1920 828 1978 ostenditur
857 1921 957 1978 ubi
983 1926 1154 1978 orant
1183 1921 1474 1995 discipuli,
1507 1939 1642 1978 cum
1675 1923 1853 1995 Spiri-

198 2015 300 2068 tus
312 2014 550 2067 sanctus
571 2027 750 2082 super
769 2027 868 2067 eos
887 2010 1201 2081 venit,cum
1226 2010 1525 2067 subditur:
1549 2013 1772 2068 Pariter
1792 2014 1852 2067 in

195 2099 383 2157 eodem
415 2098 1851 2173 loco.Minusdicitetplussigniﬁcat.Erantquippe

193 2186 257 2242 in
289 2187 490 2244 eodem
519 2186 667 2256 loco,
690 2187 750 2242 in
785 2188 991 2244 eodem
1023 2189 1196 2244 corde
1227 2193 1284 2245 et
1315 2205 1532 2256 amore,
1556 2189 1615 2243 in
1647 2189 1850 2245 eadem

195 2293 396 2334 rerum
429 2276 860 2333 communione.
888 2278 952 2332 In
973 2278 1177 2334 eodem
1200 2279 1492 2350 siquidem
1515 2277 1640 2334 loco
1662 2283 1847 2346 erant,

195 2365 338 2439 quia
353 2364 414 2420 in
436 2366 638 2422 eadem
663 2365 805 2422 urbe
821 2365 1168 2434 Jerusalem,
1185 2365 1244 2422 in
1264 2368 1466 2424 eodem
1485 2371 1681 2423 monte
1692 2366 1847 2434 Sion,

199 2455 260 2511 in
292 2456 496 2511 eodem
528 2454 823 2511 ccenaculo
855 2472 1032 2512 sacrae
1065 2456 1378 2529 Scriptura:
1410 2455 1851 2528 spiritualisque

197 2543 552 2600 refectionis.
586 2545 650 2600 In
681 2545 887 2600 eodem
918 2562 1150 2618 quoque
1177 2545 1348 2601 corde
1379 2550 1437 2601 et
1467 2562 1664 2602 amore
1685 2549 1852 2601 erant

198 2632 481 2706 quoniam
512 2633 582 2689 de
612 2632 696 2689 eis
728 2633 1013 2706 scriptum
1044 2638 1132 2690 est
1165 2651 1176 2689 :
1210 2635 1579 2690 Multitudinis
1625 2635 1851 2690 creden-

196 2725 346 2779 tium
373 2730 491 2778 erat
513 2739 606 2778 cor
634 2739 808 2778 unum
831 2731 882 2778 et
909 2724 1098 2778 anima
1129 2741 1240 2778 una
1262 2724 1396 2791 (Act.
1431 2725 1526 2796 ιν).
1554 2724 1614 2779 In
1647 2725 1850 2779 eadem

195 2811 380 2868 etiam
411 2828 606 2867 rerum
637 2812 1049 2868 communione
1078 2816 1261 2881 erant,
1279 2813 1554 2884 quoniam
1584 2829 1694 2868 non
1713 2813 1852 2868 dice-

200 2901 296 2957 bat
323 2901 530 2972 aliquis
559 2900 775 2972 aliquid
797 2903 1090 2973 proprium
1117 2917 1304 2957 eorum
1332 2917 1458 2973 quae
1481 2901 1846 2972 possidebant,

193 2989 294 3045 sed
322 2996 482 3045 erant
507 2989 588 3044 eis
615 2991 802 3044 omnia
823 2991 1136 3045 communia
1171 2989 1374 3060 (ibid).
1427 2990 1601 3045 Porro
1648 3005 1850 3044 eorum

198 3076 501 3135 univolam
521 3077 1098 3148 cohabitationem,et
1114 3077 1584 3134 communionem
1603 3077 1852 3133 admira-

1969 497 2130 552 Certe
2161 497 2498 571 quicunque
2526 498 2672 555 tales
2700 504 2854 567 sunt,
2881 517 2996 555 non
3028 499 3311 572 Spiritum
3343 506 3613 560 sanctum

1967 587 2122 642 unde
2151 586 2339 660 magis
2369 587 2684 644 dolendum
2717 592 2823 658 est,
2857 589 2956 645 sed
3001 593 3276 645 Satanam
3327 590 3615 663 recipiunt

1966 674 2374 732 habitatorem.

2037 767 2251 832 Quarto
2272 766 2710 822 demonstratur
2733 768 2948 839 quibus
2965 767 3151 840 signis
3173 767 3428 840 Spiritus
3449 786 3613 826 sanc-

1964 856 2062 909 tus
2101 855 2416 910 adventum
2448 873 2623 911 suum
2655 856 2712 911 in
2745 856 3062 929 discipulos
3104 857 3608 932 demonstraverit,

1965 959 2100 998 cum
2143 944 2553 1017 subjungitur:
2578 948 2653 1000 Et
2671 949 2848 1017 factus
2867 954 2944 1001 est
2961 955 3174 1018 repente
3193 947 3256 1002 de
3278 948 3406 1003 ccelo
3424 965 3605 1016 sonus,

1963 1035 2072 1088 etc.
2089 1033 2261 1090 Porro
2279 1035 2510 1090 duobus
2533 1035 2717 1108 signis
2739 1037 3023 1091 adventus
3037 1036 3289 1108 Spiritus
3311 1037 3494 1093 sancti
3516 1039 3609 1094 dc-

1963 1125 2326 1178 monstratus
2337 1123 2643 1179 estzUnum
2659 1124 2769 1179 fuit
2781 1141 2946 1181 sonus
2961 1125 3024 1180 de
3038 1127 3167 1182 ccelo
3183 1134 3397 1198 repente
3408 1129 3604 1198 factus,

1963 1219 2222 1283 tanquam
2249 1211 2587 1269 advenientis
2613 1215 2841 1285 spiritus
2870 1215 3217 1282 vehementis,
3252 1217 3348 1288 qui
3387 1217 3613 1288 replevit

1962 1307 2130 1356 totam
2157 1301 2379 1356 domum
2407 1302 2504 1357 ubi
2523 1311 2681 1358 erant
2699 1303 2960 1374 discipuli
2977 1303 3236 1359 sedentes.
3257 1306 3406 1360 Sane
3427 1322 3608 1362 sonus

1963 1388 2072 1444 iste
2088 1389 2498 1445 convenienter
2514 1389 2861 1464 signiﬁcavit
2882 1392 3192 1448 adventum
3207 1393 3460 1465 Spiritus
3478 1411 3610 1450 san-

1963 1475 2059 1532 cti.
2080 1478 2270 1534 Sonus
2303 1479 2518 1552 quippe
2541 1480 2853 1536 invisibilis
2877 1485 2965 1536 est
2987 1485 3042 1536 et
3061 1480 3432 1538 invisibiliter
3450 1487 3608 1540 totus

1962 1566 2139 1622 simul
2162 1568 2232 1622 ad
2255 1585 2426 1624 aures
2447 1569 2631 1624 fertur
2650 1568 3112 1641 singulorum,et
3131 1586 3318 1642 usque
3338 1572 3408 1626 ad
3434 1573 3610 1628 corda

1962 1661 2244 1728 penetrat,
2267 1661 2326 1712 et
2345 1674 2414 1713 ea
2432 1659 2504 1713 ad
2526 1657 2970 1732 intelligendum
2993 1659 3218 1714 excitat.
3240 1660 3334 1716 Sic
3355 1660 3608 1730 Spiritus

1962 1749 2202 1801 sanctus
2229 1744 2539 1803 invisibilis
2569 1751 2658 1801 est
2686 1746 2747 1801 in
2780 1746 2872 1802 sui
2895 1751 3124 1814 natura,
3151 1752 3208 1804 et
3237 1748 3607 1806 invisibiliter

1959 1838 2119 1890 totus
2145 1835 2320 1890 simul
2353 1835 2426 1890 ad
2460 1834 2724 1908 singulos
2755 1835 2956 1892 ﬁdeles
2986 1837 3187 1904 fertur,
3221 1841 3278 1892 et
3314 1853 3502 1909 usque
3532 1839 3603 1894 ad

1959 1919 2166 1976 intima
2195 1921 2459 1976 cordium
2507 1925 2788 1993 penetrat,
2820 1940 3002 1994 eaque
3032 1925 3104 1980 ad
3156 1923 3603 1998 intelligendum

1958 2009 2188 2066 excitat.
2209 2009 2315 2074 Qui
2335 2027 2517 2066 sonus
2547 2011 2954 2068 convenienter
2977 2012 3134 2068 venit
3163 2013 3233 2070 de
3261 2013 3422 2082 caelo,
3458 2031 3604 2087 quo-

1959 2098 2116 2153 niam
2133 2099 2386 2170 Spiritus
2409 2103 2649 2157 sanctns
2669 2100 2925 2157 mittitur
2943 2119 2977 2157 a
2994 2118 3226 2158 summo
3243 2103 3428 2172 Patre,
3435 2103 3606 2175 juxta

1958 2186 2103 2242 illud
2129 2203 2143 2242 ε
2169 2186 2334 2243 Omne
2353 2189 2542 2244 datum
2563 2192 2826 2260 optimum
2841 2199 2893 2246 et
2913 2207 3068 2246 omne
3090 2191 3292 2247 donum
3301 2195 3606 2264 perfectum

1958 2277 2241 2332 desursum
2284 2285 2360 2333 est
2404 2278 2725 2334 descendens
2775 2297 2810 2334 a
2859 2284 3021 2336 Patre
3069 2281 3345 2335 luminum
3373 2282 3507 2350 (Jac.
3541 2282 3602 2354 ι).

1959 2365 2380 2422 Convenienter
2409 2383 2642 2439 quoque
2672 2367 2887 2422 dicitur
2915 2369 3103 2424 factus
3136 2373 3371 2441 repente
3399 2374 3456 2425 et
3485 2374 3609 2426 tan-

1959 2471 2136 2527 quam
2155 2455 2514 2512 advenientis
2532 2456 2773 2528 spiritus
2791 2457 3458 2530 vehementis,quoniam
3479 2459 3608 2531 Spi-

1958 2543 2106 2599 ritus
2127 2548 2368 2600 sanctus
2388 2550 2661 2616 operatus
2683 2551 2772 2602 est
2795 2546 2852 2600 in
2875 2545 3216 2618 discipulos,
3241 2551 3298 2601 et
3326 2546 3522 2602 subito
3551 2552 3610 2605 et

1957 2633 2344 2700 velociter,ita
2373 2638 2438 2688 ut
2459 2651 2572 2689 non
2597 2633 2900 2705 paulatim,
2928 2635 3028 2692 sed
3049 2634 3243 2691 subito
3272 2639 3330 2690 et
3359 2636 3472 2692 cito
3503 2653 3602 2693 eos

1959 2723 2029 2778 de
2060 2722 2304 2778 rudibus
2335 2722 2589 2778 efﬁceret
2618 2722 2928 2795 sapientes,
2953 2724 3024 2778 de
3051 2723 3264 2795 tepidis
3294 2724 3600 2798 ferventes,

1959 2812 2030 2867 de
2061 2811 2288 2866 timidis
2321 2811 2592 2878 audaces,
2628 2816 2692 2867 ut
2719 2812 3130 2884 unusquisque
3159 2829 3362 2868 eorum
3413 2813 3607 2871 dicere

1958 2903 2156 2972 posset
2183 2916 2318 2956 cum
2351 2898 2696 2955 Psalmista:
2729 2901 2884 2956 Nunc
2910 2902 3195 2972 ccepi.ch
3221 2904 3450 2958 mutatio
3477 2901 3605 2958 dex-

1959 2998 2123 3046 terrae
2149 2989 2362 3044 Excelsi
2387 2990 2558 3058 (Psal.
2594 2989 2798 3061 Lxm).
2824 2989 3016 3044 Potest
3044 2993 3240 3045 autem
3271 2989 3380 3045 hoc
3410 2991 3604 3048 adver-

1960 3078 2144 3145 bium,
2161 3087 2438 3150 tanquam,
2455 3077 2536 3134 ibi
2555 3082 2754 3134 notare
2768 3077 2856 3134 vel
2871 3079 3130 3135 veritatis
3147 3079 3599 3151 expressionem,

195 3171 302 3222 tur
329 3166 387 3220 in
419 3165 629 3238 spiritu
661 3167 964 3239 Propheta,
999 3167 1200 3223 dicens
1227 3185 1240 3222 :
1274 3169 1403 3224 Ecce
1441 3184 1605 3240 quam
1653 3167 1853 3223 bonum
1874 3149 1924 3224 Ca
1962 3167 2240 3239 quoniam
2268 3149 2451 3223 sonus
2478 3167 2573 3222 ille
2604 3168 2712 3222 fuit
2741 3167 3163 3240 signiﬁcativus
3190 3149 3322 3224 vere
3350 3167 3604 3241 Spiritus

197 3263 256 3313 et
285 3272 450 3328 quam
469 3255 780 3327 jucundum
821 3256 1075 3312 habitare
1119 3258 1322 3328 fratres
1371 3258 1430 3312 in
1477 3273 1652 3312 unum
1681 3257 1848 3329 (Psal.

201 3347 412 3412 cxxxn)
440 3361 454 3412 ;
487 3348 545 3400 et
574 3343 711 3400 alibi
745 3362 758 3400 :
791 3345 929 3401 Deus
961 3347 1022 3400 in
1052 3345 1164 3402 loco
1191 3352 1375 3402 sancto
1403 3361 1500 3401 suo
1527 3364 1546 3399 :
1576 3346 1713 3401 Deus
1756 3346 1853 3416 qui

205 3435 518 3490 inhabitare
535 3436 679 3506 facit
707 3435 873 3490 unius
900 3437 1070 3490 moris
1103 3436 1164 3490 in
1192 3434 1346 3491 domo
1376 3434 1546 3506 (Psal.
1571 3438 1762 3502 van),
1792 3433 1850 3490 id

206 3527 299 3580 est
318 3522 650 3578 unanimes.
679 3521 889 3579 Nullus
909 3523 1066 3579 enim
1088 3523 1250 3579 locus
1273 3524 1460 3596 magis
1481 3527 1853 3590 sanctus,nec

207 3610 397 3684 magis
418 3609 532 3667 Deo
550 3610 837 3684 propitius
852 3616 958 3679 est,
975 3628 1152 3684 quam
1171 3615 1506 3668 sanctorum
1529 3628 1852 3668 consonan-

205 3698 291 3756 tia
319 3703 375 3756 et
403 3699 766 3756 unanimitas
797 3700 1129 3756 animorum
1155 3717 1167 3755 :
1202 3717 1380 3773 quam
1409 3699 1536 3773 ipse
1565 3699 1726 3756 solus
1755 3716 1856 3772 per

207 3788 457 3862 gratiam
481 3805 650 3845 suam
665 3789 724 3844 in
743 3789 965 3846 sanctis
985 3790 1534 3863 congregationibus
1565 3793 1854 3862 operatur.

209 3879 319 3936 Ubi
351 3880 568 3952 quippe
598 3896 708 3951 pax
755 3883 812 3935 et
859 3879 1186 3946 concordia,
1220 3879 1301 3934 ibi
1351 3879 1625 3946 charitas,
1657 3877 1858 3950 procul

213 3968 394 4025 dubio
425 3972 516 4024 est
545 3973 601 4023 et
629 3968 805 4024 Deus.
830 3968 938 4023 Ubi
968 3984 1100 4024 vero
1130 3966 1441 4035 discordia,
1469 3967 1540 4022 lis
1572 3972 1628 4022 et
1657 3967 1860 4022 odium

208 4062 320 4124 est,
337 4057 416 4112 ibi
448 4057 701 4130 profecto
723 4057 1019 4128 malignus
1041 4055 1282 4128 spiritus
1302 4060 1409 4112 est.
1436 4055 1633 4127 Itaque
1655 4056 1864 4111 fratres

213 4145 572 4208 charissimi.
605 4145 654 4201 si
699 4145 982 4217 Spiritum
1012 4149 1284 4200 sanctum
1333 4144 1393 4199 in
1442 4160 1548 4200 nos
1597 4143 1866 4200 advenire

211 4235 642 4300 desideramus,
667 4233 941 4290 tollamus
963 4235 1034 4289 de
1056 4233 1246 4288 medio
1270 4233 1450 4288 nostri
1477 4231 1628 4300 lites,
1645 4232 1865 4288 discor-

211 4323 362 4390 dias,
393 4322 642 4378 invidias
671 4327 728 4378 et
756 4323 908 4378 odia.
941 4323 1011 4378 Et
1041 4321 1194 4378 sicut
1244 4321 1462 4393 pariter
1491 4320 1868 4376 convenimus

211 4411 275 4468 in
305 4412 509 4468 eadem
531 4411 794 4476 ecclesia,
814 4410 965 4467 sicut
984 4411 1207 4466 eisdem
1229 4410 1616 4466 sacramentis
1639 4410 1872 4482 partiei-

1958 3256 2146 3313 sancti
2178 3255 2538 3311 advenientis
2568 3261 2624 3311 et
2645 3256 3024 3325 vehementis,
3039 3257 3096 3312 id
3121 3261 3231 3324 est,
3248 3274 3283 3312 a
3302 3262 3494 3314 mente
3513 3274 3604 3314 ve-

1959 3345 2152 3401 hentis
2181 3349 2239 3401 et
2287 3345 2359 3400 ab
2409 3345 2708 3402 effectibus
2757 3345 3092 3402 carnalibus
3140 3345 3468 3403 alienantis.
3499 3347 3604 3404 Vel

1961 3437 2152 3506 potest
2183 3433 2366 3488 solam
2401 3438 2601 3489 notare
2633 3433 3104 3500 similitudinem,
3124 3435 3402 3506 quoniam
3425 3452 3607 3492 sonus

1960 3522 2058 3578 ille
2089 3522 2200 3577 fuit
2226 3527 2508 3594 tanquam
2541 3523 2804 3595 Spiritus,
2835 3523 2893 3578 id
2922 3527 3011 3578 est
3035 3524 3189 3580 venti
3220 3523 3601 3581 vehementis.

1963 3611 2079 3666 Hoc
2111 3627 2322 3666 nomen
2352 3611 2508 3666 enim
2539 3610 2804 3683 spiritus,
2823 3615 2882 3666 et
2898 3611 2970 3666 ad
2993 3611 3360 3683 spiritum,et
3379 3613 3451 3668 ad
3472 3629 3610 3669 ven-

1963 3703 2114 3767 tum,
2146 3704 2204 3755 et
2233 3700 2305 3754 ad
2337 3703 2598 3770 cantum,
2620 3699 2978 3772 aaquivocum
3007 3704 3112 3769 est,
3138 3700 3290 3756 sicut
3320 3701 3475 3773 apud
3507 3701 3612 3757 He-

1965 3790 2152 3844 braeos
2183 3788 2352 3844 Ruha
2377 3789 2598 3859 [n11],et
2630 3789 2785 3860 apud
2805 3790 3030 3845 Graecos
3069 3807 3326 3862 pneuma
3356 3789 3612 3864 [πνευμα].

1967 3878 2228 3932 Alterum
2258 3894 2390 3932 vero
2421 3877 2656 3948 signum
2684 3877 2813 3942 fuit,
2832 3877 2985 3950 ignis
3017 3895 3118 3950 per
3147 3878 3379 3952 linguas
3401 3878 3619 3951 disper-

1970 3968 2132 4035 titus,
2169 3967 2268 4038 qui
2299 3984 2478 4037 supra
2507 3965 2771 4037 singulos
2815 3983 3016 4021 eorum
3067 3967 3301 4022 resedit.
3355 3967 3516 4022 Unde
3563 3974 3620 4023 et

1973 4054 2265 4111 subditur.
2299 4056 2366 4110 Et
2391 4061 2764 4126 apparuerunt
2794 4055 2910 4109 illis
2940 4054 3244 4125 dispertita?
3265 4055 3474 4126 linguae
3502 4062 3620 4110 tan-

1974 4161 2140 4216 quam
2198 4145 2365 4212 ignis,
2411 4143 2652 4214 scditque
2700 4159 2867 4213 supra
2910 4143 3156 4212 singulos
3201 4159 3408 4199 eorum.
3443 4143 3616 4200 Porro

1974 4231 2633 4303 convenienterSpiritus
2646 4235 2885 4287 sanctus
2899 4248 3000 4303 per
3013 4231 3618 4304 ignem,signiﬁeatur.

1977 4320 2231 4394 Spiritus
2259 4320 2416 4375 enim
2449 4325 2685 4376 sanctus
2715 4337 2882 4375 amor
2909 4325 3015 4376 est.
3050 4321 3212 4376 Unde
3242 4324 3299 4376 et
3339 4320 3616 4388 Joannes,

1978 4412 2114 4467 Deus
2143 4409 2380 4464 charitas
2408 4416 2486 4463 est
2525 4409 2571 4477 (Ι
2596 4409 2752 4464 Joan.
2785 4413 2884 4477 1v).
2918 4407 3199 4464 Dominus
3231 4425 3464 4480 quoque
3490 4407 3622 4481 Spi-

214 4517 454 4575 pamus,
488 4501 642 4555 sicut
671 4504 761 4554 est
791 4500 961 4556 nobis
991 4517 1110 4554 una
1139 4500 1304 4566 ﬁdes,
1341 4515 1524 4553 unum
1553 4499 1868 4570 baptisma,
1904 4521 1947 4584 D
1979 4499 2158 4555 ritum
2183 4501 2452 4553 sanctum
2474 4497 2668 4569 ignem
2690 4502 2877 4565 vocat,
2897 4497 3130 4552 dicens:
3155 4499 3337 4567 Ignem
3357 4499 3484 4553 veni
3501 4499 3624 4554 mib-

217 4605 376 4646 uuus
398 4590 548 4644 Deus
579 4592 634 4643 et
653 4587 1056 4654 Dominus,ita
1078 4588 1156 4642 sit
1177 4588 1234 4642 in
1259 4585 1427 4641 nobis
1449 4604 1566 4642 una
1581 4587 1874 4674 voluntas,

218 4697 339 4736 una
371 4677 646 4746 charitas,
675 4681 732 4734 et
761 4694 879 4734 una
908 4694 1102 4734 rerum
1153 4675 1564 4732 communitas.
1597 4674 1872 4731 Commu-

222 4767 416 4825 nicent
457 4766 766 4823 nobiscum
815 4782 1100 4839 pauperes
1151 4763 1475 4837 corporalia
1519 4766 1690 4830 bona,
1723 4763 1876 4821 sicut

225 4857 664 4913 communicant
685 4855 1034 4929 spiritualia.
1054 4855 1499 4910 Communicent
1528 4858 1758 4909 terrena
1777 4870 1876 4910 no-

225 4945 484 5012 hiscum,
509 4945 660 5001 sicut
682 4943 1171 5001 communicaturi
1197 4947 1334 5000 sunt
1353 4942 1874 4998 aeterna.therum

228 5033 371 5108 quid
403 5033 592 5089 dicam
617 5035 688 5090 de
709 5035 1065 5107 quibusdam
1089 5031 1520 5100 claustralibus,
1537 5032 1637 5103 qui
1663 5048 1794 5087 cum
1817 5033 1875 5087 in

225 5123 434 5181 eodem
467 5123 764 5179 refectorio
796 5123 1125 5190 comedunt,
1175 5122 1234 5176 in
1283 5121 1486 5176 eodem
1536 5120 1877 5177 dormitorio

228 5211 553 5286 quiescant,
569 5212 629 5267 in
648 5213 850 5268 eodem
870 5211 1045 5268 choro
1067 5211 1370 5275 excubent,
1385 5207 1442 5262 in
1464 5210 1664 5264 eadem
1687 5225 1882 5264 rerum

229 5300 645 5358 communione
660 5301 942 5368 vivant,in
959 5301 1162 5356 eodem
1181 5299 1385 5355 ordine
1400 5297 1668 5368 militent,
1687 5302 1882 5354 tamen

229 5408 336 5466 per
359 5391 640 5447 invidiam
664 5396 720 5446 et
739 5391 940 5447 odium
962 5409 995 5446 a
1021 5407 1082 5445 se
1103 5389 1347 5444 invicem
1371 5386 1881 5450 discordant.Quid

229 5481 409 5538 etiam
443 5481 515 5536 de
544 5479 916 5552 conjugibus,
948 5479 1185 5552 quibus,
1219 5494 1352 5532 cum
1387 5477 1465 5531 sit
1497 5492 1613 5529 una
1658 5491 1880 5543 mensa,

233 5587 386 5628 unus
416 5568 757 5639 lectus,una
786 5568 963 5626 etiam
995 5567 1317 5626 secundum
1368 5563 1698 5636 apostolum
1728 5582 1878 5633 caro,

1985 4597 2094 4644 tere
2124 4589 2184 4642 in
2213 4595 2434 4648 terram,
2467 4593 2517 4640 et
2546 4586 2675 4658 quid
2700 4587 2816 4641 volo
2845 4587 2958 4640 nisi
2983 4594 3044 4640 ut
3073 4584 3308 4641 ardeat?
3327 4586 3477 4654 (Luc.
3500 4585 3622 4657 κη).

1982 4677 2147 4732 Sicut
2176 4675 2333 4730 enim
2365 4678 2504 4729 sunt
2532 4679 2754 4745 septem
2784 4674 2937 4729 dona
2965 4674 3217 4746 Spiritus
3239 4672 3444 4740 sancti,
3467 4672 3550 4729 sic
3570 4677 3628 4728 et

1983 4770 2206 4838 septem
2238 4767 2378 4818 sunt
2407 4762 2790 4834 proprietates
2822 4761 2994 4834 ignis.
3035 4761 3192 4835 Ignis
3235 4761 3450 4835 quippe
3480 4762 3629 4817 dura

1985 4853 2227 4918 emollit,
2261 4851 2473 4923 frigida
2501 4849 2783 4917 calefacit,
2816 4851 3126 4906 tenebrosa
3153 4849 3470 4918 illuminat,
3490 4849 3630 4906 mol-

1987 4943 2064 4999 lia
2094 4941 2452 5008 corroborat,
2495 4940 2728 5011 impura
2774 4939 3085 5007 examinat,
3137 4956 3376 4995 sursum
3425 4939 3628 5007 fertur,

1986 5031 2334 5087 distributus
2365 5027 2810 5100 multiplicatur.
2844 5028 2935 5083 Sic
2986 5034 3042 5084 et
3090 5028 3346 5101 Spiritus
3393 5032 3632 5084 sanctus

1988 5122 2136 5176 dura
2165 5118 2339 5174 corda
2367 5116 2587 5172 emollit
2619 5135 2720 5189 per
2739 5116 3020 5188 Spiritum
3045 5115 3520 5189 timoris,frigida
3539 5133 3634 5172 ca-

1994 5208 2188 5264 lefacit
2205 5223 2306 5278 per
2327 5205 2599 5277 spiritum
2623 5205 2874 5276 pietatis,
2893 5207 3202 5262 tenebrosa
3220 5205 3515 5261 illuminat
3534 5221 3638 5276 per

1993 5297 2266 5370 spiritum
2297 5293 2569 5361 scientiae,
2605 5293 2804 5349 mollia
2829 5297 3165 5351 corroborat
3213 5311 3315 5368 per
3362 5293 3638 5365 spiritum

1994 5383 2376 5449 fortitudinis,
2392 5383 2625 5453 impura
2654 5382 2946 5438 examinat
2967 5402 3067 5456 per
3087 5383 3362 5454 spiritum
3386 5379 3637 5449 consilii,

1994 5489 2230 5529 sursum
2259 5470 2408 5542 rapit
2439 5488 2538 5541 per
2584 5469 2851 5542 spiritum
2902 5471 3259 5536 intellectus,
3290 5468 3642 5525 distributus

1995 5561 2310 5633 locupletat
2339 5577 2441 5632 per
2466 5559 2738 5630 spiritum
2771 5561 3088 5633 sapientiae.
3141 5555 3438 5631 Sapientia
3486 5553 3643 5612 enim
