3982 6082
147 310 321 373 1941

839 310 1191 373 HOMILI/E
1233 311 1310 372 1N
1354 309 1605 370 EPIST.
1649 303 1751 368 ET
1795 305 2083 371 EVANG.
2130 309 2477 371 DOMINIC.
2514 343 2586 356 -
2615 311 2814 374 PARS
2856 309 2906 376 Ῑ.

3422 311 3582 376 1942.

148 443 509 502 consolatur
527 460 646 512 eos,
665 460 738 500 ne
761 445 1253 512 timeant.Quinto
1273 443 1357 500 eis
1377 442 1631 500 ostendit
1651 459 1714 498 se
1736 440 1821 496 in-
1848 442 1906 510 Α
1935 446 2022 498 ter
2054 443 2256 516 diliget
2285 461 2412 513 nos,
2436 449 2495 501 et
2523 447 2675 518 apud
2721 465 2828 505 nos
2866 445 3233 504 mansionem
3265 447 3454 519 faciet,
3489 453 3580 507 est

147 540 475 591 nocentem
501 538 737 607 propter
757 535 1151 592 obedientiam
1166 535 1294 606 jam
1327 548 1663 606 passurum.
1698 531 1821 586 Pri-

38 615 42 648 ῖ
146 639 332 680 mum
360 623 540 696 igitur
561 624 631 678 ad
657 623 1050 690 dilectionem,
1077 621 1340 696 exemplo
1361 626 1418 677 et
1439 624 1722 693 praecepto
1741 619 1824 674 di-

38 707 44 742 ⁵
143 713 411 785 scipulis
431 713 925 780 commendatam,
946 713 1041 768 hic
1062 711 1669 779 hortatur,ostendens
1681 709 1820 781 quid

139 815 300 857 vera
331 799 560 857 dilectio
595 800 787 866 faciat,
813 805 870 857 et
889 802 960 856 ad
985 801 1124 872 quid
1159 801 1440 872 perducat
1477 798 1624 864 Quid
1649 798 1822 853 faciat

36 907 40 920 ί
144 889 438 955 ostendit,
455 906 588 944 cum
606 890 776 946 dicit:
793 892 993 964 Siquis
1007 890 1194 961 diligit
1206 906 1310 957 me,
1326 904 1627 944 sermonem
1641 903 1822 942 meum

36 977 40 1012 ⁵
139 979 418 1036 servabit.
463 978 714 1034 Effectus
762 995 906 1034 verae
955 978 1305 1061 dilectionis,
1335 983 1423 1032 est
1453 975 1824 1031 observantia

36 1097 38 1100 ν
140 1067 575 1123 mandatorum
602 1067 722 1122 Dei.
750 1067 972 1138 Itaque,
994 1067 1224 1134 fratres,
1245 1067 1293 1121 si
1323 1081 1454 1122 vere
1480 1065 1662 1120 Deum
1685 1063 1820 1118 dili-

143 1156 360 1230 gimus
389 1157 666 1214 mandata
698 1156 829 1227 ejus
862 1157 1262 1212 observamus.
1284 1155 1343 1210 Si
1372 1171 1504 1210 vero
1545 1153 1824 1208 mandata

36 1249 38 1256 '
141 1246 292 1318 ejus
314 1262 429 1302 non
453 1245 856 1312 observamus,
881 1249 1042 1317 patet
1061 1243 1160 1316 qui
1183 1261 1317 1299 eum
1343 1260 1458 1298 non
1480 1259 1610 1298 vere
1631 1241 1822 1314 diligi-

140 1350 315 1391 mus
342 1335 524 1390 Nemo
545 1351 613 1390 ex
630 1334 815 1402 vobis,
835 1334 1064 1405 fratres,
1084 1350 1145 1389 se
1169 1332 1441 1405 decipiat.
1462 1333 1534 1387 Se
1554 1331 1710 1387 enim
1731 1332 1824 1388 de“

139 1424 301 1497 cipit
323 1423 424 1496 qui
450 1423 650 1479 dicens
671 1440 734 1479 se
757 1422 1001 1495 diligere
1031 1427 1237 1492 Deum,
1258 1421 1532 1477 mandata
1556 1421 1683 1491 ejus
1707 1437 1821 1476 non

142 1513 436 1570 custodit.
465 1512 626 1568 Unde
657 1513 812 1568 idem
846 1513 1104 1568 Joannes
1137 1529 1150 1567 ε
1185 1511 1247 1567 Si
1279 1513 1420 1583 quis,
1447 1510 1661 1582 inquit,
1689 1510 1826 1565 dicit

137 1619 206 1659 se
238 1603 479 1672 diligere
506 1604 697 1670 Deum,
721 1610 772 1658 et
796 1601 1057 1658 mandata
1090 1603 1209 1672 ejus
1247 1617 1354 1657 non
1386 1599 1634 1663 custodit,
1667 1616 1820 1654 men-

135 1691 268 1748 dax
297 1699 381 1748 est
413 1693 464 1764 (Ι
487 1692 642 1748 Joan.
670 1692 751 1762 ιι).
776 1691 958 1747 Nemo
1004 1691 1074 1746 de
1116 1689 1590 1762 impossibilitate
1621 1705 1728 1743 sua
1759 1705 1820 1744 se

137 1784 414 1838 excuset.
437 1780 587 1836 Dicit
615 1779 772 1836 enim
804 1779 1018 1851 aliquis
1050 1795 1064 1833 :
1099 1779 1376 1834 Infirmus
1413 1781 1471 1833 et
1506 1777 1818 1834 imbecillis

137 1873 379 1927 natura:
403 1872 620 1937 sum,et
645 1869 924 1924 mandata
943 1869 1070 1940 ejus
1091 1867 1288 1941 gravia
1303 1871 1360 1923 et
1380 1867 1582 1922 ardua.
1603 1867 1672 1921 Et
1691 1867 1818 1938 qui-

140 1961 292 2017 dem
315 1963 497 2016 Deum
519 1957 724 2031 diligo,
742 1958 841 2014 sed
861 1956 1213 2013 arduitatem
1237 1957 1652 2012 mandatorum
1685 1956 1814 2028 ejus

138 2051 388 2123 portare
415 2065 532 2104 non
560 2047 742 2103 valeo.
776 2047 1011 2118 Nequeo
1043 2046 1201 2102 enim
1233 2045 1478 2118 propriae
1506 2044 1811 2111 voluntati,

140 2153 384 2210 nequeo
405 2136 564 2192 carni
587 2153 749 2202 mem,
776 2152 1002 2208 nequeo
1027 2135 1246 2190 mundo
1269 2133 1505 2207 penitus
1527 2134 1814 2188 abrenun-

138 2225 322 2283 tiare.
347 2226 458 2282 Sed
489 2225 589 2297 qui
623 2225 744 2280 haec
766 2223 925 2292 dicit,
947 2224 1260 2297 dupliciter
1289 2228 1507 2296 peccat,
1527 2227 1652 2277 tum
1674 2223 1814 2294 quia

141 2318 397 2372 accusat
424 2315 608 2370 Deum
631 2314 702 2369 de
733 2311 1095 2381 crudelitate,
1122 2312 1322 2368 dicens
1343 2328 1479 2367 eum
1503 2311 1618 2367 tale
1647 2328 1811 2366 man-

143 2405 364 2460 datum
396 2403 648 2470 dedisse,
683 2403 838 2474 quod
879 2401 1054 2458 homo
1086 2418 1201 2456 non
1241 2401 1428 2456 valeat
1469 2399 1812 2472 adimplere,

142 2498 282 2550 tum
317 2493 459 2566 quia
488 2491 772 2548 mentitur
802 2509 864 2547 se
895 2509 1010 2547 non
1052 2509 1222 2564 posse
1253 2491 1407 2562 quod
1441 2489 1568 2562 ipse
1599 2493 1811 2561 potest.

145 2584 316 2640 Deus
347 2582 526 2651 enim,
560 2582 659 2654 qui
699 2582 1043 2638 mandatum
1084 2581 1264 2647 dedit,
1299 2579 1408 2635 scit
1451 2578 1592 2650 quid
1627 2578 1815 2651 possit

147 2671 592 2744 unusquisque,
617 2669 830 2725 melius
859 2687 1036 2742 quam
1067 2669 1194 2741 ipse
1224 2669 1418 2724 homo.
1443 2668 1624 2724 Nemo
1655 2667 1813 2724 enim

144 2761 211 2818 in
246 2759 598 2817 necessitate
630 2777 744 2815 non
777 2762 965 2832 potest
985 2759 1143 2830 quod
1175 2775 1276 2830 pro
1309 2759 1423 2813 Deo
1455 2774 1570 2812 non
1601 2761 1811 2828 potest.

148 2851 265 2907 Pro
298 2849 628 2906 valetudine
651 2848 911 2920 corporis
943 2847 1096 2904 bibis
1121 2864 1357 2920 aquam,
1375 2847 1633 2919 jcjunas,
1657 2850 1814 2919 pate-

149 2940 239 2997 ris
272 2940 492 2995 ferrum
525 2942 580 2994 et
611 2937 829 3012 ignem,
862 2941 1026 2992 tuam
1057 2936 1278 2992 deseris
1318 2934 1678 2991 voluntatem
1711 2952 1724 2990 :
1760 2939 1816 2990 et

149 3031 284 3086 hac
308 3045 411 3102 pro
434 3029 550 3084 Dec
574 3044 687 3083 non
712 3027 912 3099 potes?
933 3031 1044 3081 Pro
1073 3025 1390 3081 ambitione
1422 3025 1626 3080 'nundi
1660 3023 1813 3079 mili-

150 3124 247 3176 tas
271 3114 519 3173 indutus
541 3117 714 3184 ferro,
737 3116 953 3188 pateris
976 3116 1158 3170 fames
1177 3119 1234 3170 et
1257 3114 1490 3186 frigora,
1510 3113 1739 3169 labores
1759 3117 1816 3169 et

152 3207 453 3274 miserias,
479 3205 687 3277 objicis
735 3210 791 3260 te
839 3203 1116 3277 periculis
1145 3208 1200 3259 et
1233 3203 1426 3259 morti.
1453 3204 1522 3258 Et
1560 3203 1680 3258 haec
1708 3220 1812 3275 pro
1843 3188 1885 3254 C

152 3302 275 3354 Deo
301 3312 414 3352 non
440 3294 646 3368 potes?
675 3295 744 3350 Et
764 3310 944 3366 quare
975 3293 1121 3348 hoc?
1147 3293 1270 3348 Nisi
1304 3292 1442 3365 quia
1469 3292 1602 3364 plus
1643 3309 1815 3347 mun-

153 3387 306 3442 dum
327 3384 630 3458 diligimus
651 3401 828 3456 quam
852 3382 1127 3439 Deum.Si
1146 3381 1304 3438 enim
1325 3381 1458 3453 plus
1473 3381 1563 3437 vel
1583 3385 1814 3438 tantum

153 3479 347 3531 Deum
375 3472 754 3546 diligeremus
798 3475 1086 3544 quantum
1117 3471 1428 3537 mundum,
1451 3469 1583 3542 plus
1615 3487 1813 3542 posse-

155 3579 298 3620 mus
331 3563 450 3634 pati
482 3577 585 3634 pro
617 3561 753 3628 Deo,
789 3561 916 3633 ipso
945 3559 1324 3632 suffragante,
1357 3563 1414 3614 et
1461 3557 1816 3615 conscientia

155 3656 544 3717 consonante,
564 3666 743 3722 quam
793 3666 895 3722 pro
946 3649 1166 3704 mundo
1198 3652 1400 3704 contra
1450 3652 1814 3714 Deum,con-

157 3739 412 3800 seientia
433 3743 632 3796 nostra
665 3738 834 3795 nobis
864 3738 1314 3794 contradicente.
1330 3736 1478 3792 Vera
1498 3736 1811 3809 siquidem,

157 3831 397 3896 fratres,
424 3833 512 3885 est
542 3827 834 3884 sententia
863 3827 1018 3900 quod
1049 3825 1270 3882 amanti
1301 3824 1446 3880 nihil
1479 3825 1735 3892 difficile,
1761 3829 1818 3881 et

160 3918 384 3976 nolenti
415 3917 560 3973 nihil
592 3921 681 3973 est
711 3915 852 3973 leve.
873 3918 1017 3972 Cum
1040 3931 1176 3988 ergo
1201 3913 1481 3970 Dominus
1511 3913 1690 3970 dicit:
1716 3915 1816 3969 Ar-

160 4008 274 4064 dua
293 4015 344 4064 et
361 4015 602 4080 angusta
621 4015 699 4062 est
729 4008 821 4061 via
843 4021 968 4078 quae
985 4005 1137 4060 ducit
1165 4004 1234 4059 ad
1265 4006 1434 4059 vitam
1450 4004 1667 4074 (Matth.
1693 4004 1814 4074 vn),

163 4095 390 4153 nolenti
428 4095 876 4168 intelligendum
909 4098 1178 4150 est.Cum
1229 4110 1361 4148 vero
1413 4093 1818 4161 dicitzlugum

161 4201 348 4241 neeum
367 4201 536 4239 suave
564 4192 659 4250 est,
681 4192 731 4238 et
760 4200 897 4238 onus
927 4199 1108 4239 meum
1139 4183 1250 4237 leve
1271 4181 1476 4251 (Matth.
1501 4183 1583 4249 ιι),
1604 4181 1817 4237 volenti

165 4271 731 4345 subintelligendum
763 4275 868 4327 est.
903 4271 1034 4338 Sed,
1070 4271 1278 4326 fratres
1324 4270 1459 4337 mei,
1491 4287 1625 4325 cum
1665 4270 1818 4327 Deus

166 4361 424 4417 dixerit:
457 4362 518 4416 Si
565 4362 687 4432 quis
743 4361 928 4431 diligit
954 4376 1058 4426 me,
1093 4376 1196 4430 per
1251 4376 1506 4431 prmsens
1563 4363 1815 4432 tempus,

167 4466 351 4523 quare
383 4449 654 4505 similiter
686 4466 788 4522 per
817 4465 1071 4522 praesens
1099 4453 1334 4520 tempus
1366 4465 1478 4503 non
1513 4447 1678 4514 dixit,
1703 4466 1818 4504 ser—

1931 532 2097 604 quasi
2122 532 2450 604 przemium.
2475 534 2759 592 Caeterum
2782 537 2923 609 quid
2954 542 3042 594 est
3063 539 3218 610 quod
3251 537 3345 593 hic
3365 538 3580 594 dicitur

1931 622 2086 694 quod
2105 626 2415 694 postquam
2431 623 2809 683 dilexerimus
2824 632 3027 694 Deum,
3041 632 3098 683 et
3109 644 3438 683 sermonem
3452 629 3582 699 ejus

1931 711 2373 776 servaverimus,
2396 712 2566 767 Pater
2612 715 2816 788 diliget
2865 716 3014 772 nos?
3043 733 3177 772 cum
3216 716 3446 772 dilectio
3478 717 3580 773 Dei

1931 804 2192 856 nostram
2223 801 2537 873 praeveniat
2567 803 2959 872 dilectionem,
2991 810 3140 862 teste
3173 807 3416 874 Joanne,
3450 809 3582 880 quia

1932 888 2144 960 inquit,
2175 890 2270 945 ille
2315 893 2475 962 prior
2531 892 2730 948 dilexit
2753 911 2854 950 nos
2883 897 2931 962 (Ι
2955 899 3119 952 Joan.
3153 895 3251 967 1v).
3284 896 3408 951 Non
3468 899 3578 963 est,

1931 979 2160 1049 fratres,
2194 979 2641 1051 intelligendum
2675 985 2828 1054 quod
2861 988 3174 1056 postquam
3204 985 3579 1042 dilexerimus

1931 1072 2136 1137 Deum,
2170 1067 2294 1140 ipse
2327 1073 2465 1124 tunc
2515 1070 2758 1143 incipiat
2788 1071 3027 1145 diligere
3072 1091 3197 1142 nos,
3232 1075 3332 1130 sed
3383 1076 3578 1147 potius

1929 1156 2056 1228 ipse
2079 1155 2174 1228 qui
2200 1157 2358 1228 prior
2382 1157 2581 1214 dilexit
2602 1176 2707 1216 nos
2737 1166 3048 1234 postquam
3072 1163 3422 1236 incipiemus
3442 1181 3577 1221 eum

1931 1245 2264 1318 diligere,et
2284 1247 2412 1317 ejus
2434 1264 2762 1305 sermonem
2786 1252 3111 1318 observare,
3135 1252 3326 1326 magis
3356 1270 3422 1310 ac
3453 1270 3576 1310 ma-

1931 1333 2021 1407 gis
2051 1335 2319 1390 ostendet
2347 1351 2408 1391 se
2438 1336 2676 1409 diligere
2708 1356 2814 1395 nos
2845 1357 2947 1412 per
2977 1342 3303 1398 uberiorem
3334 1359 3576 1400 suarum

1931 1422 2288 1479 infusionem
2319 1425 2662 1496 gratiarum.
2684 1428 2846 1484 Unde
2876 1434 2932 1485 et
2969 1431 3255 1502 adjunxit,
3277 1439 3329 1488 et
3355 1432 3426 1488 ad
3455 1449 3575 1488 eum

1929 1515 2225 1569 veniemus.
2260 1515 2423 1570 Tunc
2455 1515 2611 1570 enim
2644 1521 2797 1573 Deus
2845 1519 2918 1574 ad
2967 1537 3074 1575 nos
3117 1521 3311 1577 venire
3341 1521 3574 1590 dicitur,

1931 1603 2164 1674 quando
2187 1603 2384 1676 gratiae
2408 1621 2526 1659 suae
2549 1606 2968 1664 abundantiam
2991 1609 3161 1666 nobis
3181 1609 3445 1684 largitur.
3469 1612 3577 1678 Qui

1928 1692 2266 1748 veniemus?
2285 1694 2471 1761 Pater,
2495 1698 2552 1749 et
2571 1711 2676 1767 ego
2699 1696 2901 1763 Filius,
2925 1697 3049 1770 ipse
3070 1715 3303 1772 quoque
3325 1701 3579 1773 Spiritus

1931 1784 2191 1837 sanctus.
2215 1782 2322 1849 Qui
2346 1783 2500 1838 enim
2533 1783 2905 1842 dilectionem
2944 1787 3042 1843 Dei
3075 1788 3268 1855 habet,
3293 1790 3576 1863 Spiritum

1923 1874 2216 1939 sanctum,
2243 1869 2344 1940 qui
2375 1875 2464 1927 est
2503 1889 2669 1928 amor
2715 1875 2902 1931 Patris
2950 1880 3007 1932 et
3053 1877 3200 1946 Filii,
3235 1878 3428 1934 habet.
3463 1881 3576 1937 Sed

1922 1959 2200 2031 quoniam
2232 1960 2303 2015 ad
2347 1962 2634 2032 quosdam
2693 1980 2798 2035 per
2843 1967 3351 2038 compunetionem
3397 1969 3574 2036 venit,

1923 2048 2023 2120 qui
2056 2065 2171 2104 non
2213 2048 2468 2105 finaliter
2498 2049 2772 2123 diligunt,
2807 2055 2906 2109 sed
2949 2059 3210 2128 tempore
3239 2057 3577 2115 tentationis

1921 2137 2262 2209 frigescunt,
2291 2137 2379 2192 vel
2411 2143 2735 2210 tepescunt.
2773 2143 3080 2216 subjungit
3107 2161 3120 2199 :
3146 2150 3213 2201 Et
3237 2149 3578 2204 mansionem

1919 2227 2065 2298 apud
2120 2243 2246 2283 eum
2295 2229 2581 2298 faciemus.
2616 2230 2955 2299 Pensemus,
2991 2233 3218 2302 fratres,
3261 2253 3576 2308 pensemus

1922 2318 2141 2386 quanta
2173 2315 2449 2388 dignitas,
2475 2322 2731 2388 quantus
2763 2319 2948 2376 honor
2978 2328 3197 2394 quanta
3226 2323 3472 2380 dulcedo
3502 2326 3579 2382 sit

1921 2403 2136 2459 habere
2169 2410 2502 2461 manentem
2554 2405 2612 2460 in
2673 2405 2925 2480 hospitio
2957 2411 3149 2468 cordis
3208 2413 3574 2470 Trinitatem.

1921 2497 2082 2549 Certe
2104 2509 2208 2565 per
2233 2511 2428 2550 veram
2462 2494 2834 2552 dilectionem
2857 2503 2913 2554 et
2932 2500 3362 2558 observantiam
3406 2520 3578 2559 man-

1922 2583 2191 2638 datorum
2224 2583 2323 2638 Dei
2357 2586 2584 2638 tantum’
2626 2602 2804 2657 penes
2837 2604 2942 2642 nos
2992 2589 3282 2662 hospitem
3334 2593 3579 2664 suspici-

1923 2687 2085 2726 mus:
2108 2688 2210 2742 per
2227 2677 2691 2743 perseverantem
2711 2675 3064 2732 munditiam
3077 2695 3210 2734 eum
3231 2685 3576 2752 perpetuum

1921 2759 2308 2815 habitatorem
2334 2760 2676 2816 retinemus.
2692 2763 2915 2832 Nonne,
2935 2766 3142 2822 fratres
3160 2768 3296 2835 mei,
3313 2769 3363 2824 si
3382 2785 3576 2843 regem

1921 2847 2325 2920 temporalem,
2343 2849 2392 2904 si
2416 2849 2673 2921 aliquem
2703 2852 3048 2926 principem,
3074 2855 3122 2910 si
3149 2855 3405 2929 aliquem
3428 2859 3580 2915 ami-

1923 2954 2056 2993 cum
2079 2942 2348 2993 nostrum
2365 2938 2747 3010 temporalem
2762 2957 2829 2996 su
2839 2945 3094 3014 seepturi
3106 2962 3370 3002 essemus
3382 2965 3578 3004 nonne

1923 3027 2166 3082 domum
2193 3031 2457 3082 nostram
2487 3029 3018 3100 mundaremus,ne
3049 3032 3246 3106 aliqua
3273 3035 3576 3108 turpitudo

1924 3115 2124 3172 oculos
2150 3116 2425 3172 intrantis
2454 3117 2814 3174 offenderet?
2833 3119 3189 3179 Ornaremus
3219 3125 3398 3180 etiam
3420 3125 3578 3182 festi-

1925 3205 2008 3259 vis
2033 3206 2415 3269 ornamentis,
2431 3209 2487 3260 et
2513 3205 2718 3262 festiva
2747 3224 3088 3279 pararemus
3130 3213 3365 3283 fercula,
3392 3217 3456 3270 ut
3485 3215 3574 3271 in-

1925 3298 2089 3349 trans
2111 3310 2359 3365 persona
2379 3293 2438 3348 in
2463 3299 2659 3351 nostro
2687 3296 2942 3369 hospitio
2963 3299 3364 3358 delectaretur.
3389 3303 3574 3360 Multo

1926 3383 2134 3455 magis,
2152 3383 2379 3453 fratres,
2406 3384 2734 3456 suscepturi
2775 3385 2946 3443 hodie
2973 3405 3075 3460 per
3102 3388 3412 3464 largiorem
3443 3409 3574 3466 gra-

1925 3470 2384 3544 tiam,Spiritum
2408 3478 2698 3539 sanctum,
2719 3474 2835 3531 imo
2867 3480 3046 3532 totam
3079 3479 3444 3551 Trinitatem,
3469 3499 3574 3555 per

1923 3577 2068 3616 verae
2093 3559 2383 3633 lacrymas
2413 3561 2784 3632 pmnitentiae,
2809 3564 3131 3637 hospitium
3163 3569 3355 3626 cordis
3387 3571 3571 3626 nostri

1927 3650 2304 3715 mundemus,
2339 3666 2440 3722 per
2467 3650 2657 3706 varias
2683 3652 2926 3710 virtutes
2957 3673 3253 3727 ornemus,
3288 3676 3392 3731 per
3419 3660 3574 3716 bona

1927 3739 2122 3795 studia
2152 3756 2477 3812 puramque
2515 3743 3066 3814 contemplationem
3101 3751 3210 3804 Deo
3256 3765 3434 3822 penes
3465 3768 3574 3808 nos

1927 3827 2253 3884 convivium
2285 3845 2699 3900 praeparemus,
2728 3836 3019 3902 quatenus
3047 3837 3405 3910 complaceat
3431 3841 3482 3896 ei
3512 3839 3574 3896 in

1926 3917 2095 3973 nobis
2123 3917 2408 3986 habitare,
2430 3923 2487 3973 et
2509 3919 2566 3973 in
2593 3920 2760 3976 nobis
2783 3938 3014 3994 semper
3033 3925 3327 3983 delectari.
3351 3931 3577 3988 Delia}?

1927 4005 2105 4072 enim,
2120 4005 2331 4077 inquit,
2346 4022 2484 4063 mem
2504 4024 2614 4062 esse
2632 4025 2756 4064 cum
2773 4012 2907 4080 ﬁliis
2927 4014 3212 4070 hominum
3229 4021 3568 4088 (Prov.vm).

1929 4093 2163 4150 Scilicet
2194 4093 2470 4165 quoniam
2505 4096 2743 4167 quidam
2774 4104 2930 4167 sunt,
2955 4102 3053 4172 qui
3081 4101 3278 4175 aliqua
3299 4105 3397 4161 Dei
3428 4123 3572 4178 pra:-

1928 4188 2114 4254 cepta,
2147 4181 2234 4238 vel
2266 4198 2332 4237 ex
2363 4183 2552 4238 servili
2587 4185 2816 4257 timore,
2839 4187 2928 4244 vel
2955 4206 3023 4244 ex
3053 4192 3303 4248 naturali
3337 4194 3569 4266 pietate,

1927 4289 2043 4328 non
2073 4287 2141 4328 ex
2168 4287 2304 4326 vera
2333 4271 2432 4326 Dei
2467 4271 2772 4330 dilectione
2803 4293 3030 4334 servare
3056 4279 3345 4350 videntur,
3380 4287 3576 4340 osten-

1928 4362 2015 4416 dit
2045 4361 2337 4416 neminem
2365 4362 2642 4417 mandata
2663 4363 2758 4419 Dei
2785 4383 2954 4437 posse
2975 4368 3313 4441 adimplere,
3335 4371 3458 4429 nisi
3472 4390 3576 4445 per

1927 4467 2122 4507 veram
2155 4449 2525 4505 dilectionem
2553 4468 2686 4506 cum
2710 4454 2946 4510 subdit:
2971 4459 3086 4529 Qui
3115 4475 3225 4514 non
3253 4460 3440 4529 diligit
3466 4477 3571 4527 me,

166 4554 374 4597 mones
397 4554 556 4594 meos
577 4541 787 4604 servat,
807 4537 1003 4609 potius
1019 4553 1196 4608 quam
1223 4536 1513 4592 servabit?
1533 4537 1818 4601 Quoniam
1852 4560 1895 4622 Ι)
1926 4556 2197 4596 sermones
2253 4555 2396 4594 meos
2455 4556 2566 4595 non
2619 4551 2814 4598 servat.
2850 4543 3071 4616 Itaque,
3124 4546 3351 4615 fratres,
3405 4549 3574 4622 quasi

165 4645 304 4685 cum
336 4627 550 4700 aliquis
581 4626 787 4698 incipit
815 4630 997 4681 Deum
1030 4625 1268 4698 diligere
1311 4642 1427 4680 non
1469 4641 1601 4680 mox
1632 4630 1820 4698 potest

167 4718 298 4790 ejus
329 4720 618 4791 praecepta
658 4732 727 4770 ex
770 4714 994 4788 integro
1026 4715 1353 4781 observare,
1379 4715 1478 4770 sed
1512 4713 1816 4786 paulatim,

168 4811 465 4863 crescente
487 4803 816 4875 dilectione,
842 4802 1029 4876 magis
1060 4820 1124 4858 ac
1156 4802 1344 4876 magis
1375 4802 1581 4874 incipit
1602 4819 1728 4858 sese
1759 4804 1818 4857 in

169 4895 572 4952 observatione
621 4893 1033 4948 mandatorum
1084 4893 1184 4948 Dei
1234 4908 1588 4957 assuescere,
1624 4895 1690 4946 ut
1740 4891 1822 4947 ita

170 4983 327 5056 quod
351 4983 538 5056 primo
560 4982 611 5039 ei
645 4982 875 5038 insueto
902 4983 1090 5037 fuerat
1108 4997 1300 5054 grave,
1324 4985 1458 5052 post
1488 4996 1555 5035 ex
1575 4997 1819 5036 consue-

169 5073 376 5129 tudine
407 5074 508 5127 fiat
535 5071 586 5127 ei
617 5088 812 5127 suave.
836 5071 999 5126 Unde
1021 5069 1332 5126 Psalmista
1359 5085 1371 5122 :
1400 5070 1571 5136 Viam,
1607 5069 1818 5142 inquit,

169 5161 554 5218 mandatorum
583 5169 801 5217 tuorum
830 5161 1071 5228 cucurri,
1097 5177 1218 5214 cum
1247 5159 1496 5214 dilatasti
1522 5175 1615 5213 cor
1642 5175 1822 5214 meum

171 5251 342 5323 (Psal.
377 5255 583 5317 cxvm).
607 5251 688 5306 Ad
731 5250 872 5322 quid
917 5266 1051 5305 vero
1083 5248 1315 5303 dilectio
1368 5247 1464 5302 Dei
1520 5248 1820 5318 perducat,

172 5339 428 5397 ostendit
457 5355 592 5394 cum
625 5339 827 5395 subdit
855 5357 873 5394 :
913 5340 978 5394 Et
1006 5340 1168 5393 Pater
1195 5353 1345 5393 meus
1375 5336 1566 5404 diliget
1595 5352 1738 5404 eum,
1772 5346 1824 5393 et

171 5429 241 5486 ad
267 5447 393 5486 eum
420 5431 716 5492 veniemus,
751 5437 803 5483 et
831 5431 1176 5483 mansionem
1206 5426 1351 5498 apud
1381 5442 1502 5480 eum
1533 5427 1818 5496 faciemus.

173 5519 332 5583 Quod
363 5517 520 5574 enim
548 5522 731 5573 Deum
763 5515 1088 5589 diligimus,
1110 5521 1167 5571 et
1195 5516 1324 5586 ejus
1355 5530 1684 5570 sermonem
1709 5532 1823 5570 ser-

174 5623 397 5677 vamus,
413 5611 505 5664 est
536 5605 705 5680 quasi
737 5605 1016 5662 meritum
1047 5609 1335 5663 nostrum.
1361 5604 1521 5670 Quod
1553 5620 1686 5659 vero
1720 5605 1820 5660 Pa-

1930 4628 2094 4700 paria
2123 4631 2280 4695 sunt,
2307 4627 2400 4683 Dei
2425 4627 2678 4702 dilectio,
2705 4635 2762 4686 et
2791 4634 3204 4690 mandatorum
3235 4637 3363 4708 ejus
3385 4638 3579 4695 obser-

1928 4715 2099 4771 vatio.
2128 4715 2290 4771 Sicut
2333 4715 2488 4770 enim
2539 4734 2653 4773 non
2693 4735 2823 4775 vere
2871 4720 3056 4777 Deum
3102 4722 3427 4796 diligimus,
3462 4726 3576 4783 nisi

1930 4805 2207 4859 mandata
2253 4805 2380 4875 ejus
2428 4807 2823 4876 observemus,
2859 4809 2938 4865 ita
2983 4828 3088 4867 nec
3116 4829 3249 4869 vere
3297 4815 3578 4872 mandata

1929 4893 2030 4949 Dei
2091 4893 2496 4960 observamus,
2543 4896 2654 4952 nisi
2711 4915 2845 4953 eum
2903 4899 3240 4974 diligamus.
3281 4903 3575 4976 Quidquid

1929 4981 2084 5037 enim
2116 4986 2205 5037 est
2233 4983 2618 5052 maritorium,
2649 5002 2716 5040 ex
2745 4987 2868 5042 sola
2888 4987 3196 5047 dilectione
3223 4996 3311 5048 est
3340 4994 3575 5050 merito-

1930 5070 2105 5125 rium.
2140 5071 2284 5125 Cum
2326 5077 2520 5127 autem
2563 5076 2767 5131 eadem
2818 5077 2893 5132 sit
2937 5081 3252 5137 auctoritas
3305 5081 3490 5139 Patris
3521 5087 3580 5140 et

1933 5159 2058 5215 Filii
2091 5159 2148 5213 in
2182 5159 2475 5226 omnibus,
2497 5162 2634 5234 quia
2681 5169 2875 5221 tamen
2910 5169 3089 5226 Filius
3146 5188 3214 5226 ex
3270 5171 3436 5228 Patre
3466 5177 3576 5242 est,

1933 5265 2162 5320 semper
2185 5249 2442 5303 defertur
2464 5250 2635 5307 Patri.
2663 5253 2822 5310 Unde
2844 5260 2899 5310 et
2923 5259 3124 5314 subdit
3147 5276 3158 5313 :
3187 5263 3253 5316 Et
3277 5277 3581 5317 sermonem

1931 5355 2090 5409 quem
2120 5338 2353 5392 audistis
2381 5356 2490 5393 non
2519 5348 2781 5411 estme-us,
2808 5347 2899 5400 sed
2928 5347 3042 5418 ejus
3072 5351 3171 5418 qui
3197 5351 3580 5406 mz'sitmePa-

1933 5429 2050 5482 tris.
2088 5429 2148 5481 In
2184 5443 2298 5498 quo
2325 5429 2704 5485 confunditur
2735 5437 3125 5503 quorumdam
3157 5437 3450 5509 Superbia,
3479 5439 3579 5510 qui

1934 5520 2138 5588 putant
2171 5533 2232 5571 se
2263 5515 2481 5587 aliquid
2517 5535 2685 5589 posse
2718 5538 2821 5592 per
2849 5540 2910 5579 se
2941 5525 3100 5593 boni,
3130 5525 3218 5580 vel
3251 5542 3473 5599 sapere,
3495 5527 3582 5582 vel

1934 5606 2091 5678 loqui
2125 5622 2226 5678 per
2257 5621 2337 5660 se.
2363 5606 2469 5672 Qui
2501 5608 2703 5666 dicunt
2729 5627 2741 5666 :
2770 5613 2940 5669 Labia
2967 5622 3156 5671 nostra
3186 5633 3220 5671 a
3249 5616 3406 5673 nobis
3434 5622 3581 5671 sunt.
