  <div class='ocr_page' id='page_1' title='image "/cluster/home/n/w/nwhite01/storage/ocr_20150623/155/hvd.32044054760137/975.png"; bbox 0 0 3982 6082; ppageno 0'>
   <div class='ocr_carea' id='block_1_1' title="bbox 375 272 533 334">
    <p class='ocr_par' dir='ltr' id='par_1_1' title="bbox 375 272 533 334">
     <span class='ocr_line' id='line_1_1' title="bbox 375 272 533 334; baseline -0.019 -1"><span class='ocrx_word' id='word_1_1' title='bbox 375 272 533 334; x_wconf 69' lang='grc'>1943</span> 
     </span>
    </p>
   </div>
   <div class='ocr_carea' id='block_1_2' title="bbox 1387 266 2775 330">
    <p class='ocr_par' dir='ltr' id='par_1_2' title="bbox 1387 266 2775 330">
     <span class='ocr_line' id='line_1_2' title="bbox 1387 266 2775 330; baseline 0.001 -3"><span class='ocrx_word' id='word_1_2' title='bbox 1387 267 1779 328; x_wconf 86' lang='lat' dir='ltr'>ADDENDA.</span> <span class='ocrx_word' id='word_1_3' title='bbox 1813 300 1893 310; x_wconf 91' lang='lat'>——</span> <span class='ocrx_word' id='word_1_4' title='bbox 1921 266 2321 330; x_wconf 82' lang='lat' dir='ltr'>RADULPIlI</span> <span class='ocrx_word' id='word_1_5' title='bbox 2361 267 2775 330; x_wconf 80' lang='lat' dir='ltr'>ARDENTIS.</span> 
     </span>
    </p>
   </div>
   <div class='ocr_carea' id='block_1_3' title="bbox 375 399 3822 478">
    <p class='ocr_par' dir='ltr' id='par_1_3' title="bbox 375 399 3822 478">
     <span class='ocr_line' id='line_1_3' title="bbox 375 399 3822 478; baseline -0.001 -16"><span class='ocrx_word' id='word_1_6' title='bbox 375 405 499 478; x_wconf 89' lang='lat' dir='ltr'>quis</span> <span class='ocrx_word' id='word_1_7' title='bbox 543 411 727 460; x_wconf 84' lang='lat' dir='ltr'>noster</span> <span class='ocrx_word' id='word_1_8' title='bbox 773 402 1036 459; x_wconf 87' lang='lat' dir='ltr'>Dominus</span> <span class='ocrx_word' id='word_1_9' title='bbox 1065 400 1186 459; x_wconf 81' lang='lat' dir='ltr'>est?</span> <span class='ocrx_word' id='word_1_10' title='bbox 1208 402 1380 476; x_wconf 89' lang='lat' dir='ltr'>(Psal.</span> <span class='ocrx_word' id='word_1_11' title='bbox 1408 401 1494 475; x_wconf 83' lang='grc' dir='ltr'>ιι.)</span> <span class='ocrx_word' id='word_1_12' title='bbox 1519 401 1827 467; x_wconf 85' lang='lat' dir='ltr'>Erubesce,</span> <span class='ocrx_word' id='word_1_13' title='bbox 1862 399 2018 457; x_wconf 89' lang='lat' dir='ltr'>inso-</span> <span class='ocrx_word' id='word_1_14' title='bbox 2049 401 2105 468; x_wconf 81' lang='grc' dir='ltr'><strong>Α</strong></span> <span class='ocrx_word' id='word_1_15' title='bbox 2135 404 2199 456; x_wconf 92' lang='lat' dir='ltr'>ut</span> <span class='ocrx_word' id='word_1_16' title='bbox 2228 401 2450 457; x_wconf 82' lang='lat' dir='ltr'>scilicet</span> <span class='ocrx_word' id='word_1_17' title='bbox 2468 405 2524 458; x_wconf 93' lang='lat' dir='ltr'>et</span> <span class='ocrx_word' id='word_1_18' title='bbox 2551 402 2971 474; x_wconf 89' lang='lat' dir='ltr'>hic,quantum</span> <span class='ocrx_word' id='word_1_19' title='bbox 3003 403 3285 478; x_wconf 85' lang='lat' dir='ltr'>possibile</span> <span class='ocrx_word' id='word_1_20' title='bbox 3314 405 3424 471; x_wconf 88' lang='lat' dir='ltr'>est,</span> <span class='ocrx_word' id='word_1_21' title='bbox 3447 420 3674 477; x_wconf 84' lang='lat' dir='ltr'>pacem</span> <span class='ocrx_word' id='word_1_22' title='bbox 3709 403 3822 462; x_wconf 86' lang='lat' dir='ltr'>ha-</span> 
     </span>
    </p>
   </div>
   <div class='ocr_carea' id='block_1_4' title="bbox 375 490 2026 563">
    <p class='ocr_par' dir='ltr' id='par_1_4' title="bbox 375 490 2026 563">
     <span class='ocr_line' id='line_1_4' title="bbox 375 490 2026 563; baseline -0.004 -11"><span class='ocrx_word' id='word_1_23' title='bbox 375 494 504 552; x_wconf 89' lang='lat' dir='ltr'>lens</span> <span class='ocrx_word' id='word_1_24' title='bbox 521 493 756 561; x_wconf 83' lang='lat' dir='ltr'>vermis,</span> <span class='ocrx_word' id='word_1_25' title='bbox 781 492 966 548; x_wconf 86' lang='lat' dir='ltr'>Filius</span> <span class='ocrx_word' id='word_1_26' title='bbox 1005 492 1105 548; x_wconf 88' lang='lat' dir='ltr'>Dei</span> <span class='ocrx_word' id='word_1_27' title='bbox 1136 492 1276 547; x_wconf 86' lang='lat' dir='ltr'>dicit</span> <span class='ocrx_word' id='word_1_28' title='bbox 1324 509 1384 548; x_wconf 89' lang='lat' dir='ltr'>se</span> <span class='ocrx_word' id='word_1_29' title='bbox 1433 509 1539 547; x_wconf 91' lang='lat' dir='ltr'>nec</span> <span class='ocrx_word' id='word_1_30' title='bbox 1586 490 1769 563; x_wconf 87' lang='lat' dir='ltr'>loqui,</span> <span class='ocrx_word' id='word_1_31' title='bbox 1803 507 1906 547; x_wconf 92' lang='lat' dir='ltr'>nec</span> <span class='ocrx_word' id='word_1_32' title='bbox 1937 507 2026 546; x_wconf 89' lang='lat' dir='ltr'>sa-</span> 
     </span>
    </p>
   </div>
   <div class='ocr_carea' id='block_1_5' title="bbox 377 581 2028 658">
    <p class='ocr_par' dir='ltr' id='par_1_5' title="bbox 377 581 2028 658">
     <span class='ocr_line' id='line_1_5' title="bbox 377 581 2028 658; baseline -0.004 -18"><span class='ocrx_word' id='word_1_33' title='bbox 377 600 534 658; x_wconf 84' lang='lat' dir='ltr'>pere.</span> <span class='ocrx_word' id='word_1_34' title='bbox 558 599 664 638; x_wconf 91' lang='lat' dir='ltr'>nec</span> <span class='ocrx_word' id='word_1_35' title='bbox 694 598 864 654; x_wconf 86' lang='lat' dir='ltr'>posse</span> <span class='ocrx_word' id='word_1_36' title='bbox 895 581 1115 653; x_wconf 90' lang='lat' dir='ltr'>aliquid</span> <span class='ocrx_word' id='word_1_37' title='bbox 1149 598 1217 636; x_wconf 91' lang='lat' dir='ltr'>ex</span> <span class='ocrx_word' id='word_1_38' title='bbox 1250 597 1332 650; x_wconf 88' lang='lat' dir='ltr'>se,</span> <span class='ocrx_word' id='word_1_39' title='bbox 1363 584 1418 636; x_wconf 88' lang='lat' dir='ltr'>et</span> <span class='ocrx_word' id='word_1_40' title='bbox 1446 585 1509 636; x_wconf 87' lang='lat' dir='ltr'>tu</span> <span class='ocrx_word' id='word_1_41' title='bbox 1539 581 1853 636; x_wconf 87' lang='lat' dir='ltr'>homuncio</span> <span class='ocrx_word' id='word_1_42' title='bbox 1888 598 2028 652; x_wconf 84' lang='lat' dir='ltr'>prae-</span> 
     </span>
    </p>
   </div>
   <div class='ocr_carea' id='block_1_6' title="bbox 381 669 1935 743">
    <p class='ocr_par' dir='ltr' id='par_1_6' title="bbox 381 669 1935 743">
     <span class='ocr_line' id='line_1_6' title="bbox 381 669 1935 743; baseline -0.003 -14"><span class='ocrx_word' id='word_1_43' title='bbox 381 671 570 730; x_wconf 89' lang='lat' dir='ltr'>sumis</span> <span class='ocrx_word' id='word_1_44' title='bbox 599 669 818 742; x_wconf 89' lang='lat' dir='ltr'>aliquid</span> <span class='ocrx_word' id='word_1_45' title='bbox 849 671 984 726; x_wconf 91' lang='lat' dir='ltr'>boni</span> <span class='ocrx_word' id='word_1_46' title='bbox 1015 687 1084 725; x_wconf 93' lang='lat' dir='ltr'>ex</span> <span class='ocrx_word' id='word_1_47' title='bbox 1114 674 1170 725; x_wconf 89' lang='lat' dir='ltr'>te</span> <span class='ocrx_word' id='word_1_48' title='bbox 1200 687 1370 743; x_wconf 88' lang='lat' dir='ltr'>posse</span> <span class='ocrx_word' id='word_1_49' title='bbox 1401 687 1604 742; x_wconf 84' lang='lat' dir='ltr'>sapere</span> <span class='ocrx_word' id='word_1_50' title='bbox 1632 669 1720 724; x_wconf 92' lang='lat' dir='ltr'>vel</span> <span class='ocrx_word' id='word_1_51' title='bbox 1751 669 1935 741; x_wconf 87' lang='lat' dir='ltr'>loqui!</span> 
     </span>
    </p>
   </div>
   <div class='ocr_carea' id='block_1_7' title="bbox 454 757 2028 833">
    <p class='ocr_par' dir='ltr' id='par_1_7' title="bbox 454 757 2028 833">
     <span class='ocr_line' id='line_1_7' title="bbox 454 757 2028 833; baseline -0.004 -15"><span class='ocrx_word' id='word_1_52' title='bbox 454 760 731 833; x_wconf 82' lang='lat' dir='ltr'>Sequitur</span> <span class='ocrx_word' id='word_1_53' title='bbox 749 776 885 832; x_wconf 84' lang='lat' dir='ltr'>pars</span> <span class='ocrx_word' id='word_1_54' title='bbox 909 760 1162 815; x_wconf 82' lang='lat' dir='ltr'>secunda</span> <span class='ocrx_word' id='word_1_55' title='bbox 1191 757 1250 813; x_wconf 91' lang='lat' dir='ltr'>in</span> <span class='ocrx_word' id='word_1_56' title='bbox 1274 776 1389 830; x_wconf 82' lang='lat' dir='ltr'>qua</span> <span class='ocrx_word' id='word_1_57' title='bbox 1411 758 1699 830; x_wconf 79' lang='lat' dir='ltr'>promittit</span> <span class='ocrx_word' id='word_1_58' title='bbox 1724 757 2028 829; x_wconf 85' lang='lat' dir='ltr'>discipulis</span> 
     </span>
    </p>
   </div>
   <div class='ocr_carea' id='block_1_8' title="bbox 385 848 2030 924">
    <p class='ocr_par' dir='ltr' id='par_1_8' title="bbox 385 848 2030 924">
     <span class='ocr_line' id='line_1_8' title="bbox 385 848 2030 924; baseline -0.004 -17"><span class='ocrx_word' id='word_1_59' title='bbox 385 849 670 924; x_wconf 88' lang='lat' dir='ltr'>Spiritum</span> <span class='ocrx_word' id='word_1_60' title='bbox 701 853 992 913; x_wconf 87' lang='lat' dir='ltr'>sanctum,</span> <span class='ocrx_word' id='word_1_61' title='bbox 1019 849 1255 904; x_wconf 90' lang='lat' dir='ltr'>dicens:</span> <span class='ocrx_word' id='word_1_62' title='bbox 1288 853 1422 905; x_wconf 59' lang='lat' dir='ltr'>Haec</span> <span class='ocrx_word' id='word_1_63' title='bbox 1465 849 1672 904; x_wconf 83' lang='lat' dir='ltr'>locutus</span> <span class='ocrx_word' id='word_1_64' title='bbox 1715 864 1840 903; x_wconf 87' lang='lat' dir='ltr'>sum</span> <span class='ocrx_word' id='word_1_65' title='bbox 1882 848 2030 902; x_wconf 88' lang='lat' dir='ltr'>vobis</span> 
     </span>
    </p>
   </div>
   <div class='ocr_carea' id='block_1_9' title="bbox 386 935 2028 1012">
    <p class='ocr_par' dir='ltr' id='par_1_9' title="bbox 386 935 2028 1012">
     <span class='ocr_line' id='line_1_9' title="bbox 386 935 2028 1012; baseline -0.004 -15"><span class='ocrx_word' id='word_1_66' title='bbox 386 939 532 1012; x_wconf 77' lang='lat' dir='ltr'>apud</span> <span class='ocrx_word' id='word_1_67' title='bbox 553 955 640 996; x_wconf 93' lang='lat' dir='ltr'>vos</span> <span class='ocrx_word' id='word_1_68' title='bbox 658 953 906 994; x_wconf 83' lang='lat' dir='ltr'>manens.</span> <span class='ocrx_word' id='word_1_69' title='bbox 921 939 1240 994; x_wconf 82' lang='lat' dir='ltr'>Paracletus</span> <span class='ocrx_word' id='word_1_70' title='bbox 1255 946 1454 1001; x_wconf 88' lang='lat' dir='ltr'>autem,</span> <span class='ocrx_word' id='word_1_71' title='bbox 1471 942 1579 992; x_wconf 91' lang='lat' dir='ltr'>etc.</span> <span class='ocrx_word' id='word_1_72' title='bbox 1595 937 1770 1003; x_wconf 84' lang='lat' dir='ltr'>Quasi</span> <span class='ocrx_word' id='word_1_73' title='bbox 1792 935 2028 991; x_wconf 84' lang='lat' dir='ltr'>diceret:</span> 
     </span>
    </p>
   </div>
   <div class='ocr_carea' id='block_1_10' title="bbox 387 1025 2034 1100">
    <p class='ocr_par' dir='ltr' id='par_1_10' title="bbox 387 1025 2034 1100">
     <span class='ocr_line' id='line_1_10' title="bbox 387 1025 2034 1100; baseline -0.005 -14"><span class='ocrx_word' id='word_1_74' title='bbox 387 1031 539 1086; x_wconf 90' lang='lat' dir='ltr'>Dum</span> <span class='ocrx_word' id='word_1_75' title='bbox 561 1026 938 1100; x_wconf 82' lang='lat' dir='ltr'>corporaliter</span> <span class='ocrx_word' id='word_1_76' title='bbox 957 1027 1256 1082; x_wconf 87' lang='lat' dir='ltr'>vobiscum</span> <span class='ocrx_word' id='word_1_77' title='bbox 1280 1043 1509 1093; x_wconf 90' lang='lat' dir='ltr'>maneo,</span> <span class='ocrx_word' id='word_1_78' title='bbox 1531 1025 1651 1080; x_wconf 82' lang='lat' dir='ltr'>haec</span> <span class='ocrx_word' id='word_1_79' title='bbox 1675 1042 1862 1097; x_wconf 91' lang='lat' dir='ltr'>pauca</span> <span class='ocrx_word' id='word_1_80' title='bbox 1879 1025 2034 1079; x_wconf 88' lang='lat' dir='ltr'>locu-</span> 
     </span>
    </p>
   </div>
   <div class='ocr_carea' id='block_1_11' title="bbox 386 1113 2030 1183">
    <p class='ocr_par' dir='ltr' id='par_1_11' title="bbox 386 1113 2030 1183">
     <span class='ocr_line' id='line_1_11' title="bbox 386 1113 2030 1183; baseline -0.005 -9"><span class='ocrx_word' id='word_1_81' title='bbox 386 1122 484 1174; x_wconf 90' lang='lat' dir='ltr'>tus</span> <span class='ocrx_word' id='word_1_82' title='bbox 505 1134 637 1173; x_wconf 89' lang='lat' dir='ltr'>sum</span> <span class='ocrx_word' id='word_1_83' title='bbox 657 1115 850 1183; x_wconf 82' lang='lat' dir='ltr'>vobis;</span> <span class='ocrx_word' id='word_1_84' title='bbox 875 1132 1007 1170; x_wconf 91' lang='lat' dir='ltr'>cum</span> <span class='ocrx_word' id='word_1_85' title='bbox 1032 1115 1218 1170; x_wconf 90' lang='lat' dir='ltr'>multa</span> <span class='ocrx_word' id='word_1_86' title='bbox 1238 1115 1512 1170; x_wconf 79' lang='lat' dir='ltr'>haberem</span> <span class='ocrx_word' id='word_1_87' title='bbox 1535 1115 1726 1170; x_wconf 85' lang='lat' dir='ltr'>adhuc</span> <span class='ocrx_word' id='word_1_88' title='bbox 1750 1113 1911 1169; x_wconf 84' lang='lat' dir='ltr'>vobis</span> <span class='ocrx_word' id='word_1_89' title='bbox 1942 1113 2030 1167; x_wconf 88' lang='lat' dir='ltr'>di-</span> 
     </span>
    </p>
   </div>
   <div class='ocr_carea' id='block_1_12' title="bbox 386 1204 2031 1278">
    <p class='ocr_par' dir='ltr' id='par_1_12' title="bbox 386 1204 2031 1278">
     <span class='ocr_line' id='line_1_12' title="bbox 386 1204 2031 1278; baseline -0.004 -14"><span class='ocrx_word' id='word_1_90' title='bbox 386 1223 534 1275; x_wconf 85' lang='lat' dir='ltr'>cere,</span> <span class='ocrx_word' id='word_1_91' title='bbox 559 1205 609 1262; x_wconf 92' lang='lat' dir='ltr'>si</span> <span class='ocrx_word' id='word_1_92' title='bbox 641 1204 891 1278; x_wconf 87' lang='lat' dir='ltr'>possetis</span> <span class='ocrx_word' id='word_1_93' title='bbox 919 1209 1168 1276; x_wconf 88' lang='lat' dir='ltr'>portare.</span> <span class='ocrx_word' id='word_1_94' title='bbox 1200 1205 1309 1260; x_wconf 90' lang='lat' dir='ltr'>Sed</span> <span class='ocrx_word' id='word_1_95' title='bbox 1336 1204 1592 1276; x_wconf 87' lang='lat' dir='ltr'>Spiritus</span> <span class='ocrx_word' id='word_1_96' title='bbox 1621 1207 1880 1268; x_wconf 87' lang='lat' dir='ltr'>sanctus,</span> <span class='ocrx_word' id='word_1_97' title='bbox 1905 1219 2031 1274; x_wconf 73' lang='lat' dir='ltr'>quae</span> 
     </span>
    </p>
   </div>
   <div class='ocr_carea' id='block_1_13' title="bbox 389 1291 2035 1365">
    <p class='ocr_par' dir='ltr' id='par_1_13' title="bbox 389 1291 2035 1365">
     <span class='ocr_line' id='line_1_13' title="bbox 389 1291 2035 1365; baseline -0.004 -13"><span class='ocrx_word' id='word_1_98' title='bbox 389 1296 586 1352; x_wconf 88' lang='lat' dir='ltr'>minus</span> <span class='ocrx_word' id='word_1_99' title='bbox 617 1294 735 1350; x_wconf 84' lang='lat' dir='ltr'>dixi</span> <span class='ocrx_word' id='word_1_100' title='bbox 757 1293 940 1360; x_wconf 88' lang='lat' dir='ltr'>vobis,</span> <span class='ocrx_word' id='word_1_101' title='bbox 967 1292 1281 1365; x_wconf 87' lang='lat' dir='ltr'>supplebit,</span> <span class='ocrx_word' id='word_1_102' title='bbox 1308 1293 1454 1348; x_wconf 87' lang='lat' dir='ltr'>dans</span> <span class='ocrx_word' id='word_1_103' title='bbox 1475 1291 1651 1347; x_wconf 90' lang='lat' dir='ltr'>etiam</span> <span class='ocrx_word' id='word_1_104' title='bbox 1671 1292 1835 1347; x_wconf 89' lang='lat' dir='ltr'>vobis</span> <span class='ocrx_word' id='word_1_105' title='bbox 1857 1292 2035 1363; x_wconf 84' lang='lat' dir='ltr'>majo-</span> 
     </span>
    </p>
   </div>
   <div class='ocr_carea' id='block_1_14' title="bbox 389 1380 2032 1455">
    <p class='ocr_par' dir='ltr' id='par_1_14' title="bbox 389 1380 2032 1455">
     <span class='ocr_line' id='line_1_14' title="bbox 389 1380 2032 1455; baseline -0.004 -14"><span class='ocrx_word' id='word_1_106' title='bbox 389 1402 514 1441; x_wconf 85' lang='lat' dir='ltr'>rem</span> <span class='ocrx_word' id='word_1_107' title='bbox 535 1381 899 1455; x_wconf 86' lang='lat' dir='ltr'>intelligendi</span> <span class='ocrx_word' id='word_1_108' title='bbox 926 1381 1520 1454; x_wconf 88' lang='lat' dir='ltr'>capacitatem.Vocat</span> <span class='ocrx_word' id='word_1_109' title='bbox 1548 1385 1744 1436; x_wconf 89' lang='lat' dir='ltr'>autem</span> <span class='ocrx_word' id='word_1_110' title='bbox 1774 1396 1907 1436; x_wconf 91' lang='lat' dir='ltr'>eum</span> <span class='ocrx_word' id='word_1_111' title='bbox 1938 1380 2032 1435; x_wconf 91' lang='lat' dir='ltr'>Pa-</span> 
     </span>
    </p>
   </div>
   <div class='ocr_carea' id='block_1_15' title="bbox 389 1467 2034 1542">
    <p class='ocr_par' dir='ltr' id='par_1_15' title="bbox 389 1467 2034 1542">
     <span class='ocr_line' id='line_1_15' title="bbox 389 1467 2034 1542; baseline -0.004 -12"><span class='ocrx_word' id='word_1_112' title='bbox 389 1473 696 1539; x_wconf 84' lang='lat' dir='ltr'>racletum,</span> <span class='ocrx_word' id='word_1_113' title='bbox 734 1471 792 1526; x_wconf 89' lang='lat' dir='ltr'>id</span> <span class='ocrx_word' id='word_1_114' title='bbox 823 1475 913 1527; x_wconf 90' lang='lat' dir='ltr'>est</span> <span class='ocrx_word' id='word_1_115' title='bbox 941 1469 1682 1542; x_wconf 89' lang='lat' dir='ltr'>consolatorem,quoniam</span> <span class='ocrx_word' id='word_1_116' title='bbox 1715 1467 2034 1541; x_wconf 88' lang='lat' dir='ltr'>discipulos</span> 
     </span>
    </p>
   </div>
   <div class='ocr_carea' id='block_1_16' title="bbox 389 1558 2036 1626">
    <p class='ocr_par' dir='ltr' id='par_1_16' title="bbox 389 1558 2036 1626">
     <span class='ocr_line' id='line_1_16' title="bbox 389 1558 2036 1626; baseline -0.004 -7"><span class='ocrx_word' id='word_1_117' title='bbox 389 1564 462 1620; x_wconf 88' lang='lat' dir='ltr'>de</span> <span class='ocrx_word' id='word_1_118' title='bbox 492 1578 728 1618; x_wconf 89' lang='lat' dir='ltr'>recessu</span> <span class='ocrx_word' id='word_1_119' title='bbox 760 1563 994 1616; x_wconf 77' lang='lat' dir='ltr'>mmstos</span> <span class='ocrx_word' id='word_1_120' title='bbox 1025 1565 1149 1617; x_wconf 82' lang='lat' dir='ltr'>erat</span> <span class='ocrx_word' id='word_1_121' title='bbox 1179 1559 1608 1626; x_wconf 82' lang='lat' dir='ltr'>consolaturus,</span> <span class='ocrx_word' id='word_1_122' title='bbox 1630 1558 1827 1614; x_wconf 90' lang='lat' dir='ltr'>minus</span> <span class='ocrx_word' id='word_1_123' title='bbox 1858 1558 2036 1614; x_wconf 85' lang='lat' dir='ltr'>fortes</span> 
     </span>
    </p>
   </div>
   <div class='ocr_carea' id='block_1_17' title="bbox 389 1647 2035 1716">
    <p class='ocr_par' dir='ltr' id='par_1_17' title="bbox 389 1647 2035 1716">
     <span class='ocr_line' id='line_1_17' title="bbox 389 1647 2035 1716; baseline -0.005 -7"><span class='ocrx_word' id='word_1_124' title='bbox 389 1651 847 1716; x_wconf 87' lang='lat' dir='ltr'>confortaturus,</span> <span class='ocrx_word' id='word_1_125' title='bbox 871 1649 1069 1704; x_wconf 91' lang='lat' dir='ltr'>minus</span> <span class='ocrx_word' id='word_1_126' title='bbox 1099 1650 1302 1704; x_wconf 91' lang='lat' dir='ltr'>doctos</span> <span class='ocrx_word' id='word_1_127' title='bbox 1325 1649 1684 1714; x_wconf 89' lang='lat' dir='ltr'>eruditurus,</span> <span class='ocrx_word' id='word_1_128' title='bbox 1710 1663 1813 1702; x_wconf 90' lang='lat' dir='ltr'>nec</span> <span class='ocrx_word' id='word_1_129' title='bbox 1844 1647 2035 1703; x_wconf 89' lang='lat' dir='ltr'>solum</span> 
     </span>
    </p>
   </div>
   <div class='ocr_carea' id='block_1_18' title="bbox 391 1737 2036 1810">
    <p class='ocr_par' dir='ltr' id='par_1_18' title="bbox 391 1737 2036 1810">
     <span class='ocr_line' id='line_1_18' title="bbox 391 1737 2036 1810; baseline -0.005 -12"><span class='ocrx_word' id='word_1_130' title='bbox 391 1745 589 1798; x_wconf 77' lang='lat' dir='ltr'>autem</span> <span class='ocrx_word' id='word_1_131' title='bbox 608 1739 843 1808; x_wconf 89' lang='lat' dir='ltr'>eos,sed</span> <span class='ocrx_word' id='word_1_132' title='bbox 867 1739 1040 1794; x_wconf 88' lang='lat' dir='ltr'>etiam</span> <span class='ocrx_word' id='word_1_133' title='bbox 1065 1737 1357 1809; x_wconf 90' lang='lat' dir='ltr'>quoslibet</span> <span class='ocrx_word' id='word_1_134' title='bbox 1378 1737 1468 1810; x_wconf 91' lang='lat' dir='ltr'>pie</span> <span class='ocrx_word' id='word_1_135' title='bbox 1491 1737 1834 1792; x_wconf 87' lang='lat' dir='ltr'>credituros.</span> <span class='ocrx_word' id='word_1_136' title='bbox 1861 1737 2036 1791; x_wconf 85' lang='lat' dir='ltr'>Eum-</span> 
     </span>
    </p>
   </div>
   <div class='ocr_carea' id='block_1_19' title="bbox 393 1824 2042 1898">
    <p class='ocr_par' dir='ltr' id='par_1_19' title="bbox 393 1824 2042 1898">
     <span class='ocr_line' id='line_1_19' title="bbox 393 1824 2042 1898; baseline -0.004 -11"><span class='ocrx_word' id='word_1_137' title='bbox 393 1831 527 1888; x_wconf 89' lang='lat' dir='ltr'>dem</span> <span class='ocrx_word' id='word_1_138' title='bbox 557 1830 734 1886; x_wconf 89' lang='lat' dir='ltr'>etiam</span> <span class='ocrx_word' id='word_1_139' title='bbox 760 1831 930 1883; x_wconf 89' lang='lat' dir='ltr'>vocat</span> <span class='ocrx_word' id='word_1_140' title='bbox 975 1827 1256 1898; x_wconf 86' lang='lat' dir='ltr'>Spiritum</span> <span class='ocrx_word' id='word_1_141' title='bbox 1290 1830 1581 1892; x_wconf 88' lang='lat' dir='ltr'>sanctum,</span> <span class='ocrx_word' id='word_1_142' title='bbox 1607 1825 1746 1897; x_wconf 83' lang='lat' dir='ltr'>quia</span> <span class='ocrx_word' id='word_1_143' title='bbox 1792 1824 2042 1896; x_wconf 90' lang='lat' dir='ltr'>inspirat</span> 
     </span>
    </p>
   </div>
   <div class='ocr_carea' id='block_1_20' title="bbox 390 1913 2038 1988">
    <p class='ocr_par' dir='ltr' id='par_1_20' title="bbox 390 1913 2038 1988">
     <span class='ocr_line' id='line_1_20' title="bbox 390 1913 2038 1988; baseline -0.006 -10"><span class='ocrx_word' id='word_1_144' title='bbox 390 1919 786 1979; x_wconf 75' lang='lat' dir='ltr'>sanctitatem.</span> <span class='ocrx_word' id='word_1_145' title='bbox 821 1915 1112 1988; x_wconf 87' lang='lat' dir='ltr'>Quidquid</span> <span class='ocrx_word' id='word_1_146' title='bbox 1161 1916 1319 1972; x_wconf 88' lang='lat' dir='ltr'>enim</span> <span class='ocrx_word' id='word_1_147' title='bbox 1367 1914 1717 1984; x_wconf 84' lang='lat' dir='ltr'>sanctitatis,</span> <span class='ocrx_word' id='word_1_148' title='bbox 1755 1913 2038 1986; x_wconf 83' lang='lat' dir='ltr'>quidquid</span> 
     </span>
    </p>
   </div>
   <div class='ocr_carea' id='block_1_21' title="bbox 393 2002 2040 2077">
    <p class='ocr_par' dir='ltr' id='par_1_21' title="bbox 393 2002 2040 2077">
     <span class='ocr_line' id='line_1_21' title="bbox 393 2002 2040 2077; baseline -0.005 -12"><span class='ocrx_word' id='word_1_149' title='bbox 393 2006 672 2066; x_wconf 69' lang='lat' dir='ltr'>uanitatis</span> <span class='ocrx_word' id='word_1_150' title='bbox 692 2006 869 2061; x_wconf 91' lang='lat' dir='ltr'>homo</span> <span class='ocrx_word' id='word_1_151' title='bbox 887 2005 1084 2071; x_wconf 86' lang='lat' dir='ltr'>habet,</span> <span class='ocrx_word' id='word_1_152' title='bbox 1109 2004 1329 2077; x_wconf 89' lang='lat' dir='ltr'>Spiritu</span> <span class='ocrx_word' id='word_1_153' title='bbox 1353 2009 1554 2060; x_wconf 87' lang='lat' dir='ltr'>sancto</span> <span class='ocrx_word' id='word_1_154' title='bbox 1581 2003 1906 2076; x_wconf 87' lang='lat' dir='ltr'>inspirante</span> <span class='ocrx_word' id='word_1_155' title='bbox 1937 2002 2040 2057; x_wconf 81' lang='lat' dir='ltr'>ha-</span> 
     </span>
    </p>
   </div>
   <div class='ocr_carea' id='block_1_22' title="bbox 380 2091 2037 2165">
    <p class='ocr_par' dir='ltr' id='par_1_22' title="bbox 380 2091 2037 2165">
     <span class='ocr_line' id='line_1_22' title="bbox 380 2091 2037 2165; baseline -0.005 -10"><span class='ocrx_word' id='word_1_156' title='bbox 380 2101 512 2156; x_wconf 79' lang='lat' dir='ltr'>‘not.</span> <span class='ocrx_word' id='word_1_157' title='bbox 541 2097 708 2165; x_wconf 84' lang='lat' dir='ltr'>Quem</span> <span class='ocrx_word' id='word_1_158' title='bbox 733 2097 910 2150; x_wconf 79' lang='lat' dir='ltr'>mittet</span> <span class='ocrx_word' id='word_1_159' title='bbox 958 2100 1119 2150; x_wconf 87' lang='lat' dir='ltr'>Pater</span> <span class='ocrx_word' id='word_1_160' title='bbox 1147 2096 1204 2150; x_wconf 86' lang='lat' dir='ltr'>in</span> <span class='ocrx_word' id='word_1_161' title='bbox 1236 2096 1460 2150; x_wconf 79' lang='lat' dir='ltr'>nomine</span> <span class='ocrx_word' id='word_1_162' title='bbox 1503 2110 1641 2149; x_wconf 90' lang='lat' dir='ltr'>meo.</span> <span class='ocrx_word' id='word_1_163' title='bbox 1669 2092 1817 2147; x_wconf 89' lang='lat' dir='ltr'>Alibi</span> <span class='ocrx_word' id='word_1_164' title='bbox 1859 2091 2037 2146; x_wconf 86' lang='lat' dir='ltr'>dicit:</span> 
     </span>
    </p>
   </div>
   <div class='ocr_carea' id='block_1_23' title="bbox 397 2180 2045 2257">
    <p class='ocr_par' dir='ltr' id='par_1_23' title="bbox 397 2180 2045 2257">
     <span class='ocr_line' id='line_1_23' title="bbox 397 2180 2045 2257; baseline -0.004 -16"><span class='ocrx_word' id='word_1_165' title='bbox 397 2187 566 2255; x_wconf 84' lang='lat' dir='ltr'>Quem</span> <span class='ocrx_word' id='word_1_166' title='bbox 588 2200 683 2257; x_wconf 88' lang='lat' dir='ltr'>ego</span> <span class='ocrx_word' id='word_1_167' title='bbox 709 2185 926 2239; x_wconf 84' lang='lat' dir='ltr'>mittam</span> <span class='ocrx_word' id='word_1_168' title='bbox 951 2183 1098 2238; x_wconf 84' lang='lat' dir='ltr'>vobis</span> <span class='ocrx_word' id='word_1_169' title='bbox 1129 2200 1164 2238; x_wconf 92' lang='lat' dir='ltr'>a</span> <span class='ocrx_word' id='word_1_170' title='bbox 1189 2184 1350 2238; x_wconf 81' lang='lat' dir='ltr'>Patre</span> <span class='ocrx_word' id='word_1_171' title='bbox 1373 2182 1546 2254; x_wconf 87' lang='lat' dir='ltr'>(Joan.</span> <span class='ocrx_word' id='word_1_172' title='bbox 1573 2181 1686 2252; x_wconf 88' lang='lat' dir='ltr'>xv).</span> <span class='ocrx_word' id='word_1_173' title='bbox 1711 2181 1792 2235; x_wconf 88' lang='lat' dir='ltr'>Ex</span> <span class='ocrx_word' id='word_1_174' title='bbox 1813 2197 1929 2251; x_wconf 89' lang='lat' dir='ltr'>quo</span> <span class='ocrx_word' id='word_1_175' title='bbox 1952 2180 2045 2235; x_wconf 90' lang='lat' dir='ltr'>de-</span> 
     </span>
    </p>
   </div>
   <div class='ocr_carea' id='block_1_24' title="bbox 397 2269 2042 2343">
    <p class='ocr_par' dir='ltr' id='par_1_24' title="bbox 397 2269 2042 2343">
     <span class='ocr_line' id='line_1_24' title="bbox 397 2269 2042 2343; baseline -0.005 -12"><span class='ocrx_word' id='word_1_176' title='bbox 397 2277 762 2331; x_wconf 80' lang='lat' dir='ltr'>monstratur</span> <span class='ocrx_word' id='word_1_177' title='bbox 795 2271 1071 2343; x_wconf 89' lang='lat' dir='ltr'>quoniam</span> <span class='ocrx_word' id='word_1_178' title='bbox 1103 2270 1386 2343; x_wconf 89' lang='lat' dir='ltr'>Spiritum</span> <span class='ocrx_word' id='word_1_179' title='bbox 1419 2273 1691 2326; x_wconf 89' lang='lat' dir='ltr'>sanctum</span> <span class='ocrx_word' id='word_1_180' title='bbox 1741 2269 1920 2323; x_wconf 88' lang='lat' dir='ltr'>mittit</span> <span class='ocrx_word' id='word_1_181' title='bbox 1951 2269 2042 2322; x_wconf 87' lang='lat' dir='ltr'>Fi-</span> 
     </span>
    </p>
   </div>
   <div class='ocr_carea' id='block_1_25' title="bbox 403 2358 2045 2432">
    <p class='ocr_par' dir='ltr' id='par_1_25' title="bbox 403 2358 2045 2432">
     <span class='ocr_line' id='line_1_25' title="bbox 403 2358 2045 2432; baseline -0.004 -13"><span class='ocrx_word' id='word_1_182' title='bbox 403 2363 540 2431; x_wconf 90' lang='lat' dir='ltr'>lius;</span> <span class='ocrx_word' id='word_1_183' title='bbox 561 2361 663 2418; x_wconf 89' lang='lat' dir='ltr'>sed</span> <span class='ocrx_word' id='word_1_184' title='bbox 687 2361 844 2432; x_wconf 90' lang='lat' dir='ltr'>quod</span> <span class='ocrx_word' id='word_1_185' title='bbox 867 2359 1048 2415; x_wconf 88' lang='lat' dir='ltr'>mittit</span> <span class='ocrx_word' id='word_1_186' title='bbox 1067 2359 1268 2425; x_wconf 89' lang='lat' dir='ltr'>Filius,</span> <span class='ocrx_word' id='word_1_187' title='bbox 1295 2359 1402 2414; x_wconf 89' lang='lat' dir='ltr'>hoc</span> <span class='ocrx_word' id='word_1_188' title='bbox 1425 2359 1599 2414; x_wconf 89' lang='lat' dir='ltr'>habet</span> <span class='ocrx_word' id='word_1_189' title='bbox 1619 2375 1652 2413; x_wconf 89' lang='lat' dir='ltr'>a</span> <span class='ocrx_word' id='word_1_190' title='bbox 1674 2359 1857 2412; x_wconf 83' lang='lat' dir='ltr'>Patre.</span> <span class='ocrx_word' id='word_1_191' title='bbox 1876 2358 2045 2413; x_wconf 89' lang='lat' dir='ltr'>Pater</span> 
     </span>
    </p>
   </div>
   <div class='ocr_carea' id='block_1_26' title="bbox 393 2446 2042 2522">
    <p class='ocr_par' dir='ltr' id='par_1_26' title="bbox 393 2446 2042 2522">
     <span class='ocr_line' id='line_1_26' title="bbox 393 2446 2042 2522; baseline -0.005 -14"><span class='ocrx_word' id='word_1_192' title='bbox 393 2451 571 2508; x_wconf 70' lang='lat' dir='ltr'>etiam</span> <span class='ocrx_word' id='word_1_193' title='bbox 603 2465 707 2522; x_wconf 90' lang='lat' dir='ltr'>per</span> <span class='ocrx_word' id='word_1_194' title='bbox 735 2447 947 2504; x_wconf 85' lang='lat' dir='ltr'>Filium</span> <span class='ocrx_word' id='word_1_195' title='bbox 974 2463 1110 2503; x_wconf 89' lang='lat' dir='ltr'>eum</span> <span class='ocrx_word' id='word_1_196' title='bbox 1137 2447 1334 2502; x_wconf 90' lang='lat' dir='ltr'>mittit.</span> <span class='ocrx_word' id='word_1_197' title='bbox 1357 2449 1473 2518; x_wconf 83' lang='lat' dir='ltr'>Ipse</span> <span class='ocrx_word' id='word_1_198' title='bbox 1491 2446 1699 2502; x_wconf 83' lang='lat' dir='ltr'>docebit</span> <span class='ocrx_word' id='word_1_199' title='bbox 1723 2462 1815 2501; x_wconf 89' lang='lat' dir='ltr'>vos</span> <span class='ocrx_word' id='word_1_200' title='bbox 1834 2447 2042 2514; x_wconf 84' lang='lat' dir='ltr'>omnia,</span> 
     </span>
    </p>
   </div>
   <div class='ocr_carea' id='block_1_27' title="bbox 391 2533 2042 2610">
    <p class='ocr_par' dir='ltr' id='par_1_27' title="bbox 391 2533 2042 2610">
     <span class='ocr_line' id='line_1_27' title="bbox 391 2533 2042 2610; baseline -0.005 -13"><span class='ocrx_word' id='word_1_201' title='bbox 391 2551 443 2597; x_wconf 80' lang='lat' dir='ltr'>et</span> <span class='ocrx_word' id='word_1_202' title='bbox 469 2546 719 2610; x_wconf 79' lang='lat' dir='ltr'>suggeret</span> <span class='ocrx_word' id='word_1_203' title='bbox 750 2537 896 2594; x_wconf 81' lang='lat' dir='ltr'>vobis</span> <span class='ocrx_word' id='word_1_204' title='bbox 923 2538 1130 2593; x_wconf 87' lang='lat' dir='ltr'>omnia.</span> <span class='ocrx_word' id='word_1_205' title='bbox 1163 2537 1300 2604; x_wconf 88' lang='lat' dir='ltr'>Hoc,</span> <span class='ocrx_word' id='word_1_206' title='bbox 1339 2537 1545 2592; x_wconf 83' lang='lat' dir='ltr'>fratres</span> <span class='ocrx_word' id='word_1_207' title='bbox 1576 2534 1709 2590; x_wconf 90' lang='lat' dir='ltr'>mei.</span> <span class='ocrx_word' id='word_1_208' title='bbox 1736 2533 2042 2606; x_wconf 87' lang='lat' dir='ltr'>impletum</span> 
     </span>
    </p>
   </div>
   <div class='ocr_carea' id='block_1_28' title="bbox 395 2622 2044 2697">
    <p class='ocr_par' dir='ltr' id='par_1_28' title="bbox 395 2622 2044 2697">
     <span class='ocr_line' id='line_1_28' title="bbox 395 2622 2044 2697; baseline -0.006 -10"><span class='ocrx_word' id='word_1_209' title='bbox 395 2633 486 2687; x_wconf 74' lang='lat' dir='ltr'>est</span> <span class='ocrx_word' id='word_1_210' title='bbox 504 2628 598 2684; x_wconf 89' lang='lat' dir='ltr'>die</span> <span class='ocrx_word' id='word_1_211' title='bbox 615 2625 896 2683; x_wconf 89' lang='lat' dir='ltr'>hodierna</span> <span class='ocrx_word' id='word_1_212' title='bbox 917 2626 977 2680; x_wconf 92' lang='lat' dir='ltr'>in</span> <span class='ocrx_word' id='word_1_213' title='bbox 999 2624 1324 2697; x_wconf 88' lang='lat' dir='ltr'>discipulis,</span> <span class='ocrx_word' id='word_1_214' title='bbox 1339 2641 1496 2692; x_wconf 90' lang='lat' dir='ltr'>cum,</span> <span class='ocrx_word' id='word_1_215' title='bbox 1517 2623 1710 2679; x_wconf 90' lang='lat' dir='ltr'>subito</span> <span class='ocrx_word' id='word_1_216' title='bbox 1733 2627 1790 2679; x_wconf 91' lang='lat' dir='ltr'>et</span> <span class='ocrx_word' id='word_1_217' title='bbox 1811 2622 2044 2678; x_wconf 90' lang='lat' dir='ltr'>mirabi-</span> 
     </span>
    </p>
   </div>
   <div class='ocr_carea' id='block_1_29' title="bbox 394 2712 2046 2790">
    <p class='ocr_par' dir='ltr' id='par_1_29' title="bbox 394 2712 2046 2790">
     <span class='ocr_line' id='line_1_29' title="bbox 394 2712 2046 2790; baseline -0.005 -16"><span class='ocrx_word' id='word_1_218' title='bbox 394 2717 530 2774; x_wconf 83' lang='lat' dir='ltr'>liter</span> <span class='ocrx_word' id='word_1_219' title='bbox 559 2719 832 2790; x_wconf 87' lang='lat' dir='ltr'>operante</span> <span class='ocrx_word' id='word_1_220' title='bbox 863 2715 920 2770; x_wconf 91' lang='lat' dir='ltr'>in</span> <span class='ocrx_word' id='word_1_221' title='bbox 954 2713 1038 2771; x_wconf 90' lang='lat' dir='ltr'>eis</span> <span class='ocrx_word' id='word_1_222' title='bbox 1077 2713 1298 2786; x_wconf 90' lang='lat' dir='ltr'>Spiritu</span> <span class='ocrx_word' id='word_1_223' title='bbox 1332 2717 1555 2781; x_wconf 88' lang='lat' dir='ltr'>sancto,</span> <span class='ocrx_word' id='word_1_224' title='bbox 1581 2712 1682 2784; x_wconf 89' lang='lat' dir='ltr'>qui</span> <span class='ocrx_word' id='word_1_225' title='bbox 1714 2716 1848 2768; x_wconf 90' lang='lat' dir='ltr'>ante</span> <span class='ocrx_word' id='word_1_226' title='bbox 1879 2716 2046 2767; x_wconf 90' lang='lat' dir='ltr'>erant</span> 
     </span>
    </p>
   </div>
   <div class='ocr_carea' id='block_1_30' title="bbox 397 2801 2045 2875">
    <p class='ocr_par' dir='ltr' id='par_1_30' title="bbox 397 2801 2045 2875">
     <span class='ocr_line' id='line_1_30' title="bbox 397 2801 2045 2875; baseline -0.005 -12"><span class='ocrx_word' id='word_1_227' title='bbox 397 2807 594 2872; x_wconf 87' lang='lat' dir='ltr'>rudes,</span> <span class='ocrx_word' id='word_1_228' title='bbox 629 2804 765 2862; x_wconf 89' lang='lat' dir='ltr'>facti</span> <span class='ocrx_word' id='word_1_229' title='bbox 797 2809 935 2860; x_wconf 88' lang='lat' dir='ltr'>sunt</span> <span class='ocrx_word' id='word_1_230' title='bbox 965 2803 1159 2860; x_wconf 86' lang='lat' dir='ltr'>subito</span> <span class='ocrx_word' id='word_1_231' title='bbox 1199 2803 1522 2875; x_wconf 87' lang='lat' dir='ltr'>sapientes;</span> <span class='ocrx_word' id='word_1_232' title='bbox 1545 2801 1646 2874; x_wconf 90' lang='lat' dir='ltr'>qui</span> <span class='ocrx_word' id='word_1_233' title='bbox 1688 2805 1821 2856; x_wconf 90' lang='lat' dir='ltr'>ante</span> <span class='ocrx_word' id='word_1_234' title='bbox 1869 2801 2045 2855; x_wconf 90' lang='lat' dir='ltr'>mini-</span> 
     </span>
    </p>
   </div>
   <div class='ocr_carea' id='block_1_31' title="bbox 398 2889 2046 2965">
    <p class='ocr_par' dir='ltr' id='par_1_31' title="bbox 398 2889 2046 2965">
     <span class='ocr_line' id='line_1_31' title="bbox 398 2889 2046 2965; baseline -0.004 -13"><span class='ocrx_word' id='word_1_235' title='bbox 398 2912 564 2953; x_wconf 88' lang='lat' dir='ltr'>mum</span> <span class='ocrx_word' id='word_1_236' title='bbox 604 2897 885 2950; x_wconf 89' lang='lat' dir='ltr'>noverant</span> <span class='ocrx_word' id='word_1_237' title='bbox 916 2893 986 2948; x_wconf 91' lang='lat' dir='ltr'>de</span> <span class='ocrx_word' id='word_1_238' title='bbox 1018 2891 1356 2965; x_wconf 89' lang='lat' dir='ltr'>Scripturis,</span> <span class='ocrx_word' id='word_1_239' title='bbox 1372 2891 1510 2946; x_wconf 85' lang='lat' dir='ltr'>facti</span> <span class='ocrx_word' id='word_1_240' title='bbox 1543 2895 1683 2946; x_wconf 90' lang='lat' dir='ltr'>sunt</span> <span class='ocrx_word' id='word_1_241' title='bbox 1712 2889 2046 2962; x_wconf 88' lang='lat' dir='ltr'>spirituales</span> 
     </span>
    </p>
   </div>
   <div class='ocr_carea' id='block_1_32' title="bbox 396 2979 2049 3056">
    <p class='ocr_par' dir='ltr' id='par_1_32' title="bbox 396 2979 2049 3056">
     <span class='ocr_line' id='line_1_32' title="bbox 396 2979 2049 3056; baseline -0.004 -14"><span class='ocrx_word' id='word_1_242' title='bbox 396 2986 459 3042; x_wconf 90' lang='lat' dir='ltr'>in</span> <span class='ocrx_word' id='word_1_243' title='bbox 481 2982 826 3056; x_wconf 87' lang='lat' dir='ltr'>Scripturis;</span> <span class='ocrx_word' id='word_1_244' title='bbox 859 2981 962 3054; x_wconf 90' lang='lat' dir='ltr'>qui</span> <span class='ocrx_word' id='word_1_245' title='bbox 991 2986 1124 3038; x_wconf 89' lang='lat' dir='ltr'>ante</span> <span class='ocrx_word' id='word_1_246' title='bbox 1157 2997 1334 3037; x_wconf 90' lang='lat' dir='ltr'>unam</span> <span class='ocrx_word' id='word_1_247' title='bbox 1367 2980 1552 3036; x_wconf 84' lang='lat' dir='ltr'>solam</span> <span class='ocrx_word' id='word_1_248' title='bbox 1585 2979 1848 3052; x_wconf 86' lang='lat' dir='ltr'>linguam</span> <span class='ocrx_word' id='word_1_249' title='bbox 1881 2995 2049 3035; x_wconf 87' lang='lat' dir='ltr'>nove-</span> 
     </span>
    </p>
   </div>
   <div class='ocr_carea' id='block_1_33' title="bbox 397 3068 2046 3143">
    <p class='ocr_par' dir='ltr' id='par_1_33' title="bbox 397 3068 2046 3143">
     <span class='ocr_line' id='line_1_33' title="bbox 397 3068 2046 3143; baseline -0.005 -12"><span class='ocrx_word' id='word_1_250' title='bbox 397 3078 550 3142; x_wconf 90' lang='lat' dir='ltr'>rant,</span> <span class='ocrx_word' id='word_1_251' title='bbox 571 3073 765 3130; x_wconf 89' lang='lat' dir='ltr'>subito</span> <span class='ocrx_word' id='word_1_252' title='bbox 787 3088 992 3128; x_wconf 89' lang='lat' dir='ltr'>omnes</span> <span class='ocrx_word' id='word_1_253' title='bbox 1024 3069 1258 3143; x_wconf 87' lang='lat' dir='ltr'>linguas</span> <span class='ocrx_word' id='word_1_254' title='bbox 1279 3073 1580 3127; x_wconf 86' lang='lat' dir='ltr'>noverunt.</span> <span class='ocrx_word' id='word_1_255' title='bbox 1606 3068 1650 3124; x_wconf 91' lang='grc' dir='ltr'>Ο</span> <span class='ocrx_word' id='word_1_256' title='bbox 1671 3069 1878 3124; x_wconf 83' lang='lat' dir='ltr'>fratres</span> <span class='ocrx_word' id='word_1_257' title='bbox 1909 3068 2046 3135; x_wconf 92' lang='lat' dir='ltr'>mei,</span> 
     </span>
    </p>
   </div>
   <div class='ocr_carea' id='block_1_34' title="bbox 2133 489 3822 565">
    <p class='ocr_par' dir='ltr' id='par_1_34' title="bbox 2133 489 3822 565">
     <span class='ocr_line' id='line_1_34' title="bbox 2133 489 3822 565; baseline 0 -19"><span class='ocrx_word' id='word_1_258' title='bbox 2133 489 2342 558; x_wconf 90' lang='lat' dir='ltr'>beatis,</span> <span class='ocrx_word' id='word_1_259' title='bbox 2366 495 2424 546; x_wconf 91' lang='lat' dir='ltr'>et</span> <span class='ocrx_word' id='word_1_260' title='bbox 2463 492 2536 546; x_wconf 88' lang='lat' dir='ltr'>ad</span> <span class='ocrx_word' id='word_1_261' title='bbox 2582 497 2860 548; x_wconf 66' lang='lat' dir='ltr'>aeternam</span> <span class='ocrx_word' id='word_1_262' title='bbox 2911 509 3114 565; x_wconf 91' lang='lat' dir='ltr'>pacem</span> <span class='ocrx_word' id='word_1_263' title='bbox 3165 493 3455 550; x_wconf 90' lang='lat' dir='ltr'>desiderio</span> <span class='ocrx_word' id='word_1_264' title='bbox 3509 493 3822 549; x_wconf 78' lang='lat' dir='ltr'>festinetis</span> 
     </span>
    </p>
   </div>
   <div class='ocr_carea' id='block_1_35' title="bbox 2133 581 3820 653">
    <p class='ocr_par' dir='ltr' id='par_1_35' title="bbox 2133 581 3820 653">
     <span class='ocr_line' id='line_1_35' title="bbox 2133 581 3820 653; baseline 0 -17"><span class='ocrx_word' id='word_1_265' title='bbox 2133 583 2257 636; x_wconf 86' lang='lat' dir='ltr'>Non</span> <span class='ocrx_word' id='word_1_266' title='bbox 2276 581 2556 652; x_wconf 82' lang='lat' dir='ltr'>quomodo,</span> <span class='ocrx_word' id='word_1_267' title='bbox 2581 581 2790 652; x_wconf 90' lang='lat' dir='ltr'>inquit,</span> <span class='ocrx_word' id='word_1_268' title='bbox 2814 583 3054 638; x_wconf 83' lang='lat' dir='ltr'>mundus</span> <span class='ocrx_word' id='word_1_269' title='bbox 3074 583 3190 649; x_wconf 87' lang='lat' dir='ltr'>dat,</span> <span class='ocrx_word' id='word_1_270' title='bbox 3213 599 3305 653; x_wconf 88' lang='lat' dir='ltr'>ego</span> <span class='ocrx_word' id='word_1_271' title='bbox 3327 582 3392 638; x_wconf 91' lang='lat' dir='ltr'>do</span> <span class='ocrx_word' id='word_1_272' title='bbox 3417 583 3593 638; x_wconf 83' lang='lat' dir='ltr'>vobis.</span> <span class='ocrx_word' id='word_1_273' title='bbox 3623 581 3820 636; x_wconf 86' lang='lat' dir='ltr'>Porro</span> 
     </span>
    </p>
   </div>
   <div class='ocr_carea' id='block_1_36' title="bbox 2135 670 3816 744">
    <p class='ocr_par' dir='ltr' id='par_1_36' title="bbox 2135 670 3816 744">
     <span class='ocr_line' id='line_1_36' title="bbox 2135 670 3816 744; baseline 0 -20"><span class='ocrx_word' id='word_1_274' title='bbox 2135 687 2247 742; x_wconf 85' lang='lat' dir='ltr'>pax</span> <span class='ocrx_word' id='word_1_275' title='bbox 2277 670 2392 726; x_wconf 90' lang='lat' dir='ltr'>alia</span> <span class='ocrx_word' id='word_1_276' title='bbox 2438 672 2864 744; x_wconf 86' lang='lat' dir='ltr'>prosperitatis,</span> <span class='ocrx_word' id='word_1_277' title='bbox 2889 671 3005 727; x_wconf 88' lang='lat' dir='ltr'>alia</span> <span class='ocrx_word' id='word_1_278' title='bbox 3047 672 3348 738; x_wconf 83' lang='lat' dir='ltr'>bonitatis,</span> <span class='ocrx_word' id='word_1_279' title='bbox 3381 671 3500 726; x_wconf 89' lang='lat' dir='ltr'>alia</span> <span class='ocrx_word' id='word_1_280' title='bbox 3531 670 3816 727; x_wconf 63' lang='lat' dir='ltr'>malitia.</span> 
     </span>
    </p>
   </div>
   <div class='ocr_carea' id='block_1_37' title="bbox 2137 759 3818 832">
    <p class='ocr_par' dir='ltr' id='par_1_37' title="bbox 2137 759 3818 832">
     <span class='ocr_line' id='line_1_37' title="bbox 2137 759 3818 832; baseline 0.001 -19"><span class='ocrx_word' id='word_1_281' title='bbox 2137 763 2255 813; x_wconf 86' lang='lat' dir='ltr'>Pax</span> <span class='ocrx_word' id='word_1_282' title='bbox 2313 761 2718 832; x_wconf 85' lang='lat' dir='ltr'>prosperitatis</span> <span class='ocrx_word' id='word_1_283' title='bbox 2774 761 3113 818; x_wconf 75' lang='lat' dir='ltr'>indifferens</span> <span class='ocrx_word' id='word_1_284' title='bbox 3161 765 3270 817; x_wconf 90' lang='lat' dir='ltr'>est.</span> <span class='ocrx_word' id='word_1_285' title='bbox 3295 762 3446 816; x_wconf 91' lang='lat' dir='ltr'>Bene</span> <span class='ocrx_word' id='word_1_286' title='bbox 3506 759 3682 815; x_wconf 88' lang='lat' dir='ltr'>enim</span> <span class='ocrx_word' id='word_1_287' title='bbox 3749 777 3818 815; x_wconf 84' lang='lat' dir='ltr'>ea</span> 
     </span>
    </p>
   </div>
   <div class='ocr_carea' id='block_1_38' title="bbox 2137 848 3816 914">
    <p class='ocr_par' dir='ltr' id='par_1_38' title="bbox 2137 848 3816 914">
     <span class='ocr_line' id='line_1_38' title="bbox 2137 848 3816 914; baseline 0.001 -12"><span class='ocrx_word' id='word_1_288' title='bbox 2137 849 2325 903; x_wconf 89' lang='lat' dir='ltr'>utenti</span> <span class='ocrx_word' id='word_1_289' title='bbox 2355 853 2444 903; x_wconf 90' lang='lat' dir='ltr'>est</span> <span class='ocrx_word' id='word_1_290' title='bbox 2477 849 2648 914; x_wconf 91' lang='lat' dir='ltr'>bona,</span> <span class='ocrx_word' id='word_1_291' title='bbox 2681 848 2831 904; x_wconf 86' lang='lat' dir='ltr'>male</span> <span class='ocrx_word' id='word_1_292' title='bbox 2861 850 3051 904; x_wconf 89' lang='lat' dir='ltr'>utenti</span> <span class='ocrx_word' id='word_1_293' title='bbox 3099 853 3188 906; x_wconf 89' lang='lat' dir='ltr'>est</span> <span class='ocrx_word' id='word_1_294' title='bbox 3236 848 3410 905; x_wconf 89' lang='lat' dir='ltr'>mala.</span> <span class='ocrx_word' id='word_1_295' title='bbox 3441 849 3602 905; x_wconf 86' lang='lat' dir='ltr'>Bene</span> <span class='ocrx_word' id='word_1_296' title='bbox 3661 865 3816 904; x_wconf 84' lang='lat' dir='ltr'>usus</span> 
     </span>
    </p>
   </div>
   <div class='ocr_carea' id='block_1_39' title="bbox 2138 936 3815 1010">
    <p class='ocr_par' dir='ltr' id='par_1_39' title="bbox 2138 936 3815 1010">
     <span class='ocr_line' id='line_1_39' title="bbox 2138 936 3815 1010; baseline -0.001 -18"><span class='ocrx_word' id='word_1_297' title='bbox 2138 941 2226 992; x_wconf 90' lang='lat' dir='ltr'>est</span> <span class='ocrx_word' id='word_1_298' title='bbox 2254 936 2545 992; x_wconf 87' lang='lat' dir='ltr'>Abraham</span> <span class='ocrx_word' id='word_1_299' title='bbox 2577 943 2635 992; x_wconf 89' lang='lat' dir='ltr'>et</span> <span class='ocrx_word' id='word_1_300' title='bbox 2672 939 2862 993; x_wconf 66' lang='lat' dir='ltr'>caeteri</span> <span class='ocrx_word' id='word_1_301' title='bbox 2906 939 3248 1010; x_wconf 74' lang='lat' dir='ltr'>patriarchae</span> <span class='ocrx_word' id='word_1_302' title='bbox 3278 955 3421 1010; x_wconf 88' lang='lat' dir='ltr'>pace</span> <span class='ocrx_word' id='word_1_303' title='bbox 3450 937 3815 1010; x_wconf 78' lang='lat' dir='ltr'>temporalis</span> 
     </span>
    </p>
   </div>
   <div class='ocr_carea' id='block_1_40' title="bbox 2139 1025 3817 1099">
    <p class='ocr_par' dir='ltr' id='par_1_40' title="bbox 2139 1025 3817 1099">
     <span class='ocr_line' id='line_1_40' title="bbox 2139 1025 3817 1099; baseline 0.001 -19"><span class='ocrx_word' id='word_1_304' title='bbox 2139 1026 2576 1098; x_wconf 89' lang='lat' dir='ltr'>prosperitatis;</span> <span class='ocrx_word' id='word_1_305' title='bbox 2601 1027 2672 1082; x_wconf 90' lang='lat' dir='ltr'>de</span> <span class='ocrx_word' id='word_1_306' title='bbox 2704 1025 2976 1098; x_wconf 88' lang='lat' dir='ltr'>qualibus</span> <span class='ocrx_word' id='word_1_307' title='bbox 3009 1029 3224 1084; x_wconf 90' lang='lat' dir='ltr'>dicitur</span> <span class='ocrx_word' id='word_1_308' title='bbox 3248 1028 3304 1082; x_wconf 90' lang='lat' dir='ltr'>in</span> <span class='ocrx_word' id='word_1_309' title='bbox 3340 1027 3576 1099; x_wconf 87' lang='lat' dir='ltr'>psalmo</span> <span class='ocrx_word' id='word_1_310' title='bbox 3603 1044 3618 1080; x_wconf 89' lang='lat'>:</span> <span class='ocrx_word' id='word_1_311' title='bbox 3651 1029 3817 1082; x_wconf 78' lang='lat' dir='ltr'>Beati</span> 
     </span>
    </p>
   </div>
   <div class='ocr_carea' id='block_1_41' title="bbox 2139 1116 3810 1188">
    <p class='ocr_par' dir='ltr' id='par_1_41' title="bbox 2139 1116 3810 1188">
     <span class='ocr_line' id='line_1_41' title="bbox 2139 1116 3810 1188; baseline 0 -18"><span class='ocrx_word' id='word_1_312' title='bbox 2139 1130 2322 1170; x_wconf 82' lang='lat' dir='ltr'>omnes</span> <span class='ocrx_word' id='word_1_313' title='bbox 2352 1116 2449 1186; x_wconf 84' lang='lat' dir='ltr'>qui</span> <span class='ocrx_word' id='word_1_314' title='bbox 2472 1117 2664 1170; x_wconf 88' lang='lat' dir='ltr'>time-nt</span> <span class='ocrx_word' id='word_1_315' title='bbox 2682 1117 2994 1181; x_wconf 84' lang='lat' dir='ltr'>Dominum,</span> <span class='ocrx_word' id='word_1_316' title='bbox 3019 1119 3119 1188; x_wconf 89' lang='lat' dir='ltr'>qui</span> <span class='ocrx_word' id='word_1_317' title='bbox 3136 1117 3422 1172; x_wconf 80' lang='lat' dir='ltr'>ambulant</span> <span class='ocrx_word' id='word_1_318' title='bbox 3445 1119 3506 1171; x_wconf 88' lang='lat' dir='ltr'>in</span> <span class='ocrx_word' id='word_1_319' title='bbox 3527 1119 3642 1172; x_wconf 83' lang='lat' dir='ltr'>viis</span> <span class='ocrx_word' id='word_1_320' title='bbox 3667 1117 3810 1187; x_wconf 77' lang='lat' dir='ltr'>ejus.</span> 
     </span>
    </p>
   </div>
   <div class='ocr_carea' id='block_1_42' title="bbox 2140 1204 3814 1277">
    <p class='ocr_par' dir='ltr' id='par_1_42' title="bbox 2140 1204 3814 1277">
     <span class='ocr_line' id='line_1_42' title="bbox 2140 1204 3814 1277; baseline 0.002 -20"><span class='ocrx_word' id='word_1_321' title='bbox 2140 1204 2370 1258; x_wconf 88' lang='lat' dir='ltr'>Labores</span> <span class='ocrx_word' id='word_1_322' title='bbox 2405 1221 2675 1259; x_wconf 85' lang='lat' dir='ltr'>manuum</span> <span class='ocrx_word' id='word_1_323' title='bbox 2719 1213 2943 1262; x_wconf 87' lang='lat' dir='ltr'>tuarum</span> <span class='ocrx_word' id='word_1_324' title='bbox 2990 1207 3125 1277; x_wconf 84' lang='lat' dir='ltr'>quia</span> <span class='ocrx_word' id='word_1_325' title='bbox 3165 1205 3529 1261; x_wconf 84' lang='lat' dir='ltr'>manducabis</span> <span class='ocrx_word' id='word_1_326' title='bbox 3561 1223 3582 1261; x_wconf 92' lang='lat'><strong><em>:</em></strong></span> <span class='ocrx_word' id='word_1_327' title='bbox 3615 1209 3814 1260; x_wconf 77' lang='lat' dir='ltr'>beatus</span> 
     </span>
    </p>
   </div>
   <div class='ocr_carea' id='block_1_43' title="bbox 2139 1293 3810 1352">
    <p class='ocr_par' dir='ltr' id='par_1_43' title="bbox 2139 1293 3810 1352">
     <span class='ocr_line' id='line_1_43' title="bbox 2139 1293 3810 1352; baseline 0 -4"><span class='ocrx_word' id='word_1_328' title='bbox 2139 1309 2195 1348; x_wconf 88' lang='lat' dir='ltr'>es</span> <span class='ocrx_word' id='word_1_329' title='bbox 2224 1301 2274 1348; x_wconf 87' lang='lat' dir='ltr'>et</span> <span class='ocrx_word' id='word_1_330' title='bbox 2305 1295 2434 1348; x_wconf 83' lang='lat' dir='ltr'>bene</span> <span class='ocrx_word' id='word_1_331' title='bbox 2465 1295 2571 1348; x_wconf 87' lang='lat' dir='ltr'>tibi</span> <span class='ocrx_word' id='word_1_332' title='bbox 2596 1295 2718 1350; x_wconf 85' lang='lat' dir='ltr'>erit.</span> <span class='ocrx_word' id='word_1_333' title='bbox 2756 1296 2902 1352; x_wconf 80' lang='lat' dir='ltr'>Uxor</span> <span class='ocrx_word' id='word_1_334' title='bbox 2931 1303 3025 1350; x_wconf 87' lang='lat' dir='ltr'>tua</span> <span class='ocrx_word' id='word_1_335' title='bbox 3062 1298 3203 1350; x_wconf 83' lang='lat' dir='ltr'>sicut</span> <span class='ocrx_word' id='word_1_336' title='bbox 3240 1297 3366 1350; x_wconf 85' lang='lat' dir='ltr'>vitis</span> <span class='ocrx_word' id='word_1_337' title='bbox 3408 1293 3722 1350; x_wconf 78' lang='lat' dir='ltr'>abundans</span> <span class='ocrx_word' id='word_1_338' title='bbox 3753 1298 3810 1348; x_wconf 79' lang='lat' dir='ltr'>in</span> 
     </span>
    </p>
   </div>
   <div class='ocr_carea' id='block_1_44' title="bbox 2143 1382 3810 1441">
    <p class='ocr_par' dir='ltr' id='par_1_44' title="bbox 2143 1382 3810 1441">
     <span class='ocr_line' id='line_1_44' title="bbox 2143 1382 3810 1441; baseline 0.001 -5"><span class='ocrx_word' id='word_1_339' title='bbox 2143 1382 2402 1438; x_wconf 83' lang='lat' dir='ltr'>lateribus</span> <span class='ocrx_word' id='word_1_340' title='bbox 2431 1382 2620 1438; x_wconf 89' lang='lat' dir='ltr'>domus</span> <span class='ocrx_word' id='word_1_341' title='bbox 2650 1392 2781 1440; x_wconf 67' lang='lat' dir='ltr'>tusc.</span> <span class='ocrx_word' id='word_1_342' title='bbox 2810 1385 2950 1441; x_wconf 75' lang='lat' dir='ltr'>Filii</span> <span class='ocrx_word' id='word_1_343' title='bbox 2979 1387 3065 1440; x_wconf 88' lang='lat' dir='ltr'>tui</span> <span class='ocrx_word' id='word_1_344' title='bbox 3088 1386 3231 1440; x_wconf 81' lang='lat' dir='ltr'>sicut</span> <span class='ocrx_word' id='word_1_345' title='bbox 3259 1385 3495 1441; x_wconf 76' lang='lat' dir='ltr'>novellae</span> <span class='ocrx_word' id='word_1_346' title='bbox 3524 1384 3810 1439; x_wconf 78' lang='lat' dir='ltr'>olivarum</span> 
     </span>
    </p>
   </div>
   <div class='ocr_carea' id='block_1_45' title="bbox 2145 1471 3808 1542">
    <p class='ocr_par' dir='ltr' id='par_1_45' title="bbox 2145 1471 3808 1542">
     <span class='ocr_line' id='line_1_45' title="bbox 2145 1471 3808 1542; baseline 0.001 -16"><span class='ocrx_word' id='word_1_347' title='bbox 2145 1473 2202 1526; x_wconf 91' lang='lat' dir='ltr'>in</span> <span class='ocrx_word' id='word_1_348' title='bbox 2227 1472 2464 1526; x_wconf 81' lang='lat' dir='ltr'>circuitu</span> <span class='ocrx_word' id='word_1_349' title='bbox 2501 1488 2708 1529; x_wconf 64' lang='lat' dir='ltr'>mensae</span> <span class='ocrx_word' id='word_1_350' title='bbox 2746 1480 2860 1530; x_wconf 70' lang='lat' dir='ltr'>tuae</span> <span class='ocrx_word' id='word_1_351' title='bbox 2887 1474 3058 1542; x_wconf 83' lang='lat' dir='ltr'>(Psal.</span> <span class='ocrx_word' id='word_1_352' title='bbox 3083 1476 3312 1540; x_wconf 80' lang='lat' dir='ltr'>cxxvn).</span> <span class='ocrx_word' id='word_1_353' title='bbox 3347 1474 3388 1528; x_wconf 92' lang='lat' dir='ltr'><strong>E</strong></span> <span class='ocrx_word' id='word_1_354' title='bbox 3418 1477 3633 1528; x_wconf 85' lang='lat' dir='ltr'>contra</span> <span class='ocrx_word' id='word_1_355' title='bbox 3667 1471 3808 1528; x_wconf 81' lang='lat' dir='ltr'>mali</span> 
     </span>
    </p>
   </div>
   <div class='ocr_carea' id='block_1_46' title="bbox 2145 1558 3808 1634">
    <p class='ocr_par' dir='ltr' id='par_1_46' title="bbox 2145 1558 3808 1634">
     <span class='ocr_line' id='line_1_46' title="bbox 2145 1558 3808 1634; baseline 0.002 -21"><span class='ocrx_word' id='word_1_356' title='bbox 2145 1558 2296 1614; x_wconf 89' lang='lat' dir='ltr'>male</span> <span class='ocrx_word' id='word_1_357' title='bbox 2324 1564 2573 1614; x_wconf 88' lang='lat' dir='ltr'>utuntur</span> <span class='ocrx_word' id='word_1_358' title='bbox 2613 1577 2752 1633; x_wconf 86' lang='lat' dir='ltr'>pace</span> <span class='ocrx_word' id='word_1_359' title='bbox 2803 1562 3207 1634; x_wconf 87' lang='lat' dir='ltr'>prosperitatis</span> <span class='ocrx_word' id='word_1_360' title='bbox 3253 1562 3624 1634; x_wconf 86' lang='lat' dir='ltr'>temporalis.</span> <span class='ocrx_word' id='word_1_361' title='bbox 3660 1561 3808 1617; x_wconf 78' lang='lat' dir='ltr'>Nam</span> 
     </span>
    </p>
   </div>
   <div class='ocr_carea' id='block_1_47' title="bbox 2144 1648 3809 1717">
    <p class='ocr_par' dir='ltr' id='par_1_47' title="bbox 2144 1648 3809 1717">
     <span class='ocr_line' id='line_1_47' title="bbox 2144 1648 3809 1717; baseline 0.001 -15"><span class='ocrx_word' id='word_1_362' title='bbox 2144 1648 2300 1702; x_wconf 90' lang='lat' dir='ltr'>unde</span> <span class='ocrx_word' id='word_1_363' title='bbox 2319 1648 2595 1704; x_wconf 88' lang='lat' dir='ltr'>deberent</span> <span class='ocrx_word' id='word_1_364' title='bbox 2611 1649 2794 1704; x_wconf 88' lang='lat' dir='ltr'>Deum</span> <span class='ocrx_word' id='word_1_365' title='bbox 2813 1651 3174 1717; x_wconf 88' lang='lat' dir='ltr'>benedicere,</span> <span class='ocrx_word' id='word_1_366' title='bbox 3190 1668 3324 1706; x_wconf 90' lang='lat' dir='ltr'>eum</span> <span class='ocrx_word' id='word_1_367' title='bbox 3348 1650 3809 1714; x_wconf 84' lang='lat' dir='ltr'>obliviscuntur,</span> 
     </span>
    </p>
   </div>
   <div class='ocr_carea' id='block_1_48' title="bbox 2147 1737 3810 1812">
    <p class='ocr_par' dir='ltr' id='par_1_48' title="bbox 2147 1737 3810 1812">
     <span class='ocr_line' id='line_1_48' title="bbox 2147 1737 3810 1812; baseline 0.001 -20"><span class='ocrx_word' id='word_1_368' title='bbox 2147 1737 2953 1808; x_wconf 81' lang='lat' dir='ltr'>superbiunt,efl‘eminantur</span> <span class='ocrx_word' id='word_1_369' title='bbox 2994 1742 3051 1794; x_wconf 88' lang='lat' dir='ltr'>et</span> <span class='ocrx_word' id='word_1_370' title='bbox 3080 1739 3424 1794; x_wconf 76' lang='lat' dir='ltr'>efferuntur.</span> <span class='ocrx_word' id='word_1_371' title='bbox 3463 1741 3542 1795; x_wconf 85' lang='lat' dir='ltr'>De</span> <span class='ocrx_word' id='word_1_372' title='bbox 3589 1740 3810 1812; x_wconf 84' lang='lat' dir='ltr'>quibus</span> 
     </span>
    </p>
   </div>
   <div class='ocr_carea' id='block_1_49' title="bbox 2149 1824 3812 1899">
    <p class='ocr_par' dir='ltr' id='par_1_49' title="bbox 2149 1824 3812 1899">
     <span class='ocr_line' id='line_1_49' title="bbox 2149 1824 3812 1899; baseline 0.002 -19"><span class='ocrx_word' id='word_1_373' title='bbox 2149 1824 2364 1880; x_wconf 88' lang='lat' dir='ltr'>dicitur</span> <span class='ocrx_word' id='word_1_374' title='bbox 2408 1824 2468 1880; x_wconf 91' lang='lat' dir='ltr'>in</span> <span class='ocrx_word' id='word_1_375' title='bbox 2499 1825 2812 1899; x_wconf 88' lang='lat' dir='ltr'>Evangelio</span> <span class='ocrx_word' id='word_1_376' title='bbox 2838 1844 2852 1882; x_wconf 91' lang='lat'><strong>:</strong></span> <span class='ocrx_word' id='word_1_377' title='bbox 2879 1829 2943 1882; x_wconf 86' lang='lat' dir='ltr'>Et</span> <span class='ocrx_word' id='word_1_378' title='bbox 2969 1828 3187 1899; x_wconf 79' lang='lat' dir='ltr'>quidem</span> <span class='ocrx_word' id='word_1_379' title='bbox 3217 1830 3278 1883; x_wconf 88' lang='lat' dir='ltr'>in</span> <span class='ocrx_word' id='word_1_380' title='bbox 3305 1830 3407 1883; x_wconf 83' lang='lat' dir='ltr'>hac</span> <span class='ocrx_word' id='word_1_381' title='bbox 3431 1827 3522 1884; x_wconf 90' lang='lat' dir='ltr'>die</span> <span class='ocrx_word' id='word_1_382' title='bbox 3555 1837 3656 1883; x_wconf 84' lang='lat' dir='ltr'>tua</span> <span class='ocrx_word' id='word_1_383' title='bbox 3687 1843 3812 1899; x_wconf 72' lang='lat' dir='ltr'>qua?</span> 
     </span>
    </p>
   </div>
   <div class='ocr_carea' id='block_1_50' title="bbox 2149 1913 3812 1988">
    <p class='ocr_par' dir='ltr' id='par_1_50' title="bbox 2149 1913 3812 1988">
     <span class='ocr_line' id='line_1_50' title="bbox 2149 1913 3812 1988; baseline 0.001 -19"><span class='ocrx_word' id='word_1_384' title='bbox 2149 1913 2218 1969; x_wconf 87' lang='lat' dir='ltr'>ad</span> <span class='ocrx_word' id='word_1_385' title='bbox 2244 1931 2432 1985; x_wconf 83' lang='lat' dir='ltr'>pacem</span> <span class='ocrx_word' id='word_1_386' title='bbox 2463 1922 2590 1970; x_wconf 88' lang='lat' dir='ltr'>sunt</span> <span class='ocrx_word' id='word_1_387' title='bbox 2621 1917 2726 1970; x_wconf 88' lang='lat' dir='ltr'>tibi</span> <span class='ocrx_word' id='word_1_388' title='bbox 2746 1916 2891 1988; x_wconf 85' lang='lat' dir='ltr'>(Luc.</span> <span class='ocrx_word' id='word_1_389' title='bbox 2917 1919 3051 1985; x_wconf 63' lang='grc' dir='ltr'>κει),</span> <span class='ocrx_word' id='word_1_390' title='bbox 3085 1922 3218 1984; x_wconf 89' lang='lat' dir='ltr'>etc.;</span> <span class='ocrx_word' id='word_1_391' title='bbox 3242 1921 3300 1972; x_wconf 91' lang='lat' dir='ltr'>et</span> <span class='ocrx_word' id='word_1_392' title='bbox 3331 1917 3510 1972; x_wconf 87' lang='lat' dir='ltr'>David</span> <span class='ocrx_word' id='word_1_393' title='bbox 3550 1933 3565 1971; x_wconf 93' lang='lat'>:</span> <span class='ocrx_word' id='word_1_394' title='bbox 3599 1918 3812 1980; x_wconf 75' lang='lat' dir='ltr'>Zelavi,</span> 
     </span>
    </p>
   </div>
   <div class='ocr_carea' id='block_1_51' title="bbox 2149 2003 3814 2077">
    <p class='ocr_par' dir='ltr' id='par_1_51' title="bbox 2149 2003 3814 2077">
     <span class='ocr_line' id='line_1_51' title="bbox 2149 2003 3814 2077; baseline 0.002 -20"><span class='ocrx_word' id='word_1_395' title='bbox 2149 2003 2362 2074; x_wconf 91' lang='lat' dir='ltr'>inquit,</span> <span class='ocrx_word' id='word_1_396' title='bbox 2401 2019 2566 2076; x_wconf 84' lang='lat' dir='ltr'>super</span> <span class='ocrx_word' id='word_1_397' title='bbox 2611 2006 2830 2076; x_wconf 88' lang='lat' dir='ltr'>iniquos</span> <span class='ocrx_word' id='word_1_398' title='bbox 2870 2022 3062 2076; x_wconf 86' lang='lat' dir='ltr'>pacem</span> <span class='ocrx_word' id='word_1_399' title='bbox 3104 2014 3453 2077; x_wconf 84' lang='lat' dir='ltr'>peccatorum</span> <span class='ocrx_word' id='word_1_400' title='bbox 3497 2006 3719 2062; x_wconf 80' lang='lat' dir='ltr'>videns.</span> <span class='ocrx_word' id='word_1_401' title='bbox 3753 2008 3814 2061; x_wconf 75' lang='lat' dir='ltr'>la</span> 
     </span>
    </p>
   </div>
   <div class='ocr_carea' id='block_1_52' title="bbox 2156 2091 3814 2164">
    <p class='ocr_par' dir='ltr' id='par_1_52' title="bbox 2156 2091 3814 2164">
     <span class='ocr_line' id='line_1_52' title="bbox 2156 2091 3814 2164; baseline 0.002 -17"><span class='ocrx_word' id='word_1_402' title='bbox 2156 2091 2342 2147; x_wconf 85' lang='lat' dir='ltr'>labore</span> <span class='ocrx_word' id='word_1_403' title='bbox 2369 2094 2656 2148; x_wconf 80' lang='lat' dir='ltr'>hominum</span> <span class='ocrx_word' id='word_1_404' title='bbox 2681 2109 2794 2149; x_wconf 88' lang='lat' dir='ltr'>non</span> <span class='ocrx_word' id='word_1_405' title='bbox 2821 2103 2967 2161; x_wconf 89' lang='lat' dir='ltr'>sunt,</span> <span class='ocrx_word' id='word_1_406' title='bbox 2992 2102 3042 2150; x_wconf 88' lang='lat' dir='ltr'>et</span> <span class='ocrx_word' id='word_1_407' title='bbox 3071 2111 3194 2150; x_wconf 88' lang='lat' dir='ltr'>cum</span> <span class='ocrx_word' id='word_1_408' title='bbox 3224 2096 3544 2151; x_wconf 83' lang='lat' dir='ltr'>hominibus</span> <span class='ocrx_word' id='word_1_409' title='bbox 3569 2112 3688 2151; x_wconf 81' lang='lat' dir='ltr'>non</span> <span class='ocrx_word' id='word_1_410' title='bbox 3718 2097 3814 2164; x_wconf 76' lang='lat' dir='ltr'>fla-</span> 
     </span>
    </p>
   </div>
   <div class='ocr_carea' id='block_1_53' title="bbox 2150 2181 3812 2254">
    <p class='ocr_par' dir='ltr' id='par_1_53' title="bbox 2150 2181 3812 2254">
     <span class='ocr_line' id='line_1_53' title="bbox 2150 2181 3812 2254; baseline 0.003 -19"><span class='ocrx_word' id='word_1_411' title='bbox 2150 2181 2502 2249; x_wconf 82' lang='lat' dir='ltr'>gellabantur</span> <span class='ocrx_word' id='word_1_412' title='bbox 2530 2182 2701 2253; x_wconf 90' lang='lat' dir='ltr'>(Psal.</span> <span class='ocrx_word' id='word_1_413' title='bbox 2735 2185 2941 2251; x_wconf 85' lang='lat' dir='ltr'>Lxxn);</span> <span class='ocrx_word' id='word_1_414' title='bbox 2963 2187 3021 2238; x_wconf 88' lang='lat' dir='ltr'>et</span> <span class='ocrx_word' id='word_1_415' title='bbox 3049 2182 3225 2239; x_wconf 85' lang='lat' dir='ltr'>alibi:</span> <span class='ocrx_word' id='word_1_416' title='bbox 3252 2185 3497 2252; x_wconf 83' lang='lat' dir='ltr'>Quorum</span> <span class='ocrx_word' id='word_1_417' title='bbox 3524 2185 3646 2254; x_wconf 83' lang='lat' dir='ltr'>ﬁlii</span> <span class='ocrx_word' id='word_1_418' title='bbox 3672 2187 3812 2240; x_wconf 81' lang='lat' dir='ltr'>sicut</span> 
     </span>
    </p>
   </div>
   <div class='ocr_carea' id='block_1_54' title="bbox 2150 2270 3810 2343">
    <p class='ocr_par' dir='ltr' id='par_1_54' title="bbox 2150 2270 3810 2343">
     <span class='ocr_line' id='line_1_54' title="bbox 2150 2270 3810 2343; baseline 0.003 -20"><span class='ocrx_word' id='word_1_419' title='bbox 2150 2270 2384 2326; x_wconf 70' lang='lat' dir='ltr'>novella?</span> <span class='ocrx_word' id='word_1_420' title='bbox 2417 2270 2787 2341; x_wconf 84' lang='lat' dir='ltr'>plantationes</span> <span class='ocrx_word' id='word_1_421' title='bbox 2819 2273 2878 2326; x_wconf 89' lang='lat' dir='ltr'>in</span> <span class='ocrx_word' id='word_1_422' title='bbox 2915 2272 3202 2343; x_wconf 85' lang='lat' dir='ltr'>juventute</span> <span class='ocrx_word' id='word_1_423' title='bbox 3245 2289 3366 2328; x_wconf 87' lang='lat' dir='ltr'>sua.</span> <span class='ocrx_word' id='word_1_424' title='bbox 3399 2274 3576 2330; x_wconf 78' lang='lat' dir='ltr'>Filiae</span> <span class='ocrx_word' id='word_1_425' title='bbox 3623 2289 3810 2328; x_wconf 71' lang='lat' dir='ltr'>comm</span> 
     </span>
    </p>
   </div>
   <div class='ocr_carea' id='block_1_55' title="bbox 2151 2360 3808 2433">
    <p class='ocr_par' dir='ltr' id='par_1_55' title="bbox 2151 2360 3808 2433">
     <span class='ocr_line' id='line_1_55' title="bbox 2151 2360 3808 2433; baseline 0.004 -21"><span class='ocrx_word' id='word_1_426' title='bbox 2151 2360 2480 2429; x_wconf 55' lang='lat' dir='ltr'>compositae,</span> <span class='ocrx_word' id='word_1_427' title='bbox 2511 2361 2931 2416; x_wconf 73' lang='lat' dir='ltr'>circumornatae</span> <span class='ocrx_word' id='word_1_428' title='bbox 2959 2368 3022 2416; x_wconf 88' lang='lat' dir='ltr'>ut</span> <span class='ocrx_word' id='word_1_429' title='bbox 3055 2361 3362 2416; x_wconf 80' lang='lat' dir='ltr'>similitudo</span> <span class='ocrx_word' id='word_1_430' title='bbox 3387 2362 3584 2433; x_wconf 81' lang='lat' dir='ltr'>templi</span> <span class='ocrx_word' id='word_1_431' title='bbox 3617 2367 3808 2418; x_wconf 80' lang='lat' dir='ltr'>Prom-</span> 
     </span>
    </p>
   </div>
   <div class='ocr_carea' id='block_1_56' title="bbox 2147 2448 3807 2520">
    <p class='ocr_par' dir='ltr' id='par_1_56' title="bbox 2147 2448 3807 2520">
     <span class='ocr_line' id='line_1_56' title="bbox 2147 2448 3807 2520; baseline 0.002 -19"><span class='ocrx_word' id='word_1_432' title='bbox 2147 2448 2376 2518; x_wconf 84' lang='lat' dir='ltr'>ptuaria</span> <span class='ocrx_word' id='word_1_433' title='bbox 2418 2464 2607 2503; x_wconf 87' lang='lat' dir='ltr'>eorum</span> <span class='ocrx_word' id='word_1_434' title='bbox 2650 2449 2836 2519; x_wconf 83' lang='lat' dir='ltr'>plena,</span> <span class='ocrx_word' id='word_1_435' title='bbox 2868 2451 3178 2505; x_wconf 72' lang='lat' dir='ltr'>eructantia</span> <span class='ocrx_word' id='word_1_436' title='bbox 3204 2466 3276 2505; x_wconf 76' lang='lat' dir='ltr'>ea:</span> <span class='ocrx_word' id='word_1_437' title='bbox 3302 2451 3400 2506; x_wconf 83' lang='lat' dir='ltr'>hoc</span> <span class='ocrx_word' id='word_1_438' title='bbox 3427 2452 3490 2505; x_wconf 86' lang='lat' dir='ltr'>in</span> <span class='ocrx_word' id='word_1_439' title='bbox 3522 2451 3671 2506; x_wconf 84' lang='lat' dir='ltr'>illud</span> <span class='ocrx_word' id='word_1_440' title='bbox 3699 2453 3807 2520; x_wconf 82' lang='lat' dir='ltr'>(Ps.</span> 
     </span>
    </p>
   </div>
   <div class='ocr_carea' id='block_1_57' title="bbox 2152 2537 3808 2611">
    <p class='ocr_par' dir='ltr' id='par_1_57' title="bbox 2152 2537 3808 2611">
     <span class='ocr_line' id='line_1_57' title="bbox 2152 2537 3808 2611; baseline 0.002 -21"><span class='ocrx_word' id='word_1_441' title='bbox 2152 2539 2343 2604; x_wconf 70' lang='lat' dir='ltr'>cum),</span> <span class='ocrx_word' id='word_1_442' title='bbox 2369 2539 2478 2591; x_wconf 89' lang='lat' dir='ltr'>etc.</span> <span class='ocrx_word' id='word_1_443' title='bbox 2504 2537 2619 2591; x_wconf 90' lang='lat' dir='ltr'>Ista</span> <span class='ocrx_word' id='word_1_444' title='bbox 2648 2541 2843 2592; x_wconf 88' lang='lat' dir='ltr'>autem</span> <span class='ocrx_word' id='word_1_445' title='bbox 2875 2555 2986 2609; x_wconf 86' lang='lat' dir='ltr'>pax</span> <span class='ocrx_word' id='word_1_446' title='bbox 3028 2537 3372 2610; x_wconf 88' lang='lat' dir='ltr'>temporalis</span> <span class='ocrx_word' id='word_1_447' title='bbox 3400 2539 3808 2611; x_wconf 83' lang='lat' dir='ltr'>prosperitatis</span> 
     </span>
    </p>
   </div>
   <div class='ocr_carea' id='block_1_58' title="bbox 2153 2625 3806 2700">
    <p class='ocr_par' dir='ltr' id='par_1_58' title="bbox 2153 2625 3806 2700">
     <span class='ocr_line' id='line_1_58' title="bbox 2153 2625 3806 2700; baseline 0.003 -21"><span class='ocrx_word' id='word_1_448' title='bbox 2153 2641 2270 2680; x_wconf 91' lang='lat' dir='ltr'>non</span> <span class='ocrx_word' id='word_1_449' title='bbox 2302 2625 2558 2680; x_wconf 89' lang='lat' dir='ltr'>multum</span> <span class='ocrx_word' id='word_1_450' title='bbox 2586 2631 2675 2682; x_wconf 89' lang='lat' dir='ltr'>est</span> <span class='ocrx_word' id='word_1_451' title='bbox 2706 2627 2878 2682; x_wconf 89' lang='lat' dir='ltr'>nobis</span> <span class='ocrx_word' id='word_1_452' title='bbox 2899 2627 3156 2698; x_wconf 88' lang='lat' dir='ltr'>optanda</span> <span class='ocrx_word' id='word_1_453' title='bbox 3181 2626 3272 2682; x_wconf 87' lang='lat' dir='ltr'>vel</span> <span class='ocrx_word' id='word_1_454' title='bbox 3302 2629 3582 2700; x_wconf 86' lang='lat' dir='ltr'>petenda,</span> <span class='ocrx_word' id='word_1_455' title='bbox 3607 2629 3806 2684; x_wconf 74' lang='lat' dir='ltr'>fratres</span> 
     </span>
    </p>
   </div>
   <div class='ocr_carea' id='block_1_59' title="bbox 2154 2713 3808 2785">
    <p class='ocr_par' dir='ltr' id='par_1_59' title="bbox 2154 2713 3808 2785">
     <span class='ocr_line' id='line_1_59' title="bbox 2154 2713 3808 2785; baseline 0.002 -17"><span class='ocrx_word' id='word_1_456' title='bbox 2154 2713 2290 2779; x_wconf 90' lang='lat' dir='ltr'>mei,</span> <span class='ocrx_word' id='word_1_457' title='bbox 2313 2713 2453 2785; x_wconf 85' lang='lat' dir='ltr'>quia</span> <span class='ocrx_word' id='word_1_458' title='bbox 2488 2714 2842 2785; x_wconf 88' lang='lat' dir='ltr'>quibusdam</span> <span class='ocrx_word' id='word_1_459' title='bbox 2877 2714 3075 2770; x_wconf 89' lang='lat' dir='ltr'>utilior</span> <span class='ocrx_word' id='word_1_460' title='bbox 3101 2719 3191 2771; x_wconf 90' lang='lat' dir='ltr'>est</span> <span class='ocrx_word' id='word_1_461' title='bbox 3220 2715 3279 2770; x_wconf 89' lang='lat' dir='ltr'>in</span> <span class='ocrx_word' id='word_1_462' title='bbox 3312 2715 3422 2771; x_wconf 92' lang='lat' dir='ltr'>hoc</span> <span class='ocrx_word' id='word_1_463' title='bbox 3455 2717 3690 2772; x_wconf 86' lang='lat' dir='ltr'>mundo</span> <span class='ocrx_word' id='word_1_464' title='bbox 3715 2717 3808 2772; x_wconf 79' lang='lat' dir='ltr'>ad-</span> 
     </span>
    </p>
   </div>
   <div class='ocr_carea' id='block_1_60' title="bbox 2152 2802 3806 2876">
    <p class='ocr_par' dir='ltr' id='par_1_60' title="bbox 2152 2802 3806 2876">
     <span class='ocr_line' id='line_1_60' title="bbox 2152 2802 3806 2876; baseline 0.002 -20"><span class='ocrx_word' id='word_1_465' title='bbox 2152 2802 2397 2858; x_wconf 88' lang='lat' dir='ltr'>versitas</span> <span class='ocrx_word' id='word_1_466' title='bbox 2424 2820 2601 2874; x_wconf 84' lang='lat' dir='ltr'>quam</span> <span class='ocrx_word' id='word_1_467' title='bbox 2634 2804 3008 2876; x_wconf 88' lang='lat' dir='ltr'>prosperitas.</span> <span class='ocrx_word' id='word_1_468' title='bbox 3033 2805 3179 2860; x_wconf 87' lang='lat' dir='ltr'>Nam</span> <span class='ocrx_word' id='word_1_469' title='bbox 3210 2805 3382 2860; x_wconf 90' lang='lat' dir='ltr'>multi</span> <span class='ocrx_word' id='word_1_470' title='bbox 3413 2805 3729 2861; x_wconf 80' lang='lat' dir='ltr'>salvantur</span> <span class='ocrx_word' id='word_1_471' title='bbox 3755 2807 3806 2860; x_wconf 87' lang='lat' dir='ltr'>in</span> 
     </span>
    </p>
   </div>
   <div class='ocr_carea' id='block_1_61' title="bbox 2154 2891 3806 2966">
    <p class='ocr_par' dir='ltr' id='par_1_61' title="bbox 2154 2891 3806 2966">
     <span class='ocr_line' id='line_1_61' title="bbox 2154 2891 3806 2966; baseline 0.002 -20"><span class='ocrx_word' id='word_1_472' title='bbox 2154 2891 2523 2958; x_wconf 86' lang='lat' dir='ltr'>adversitate,</span> <span class='ocrx_word' id='word_1_473' title='bbox 2549 2892 2649 2964; x_wconf 88' lang='lat' dir='ltr'>qui</span> <span class='ocrx_word' id='word_1_474' title='bbox 2681 2910 2796 2947; x_wconf 90' lang='lat' dir='ltr'>non</span> <span class='ocrx_word' id='word_1_475' title='bbox 2820 2892 3186 2948; x_wconf 89' lang='lat' dir='ltr'>salvarentur</span> <span class='ocrx_word' id='word_1_476' title='bbox 3205 2893 3263 2948; x_wconf 90' lang='lat' dir='ltr'>in</span> <span class='ocrx_word' id='word_1_477' title='bbox 3288 2893 3704 2966; x_wconf 86' lang='lat' dir='ltr'>prosperitate.</span> <span class='ocrx_word' id='word_1_478' title='bbox 3727 2894 3806 2949; x_wconf 88' lang='lat' dir='ltr'>Si-</span> 
     </span>
    </p>
   </div>
   <div class='ocr_carea' id='block_1_62' title="bbox 2153 2980 3800 3055">
    <p class='ocr_par' dir='ltr' id='par_1_62' title="bbox 2153 2980 3800 3055">
     <span class='ocr_line' id='line_1_62' title="bbox 2153 2980 3800 3055; baseline 0.002 -21"><span class='ocrx_word' id='word_1_479' title='bbox 2153 2983 2252 3034; x_wconf 90' lang='lat' dir='ltr'>cut</span> <span class='ocrx_word' id='word_1_480' title='bbox 2269 2984 2508 3036; x_wconf 89' lang='lat' dir='ltr'>econtra</span> <span class='ocrx_word' id='word_1_481' title='bbox 2529 2980 2698 3036; x_wconf 89' lang='lat' dir='ltr'>multi</span> <span class='ocrx_word' id='word_1_482' title='bbox 2721 2981 2940 3036; x_wconf 83' lang='lat' dir='ltr'>infirmi</span> <span class='ocrx_word' id='word_1_483' title='bbox 2971 2981 3270 3037; x_wconf 88' lang='lat' dir='ltr'>salvantur</span> <span class='ocrx_word' id='word_1_484' title='bbox 3299 2983 3359 3037; x_wconf 89' lang='lat' dir='ltr'>in</span> <span class='ocrx_word' id='word_1_485' title='bbox 3390 2983 3800 3055; x_wconf 79' lang='lat' dir='ltr'>prosperitate,</span> 
     </span>
    </p>
   </div>
   <div class='ocr_carea' id='block_1_63' title="bbox 2153 3067 3801 3143">
    <p class='ocr_par' dir='ltr' id='par_1_63' title="bbox 2153 3067 3801 3143">
     <span class='ocr_line' id='line_1_63' title="bbox 2153 3067 3801 3143; baseline 0.003 -22"><span class='ocrx_word' id='word_1_486' title='bbox 2153 3067 2253 3139; x_wconf 86' lang='lat' dir='ltr'>qui</span> <span class='ocrx_word' id='word_1_487' title='bbox 2285 3084 2399 3122; x_wconf 89' lang='lat' dir='ltr'>non</span> <span class='ocrx_word' id='word_1_488' title='bbox 2429 3067 2793 3124; x_wconf 87' lang='lat' dir='ltr'>salvarentur</span> <span class='ocrx_word' id='word_1_489' title='bbox 2823 3068 2884 3124; x_wconf 90' lang='lat' dir='ltr'>in</span> <span class='ocrx_word' id='word_1_490' title='bbox 2915 3069 3281 3126; x_wconf 78' lang='lat' dir='ltr'>adversitate.</span> <span class='ocrx_word' id='word_1_491' title='bbox 3317 3070 3656 3143; x_wconf 84' lang='lat' dir='ltr'>Propterea,</span> <span class='ocrx_word' id='word_1_492' title='bbox 3697 3072 3801 3126; x_wconf 85' lang='lat' dir='ltr'>fra-</span> 
     </span>
    </p>
   </div>
   <div class='ocr_carea' id='block_1_64' title="bbox 398 3145 3804 3237">
    <p class='ocr_par' dir='ltr' id='par_1_64' title="bbox 398 3145 3804 3237">
     <span class='ocr_line' id='line_1_64' title="bbox 398 3145 3804 3237; baseline -0.002 -17"><span class='ocrx_word' id='word_1_493' title='bbox 398 3180 577 3237; x_wconf 88' lang='lat' dir='ltr'>quam</span> <span class='ocrx_word' id='word_1_494' title='bbox 607 3166 834 3236; x_wconf 90' lang='lat' dir='ltr'>potens,</span> <span class='ocrx_word' id='word_1_495' title='bbox 859 3178 1035 3234; x_wconf 88' lang='lat' dir='ltr'>quam</span> <span class='ocrx_word' id='word_1_496' title='bbox 1067 3157 1454 3226; x_wconf 89' lang='lat' dir='ltr'>admirabilis,</span> <span class='ocrx_word' id='word_1_497' title='bbox 1475 3174 1651 3230; x_wconf 90' lang='lat' dir='ltr'>quam</span> <span class='ocrx_word' id='word_1_498' title='bbox 1672 3155 1833 3212; x_wconf 91' lang='lat' dir='ltr'>velox</span> <span class='ocrx_word' id='word_1_499' title='bbox 1863 3161 1953 3212; x_wconf 89' lang='lat' dir='ltr'>est</span> <span class='ocrx_word' id='word_1_500' title='bbox 1983 3157 2042 3212; x_wconf 93' lang='lat' dir='ltr'>in</span> <span class='ocrx_word' id='word_1_501' title='bbox 2074 3145 2116 3210; x_wconf 86' lang='lat' dir='ltr'><strong>C</strong></span> <span class='ocrx_word' id='word_1_502' title='bbox 2153 3157 2590 3224; x_wconf 88' lang='lat' dir='ltr'>tres,voluntati</span> <span class='ocrx_word' id='word_1_503' title='bbox 2613 3157 2816 3212; x_wconf 75' lang='lat' dir='ltr'>divina.-</span> <span class='ocrx_word' id='word_1_504' title='bbox 2849 3175 2956 3214; x_wconf 89' lang='lat' dir='ltr'>nos</span> <span class='ocrx_word' id='word_1_505' title='bbox 2987 3159 3426 3226; x_wconf 89' lang='lat' dir='ltr'>submittamus,</span> <span class='ocrx_word' id='word_1_506' title='bbox 3456 3163 3524 3214; x_wconf 89' lang='lat' dir='ltr'>ut</span> <span class='ocrx_word' id='word_1_507' title='bbox 3554 3160 3688 3232; x_wconf 89' lang='lat' dir='ltr'>ipse</span> <span class='ocrx_word' id='word_1_508' title='bbox 3715 3161 3804 3215; x_wconf 88' lang='lat' dir='ltr'>det</span> 
     </span>
    </p>
   </div>
   <div class='ocr_carea' id='block_1_65' title="bbox 400 3245 2044 3327">
    <p class='ocr_par' dir='ltr' id='par_1_65' title="bbox 400 3245 2044 3327">
     <span class='ocr_line' id='line_1_65' title="bbox 400 3245 2044 3327; baseline -0.006 -17"><span class='ocrx_word' id='word_1_509' title='bbox 400 3251 676 3327; x_wconf 88' lang='lat' dir='ltr'>operibus</span> <span class='ocrx_word' id='word_1_510' title='bbox 695 3250 820 3307; x_wconf 87' lang='lat' dir='ltr'>suis</span> <span class='ocrx_word' id='word_1_511' title='bbox 839 3248 1092 3322; x_wconf 87' lang='lat' dir='ltr'>Spiritus</span> <span class='ocrx_word' id='word_1_512' title='bbox 1117 3252 1378 3315; x_wconf 89' lang='lat' dir='ltr'>sanctus,</span> <span class='ocrx_word' id='word_1_513' title='bbox 1394 3247 1494 3320; x_wconf 91' lang='lat' dir='ltr'>qui</span> <span class='ocrx_word' id='word_1_514' title='bbox 1515 3246 1669 3319; x_wconf 91' lang='lat' dir='ltr'>quod</span> <span class='ocrx_word' id='word_1_515' title='bbox 1691 3263 1825 3301; x_wconf 91' lang='lat' dir='ltr'>cum</span> <span class='ocrx_word' id='word_1_516' title='bbox 1848 3245 2044 3302; x_wconf 91' lang='lat' dir='ltr'>labore</span> 
     </span>
    </p>
   </div>
   <div class='ocr_carea' id='block_1_66' title="bbox 400 3333 2044 3411">
    <p class='ocr_par' dir='ltr' id='par_1_66' title="bbox 400 3333 2044 3411">
     <span class='ocr_line' id='line_1_66' title="bbox 400 3333 2044 3411; baseline -0.005 -13"><span class='ocrx_word' id='word_1_517' title='bbox 400 3347 458 3398; x_wconf 89' lang='lat' dir='ltr'>et</span> <span class='ocrx_word' id='word_1_518' title='bbox 487 3340 705 3411; x_wconf 87' lang='lat' dir='ltr'>studio,</span> <span class='ocrx_word' id='word_1_519' title='bbox 747 3343 804 3395; x_wconf 91' lang='lat' dir='ltr'>et</span> <span class='ocrx_word' id='word_1_520' title='bbox 847 3355 952 3411; x_wconf 88' lang='lat' dir='ltr'>per</span> <span class='ocrx_word' id='word_1_521' title='bbox 997 3335 1421 3408; x_wconf 86' lang='lat' dir='ltr'>longitudinem</span> <span class='ocrx_word' id='word_1_522' title='bbox 1451 3335 1732 3407; x_wconf 90' lang='lat' dir='ltr'>temporis</span> <span class='ocrx_word' id='word_1_523' title='bbox 1778 3334 1872 3388; x_wconf 86' lang='lat' dir='ltr'>vix</span> <span class='ocrx_word' id='word_1_524' title='bbox 1921 3333 2044 3390; x_wconf 86' lang='lat' dir='ltr'>ﬁeri</span> 
     </span>
    </p>
   </div>
   <div class='ocr_carea' id='block_1_67' title="bbox 397 3423 2046 3499">
    <p class='ocr_par' dir='ltr' id='par_1_67' title="bbox 397 3423 2046 3499">
     <span class='ocr_line' id='line_1_67' title="bbox 397 3423 2046 3499; baseline -0.007 -11"><span class='ocrx_word' id='word_1_525' title='bbox 397 3429 568 3496; x_wconf 83' lang='lat' dir='ltr'>solet,</span> <span class='ocrx_word' id='word_1_526' title='bbox 591 3429 712 3484; x_wconf 71' lang='lat' dir='ltr'>haec</span> <span class='ocrx_word' id='word_1_527' title='bbox 743 3425 954 3499; x_wconf 88' lang='lat' dir='ltr'>quiete,</span> <span class='ocrx_word' id='word_1_528' title='bbox 979 3429 1036 3481; x_wconf 91' lang='lat' dir='ltr'>et</span> <span class='ocrx_word' id='word_1_529' title='bbox 1065 3425 1190 3480; x_wconf 91' lang='lat' dir='ltr'>sine</span> <span class='ocrx_word' id='word_1_530' title='bbox 1227 3423 1605 3480; x_wconf 87' lang='lat' dir='ltr'>meditatione</span> <span class='ocrx_word' id='word_1_531' title='bbox 1636 3427 1692 3478; x_wconf 88' lang='lat' dir='ltr'>et</span> <span class='ocrx_word' id='word_1_532' title='bbox 1721 3423 1848 3478; x_wconf 89' lang='lat' dir='ltr'>sine</span> <span class='ocrx_word' id='word_1_533' title='bbox 1881 3440 2046 3478; x_wconf 90' lang='lat' dir='ltr'>mora</span> 
     </span>
    </p>
   </div>
   <div class='ocr_carea' id='block_1_68' title="bbox 398 3511 2044 3588">
    <p class='ocr_par' dir='ltr' id='par_1_68' title="bbox 398 3511 2044 3588">
     <span class='ocr_line' id='line_1_68' title="bbox 398 3511 2044 3588; baseline -0.005 -14"><span class='ocrx_word' id='word_1_534' title='bbox 398 3519 458 3574; x_wconf 87' lang='lat' dir='ltr'>in</span> <span class='ocrx_word' id='word_1_535' title='bbox 480 3517 606 3574; x_wconf 87' lang='lat' dir='ltr'>suis</span> <span class='ocrx_word' id='word_1_536' title='bbox 635 3515 938 3588; x_wconf 89' lang='lat' dir='ltr'>operatur!</span> <span class='ocrx_word' id='word_1_537' title='bbox 973 3515 1037 3569; x_wconf 87' lang='lat' dir='ltr'>Et</span> <span class='ocrx_word' id='word_1_538' title='bbox 1063 3521 1310 3584; x_wconf 86' lang='lat' dir='ltr'>suggeret</span> <span class='ocrx_word' id='word_1_539' title='bbox 1337 3514 1488 3568; x_wconf 88' lang='lat' dir='ltr'>vobis</span> <span class='ocrx_word' id='word_1_540' title='bbox 1517 3513 1721 3568; x_wconf 89' lang='lat' dir='ltr'>omnia.</span> <span class='ocrx_word' id='word_1_541' title='bbox 1749 3511 2044 3567; x_wconf 89' lang='lat' dir='ltr'>Multoties</span> 
     </span>
    </p>
   </div>
   <div class='ocr_carea' id='block_1_69' title="bbox 397 3601 2039 3674">
    <p class='ocr_par' dir='ltr' id='par_1_69' title="bbox 397 3601 2039 3674">
     <span class='ocr_line' id='line_1_69' title="bbox 397 3601 2039 3674; baseline -0.005 -12"><span class='ocrx_word' id='word_1_542' title='bbox 397 3609 628 3672; x_wconf 78' lang='lat' dir='ltr'>fratres,</span> <span class='ocrx_word' id='word_1_543' title='bbox 643 3603 868 3674; x_wconf 88' lang='lat' dir='ltr'>aliquid</span> <span class='ocrx_word' id='word_1_544' title='bbox 886 3602 1109 3658; x_wconf 89' lang='lat' dir='ltr'>scimus</span> <span class='ocrx_word' id='word_1_545' title='bbox 1125 3603 1442 3674; x_wconf 91' lang='lat' dir='ltr'>quod,cum</span> <span class='ocrx_word' id='word_1_546' title='bbox 1461 3605 1707 3673; x_wconf 90' lang='lat' dir='ltr'>oportet,</span> <span class='ocrx_word' id='word_1_547' title='bbox 1723 3601 2039 3656; x_wconf 90' lang='lat' dir='ltr'>nescimus.</span> 
     </span>
    </p>
   </div>
   <div class='ocr_carea' id='block_1_70' title="bbox 396 3689 2046 3766">
    <p class='ocr_par' dir='ltr' id='par_1_70' title="bbox 396 3689 2046 3766">
     <span class='ocr_line' id='line_1_70' title="bbox 396 3689 2046 3766; baseline -0.004 -15"><span class='ocrx_word' id='word_1_548' title='bbox 396 3695 508 3752; x_wconf 80' lang='lat' dir='ltr'>Sed</span> <span class='ocrx_word' id='word_1_549' title='bbox 526 3692 768 3766; x_wconf 90' lang='lat' dir='ltr'>spiritus</span> <span class='ocrx_word' id='word_1_550' title='bbox 785 3695 1025 3748; x_wconf 87' lang='lat' dir='ltr'>sanctus</span> <span class='ocrx_word' id='word_1_551' title='bbox 1043 3689 1340 3746; x_wconf 88' lang='lat' dir='ltr'>ministrat</span> <span class='ocrx_word' id='word_1_552' title='bbox 1360 3691 1506 3757; x_wconf 91' lang='lat' dir='ltr'>suis,</span> <span class='ocrx_word' id='word_1_553' title='bbox 1520 3707 1634 3745; x_wconf 89' lang='lat' dir='ltr'>non</span> <span class='ocrx_word' id='word_1_554' title='bbox 1654 3689 1843 3744; x_wconf 90' lang='lat' dir='ltr'>solum</span> <span class='ocrx_word' id='word_1_555' title='bbox 1863 3689 2046 3745; x_wconf 87' lang='lat' dir='ltr'>scien-</span> 
     </span>
    </p>
   </div>
   <div class='ocr_carea' id='block_1_71' title="bbox 397 3777 2039 3850">
    <p class='ocr_par' dir='ltr' id='par_1_71' title="bbox 397 3777 2039 3850">
     <span class='ocr_line' id='line_1_71' title="bbox 397 3777 2039 3850; baseline -0.004 -10"><span class='ocrx_word' id='word_1_556' title='bbox 397 3785 561 3850; x_wconf 83' lang='lat' dir='ltr'>tiam,</span> <span class='ocrx_word' id='word_1_557' title='bbox 585 3781 686 3838; x_wconf 86' lang='lat' dir='ltr'>sed</span> <span class='ocrx_word' id='word_1_558' title='bbox 718 3780 896 3836; x_wconf 90' lang='lat' dir='ltr'>etiam</span> <span class='ocrx_word' id='word_1_559' title='bbox 940 3785 1004 3836; x_wconf 93' lang='lat' dir='ltr'>ut</span> <span class='ocrx_word' id='word_1_560' title='bbox 1036 3796 1104 3836; x_wconf 87' lang='lat' dir='ltr'>ea</span> <span class='ocrx_word' id='word_1_561' title='bbox 1134 3778 1258 3834; x_wconf 92' lang='lat' dir='ltr'>loco</span> <span class='ocrx_word' id='word_1_562' title='bbox 1306 3783 1363 3835; x_wconf 90' lang='lat' dir='ltr'>et</span> <span class='ocrx_word' id='word_1_563' title='bbox 1409 3784 1690 3850; x_wconf 88' lang='lat' dir='ltr'>tempore,</span> <span class='ocrx_word' id='word_1_564' title='bbox 1715 3777 1802 3833; x_wconf 90' lang='lat' dir='ltr'>uti</span> <span class='ocrx_word' id='word_1_565' title='bbox 1834 3779 2039 3834; x_wconf 88' lang='lat' dir='ltr'>sciant.</span> 
     </span>
    </p>
   </div>
   <div class='ocr_carea' id='block_1_72' title="bbox 396 3867 2043 3938">
    <p class='ocr_par' dir='ltr' id='par_1_72' title="bbox 396 3867 2043 3938">
     <span class='ocr_line' id='line_1_72' title="bbox 396 3867 2043 3938; baseline -0.003 -9"><span class='ocrx_word' id='word_1_566' title='bbox 396 3872 507 3929; x_wconf 85' lang='lat' dir='ltr'>Sed</span> <span class='ocrx_word' id='word_1_567' title='bbox 531 3869 816 3927; x_wconf 89' lang='lat' dir='ltr'>Dominus</span> <span class='ocrx_word' id='word_1_568' title='bbox 844 3867 985 3925; x_wconf 88' lang='lat' dir='ltr'>alibi</span> <span class='ocrx_word' id='word_1_569' title='bbox 1011 3869 1190 3924; x_wconf 88' lang='lat' dir='ltr'>dicit:</span> <span class='ocrx_word' id='word_1_570' title='bbox 1215 3871 1356 3924; x_wconf 86' lang='lat' dir='ltr'>Dum</span> <span class='ocrx_word' id='word_1_571' title='bbox 1380 3869 1634 3923; x_wconf 88' lang='lat' dir='ltr'>steteritis</span> <span class='ocrx_word' id='word_1_572' title='bbox 1663 3875 1790 3922; x_wconf 85' lang='lat' dir='ltr'>ante</span> <span class='ocrx_word' id='word_1_573' title='bbox 1814 3883 1962 3938; x_wconf 87' lang='lat' dir='ltr'>reges</span> <span class='ocrx_word' id='word_1_574' title='bbox 1992 3877 2043 3924; x_wconf 90' lang='lat' dir='ltr'>et</span> 
     </span>
    </p>
   </div>
   <div class='ocr_carea' id='block_1_73' title="bbox 388 3956 2042 4035">
    <p class='ocr_par' dir='ltr' id='par_1_73' title="bbox 388 3956 2042 4035">
     <span class='ocr_line' id='line_1_73' title="bbox 388 3956 2042 4035; baseline -0.002 -19"><span class='ocrx_word' id='word_1_575' title='bbox 388 3959 675 4035; x_wconf 57' lang='lat' dir='ltr'>praesides,</span> <span class='ocrx_word' id='word_1_576' title='bbox 690 3960 863 4015; x_wconf 83' lang='lat' dir='ltr'>nolite</span> <span class='ocrx_word' id='word_1_577' title='bbox 889 3960 1125 4030; x_wconf 87' lang='lat' dir='ltr'>cogitare</span> <span class='ocrx_word' id='word_1_578' title='bbox 1153 3957 1414 4029; x_wconf 91' lang='lat' dir='ltr'>quomodo</span> <span class='ocrx_word' id='word_1_579' title='bbox 1433 3964 1529 4012; x_wconf 87' lang='lat' dir='ltr'>aut</span> <span class='ocrx_word' id='word_1_580' title='bbox 1545 3956 1677 4027; x_wconf 83' lang='lat' dir='ltr'>quid</span> <span class='ocrx_word' id='word_1_581' title='bbox 1699 3957 2004 4029; x_wconf 85' lang='lat' dir='ltr'>loquamini</span> <span class='ocrx_word' id='word_1_582' title='bbox 2023 3976 2042 4013; x_wconf 90' lang='lat'><strong><em>:</em></strong></span> 
     </span>
    </p>
   </div>
   <div class='ocr_carea' id='block_1_74' title="bbox 395 4045 2038 4118">
    <p class='ocr_par' dir='ltr' id='par_1_74' title="bbox 395 4045 2038 4118">
     <span class='ocr_line' id='line_1_74' title="bbox 395 4045 2038 4118; baseline -0.002 -12"><span class='ocrx_word' id='word_1_583' title='bbox 395 4050 623 4106; x_wconf 86' lang='lat' dir='ltr'>dabitur</span> <span class='ocrx_word' id='word_1_584' title='bbox 639 4050 790 4104; x_wconf 87' lang='lat' dir='ltr'>enim</span> <span class='ocrx_word' id='word_1_585' title='bbox 811 4049 959 4104; x_wconf 85' lang='lat' dir='ltr'>vobis</span> <span class='ocrx_word' id='word_1_586' title='bbox 982 4049 1042 4102; x_wconf 87' lang='lat' dir='ltr'>in</span> <span class='ocrx_word' id='word_1_587' title='bbox 1073 4048 1173 4102; x_wconf 85' lang='lat' dir='ltr'>illa</span> <span class='ocrx_word' id='word_1_588' title='bbox 1197 4048 1330 4102; x_wconf 84' lang='lat' dir='ltr'>hora</span> <span class='ocrx_word' id='word_1_589' title='bbox 1352 4045 1482 4118; x_wconf 87' lang='lat' dir='ltr'>quid</span> <span class='ocrx_word' id='word_1_590' title='bbox 1512 4047 1818 4116; x_wconf 88' lang='lat' dir='ltr'>loquamini</span> <span class='ocrx_word' id='word_1_591' title='bbox 1836 4045 2038 4113; x_wconf 83' lang='lat' dir='ltr'>(Matth.</span> 
     </span>
    </p>
   </div>
   <div class='ocr_carea' id='block_1_75' title="bbox 394 4133 2037 4208">
    <p class='ocr_par' dir='ltr' id='par_1_75' title="bbox 394 4133 2037 4208">
     <span class='ocr_line' id='line_1_75' title="bbox 394 4133 2037 4208; baseline -0.004 -13"><span class='ocrx_word' id='word_1_592' title='bbox 394 4157 461 4207; x_wconf 84' lang='lat' dir='ltr'>x;</span> <span class='ocrx_word' id='word_1_593' title='bbox 495 4139 656 4195; x_wconf 82' lang='lat' dir='ltr'>Marc.</span> <span class='ocrx_word' id='word_1_594' title='bbox 689 4136 833 4208; x_wconf 85' lang='lat' dir='ltr'>xm).</span> <span class='ocrx_word' id='word_1_595' title='bbox 858 4137 983 4192; x_wconf 86' lang='lat' dir='ltr'>Non</span> <span class='ocrx_word' id='word_1_596' title='bbox 1030 4135 1186 4190; x_wconf 87' lang='lat' dir='ltr'>enim</span> <span class='ocrx_word' id='word_1_597' title='bbox 1217 4152 1318 4190; x_wconf 90' lang='lat' dir='ltr'>vos</span> <span class='ocrx_word' id='word_1_598' title='bbox 1365 4135 1508 4190; x_wconf 89' lang='lat' dir='ltr'>estis</span> <span class='ocrx_word' id='word_1_599' title='bbox 1557 4134 1657 4206; x_wconf 86' lang='lat' dir='ltr'>qui</span> <span class='ocrx_word' id='word_1_600' title='bbox 1705 4133 2037 4206; x_wconf 91' lang='lat' dir='ltr'>loquimini,</span> 
     </span>
    </p>
   </div>
   <div class='ocr_carea' id='block_1_76' title="bbox 395 4222 2040 4298">
    <p class='ocr_par' dir='ltr' id='par_1_76' title="bbox 395 4222 2040 4298">
     <span class='ocr_line' id='line_1_76' title="bbox 395 4222 2040 4298; baseline -0.004 -13"><span class='ocrx_word' id='word_1_601' title='bbox 395 4229 497 4285; x_wconf 85' lang='lat' dir='ltr'>scd</span> <span class='ocrx_word' id='word_1_602' title='bbox 530 4226 784 4298; x_wconf 88' lang='lat' dir='ltr'>Spiritus</span> <span class='ocrx_word' id='word_1_603' title='bbox 836 4229 1076 4281; x_wconf 88' lang='lat' dir='ltr'>sanctus</span> <span class='ocrx_word' id='word_1_604' title='bbox 1108 4223 1295 4279; x_wconf 89' lang='lat' dir='ltr'>Patris</span> <span class='ocrx_word' id='word_1_605' title='bbox 1323 4222 1499 4279; x_wconf 83' lang='lat' dir='ltr'>vestri</span> <span class='ocrx_word' id='word_1_606' title='bbox 1546 4222 1646 4294; x_wconf 88' lang='lat' dir='ltr'>qui</span> <span class='ocrx_word' id='word_1_607' title='bbox 1693 4223 1952 4295; x_wconf 87' lang='lat' dir='ltr'>loquitur</span> <span class='ocrx_word' id='word_1_608' title='bbox 1981 4223 2040 4278; x_wconf 91' lang='lat' dir='ltr'>in</span> 
     </span>
    </p>
   </div>
   <div class='ocr_carea' id='block_1_77' title="bbox 391 4311 2038 4385">
    <p class='ocr_par' dir='ltr' id='par_1_77' title="bbox 391 4311 2038 4385">
     <span class='ocr_line' id='line_1_77' title="bbox 391 4311 2038 4385; baseline -0.004 -12"><span class='ocrx_word' id='word_1_609' title='bbox 391 4315 578 4373; x_wconf 89' lang='lat' dir='ltr'>vobis.</span> <span class='ocrx_word' id='word_1_610' title='bbox 604 4313 955 4370; x_wconf 88' lang='lat' dir='ltr'>Ministravit</span> <span class='ocrx_word' id='word_1_611' title='bbox 977 4312 1154 4385; x_wconf 90' lang='lat' dir='ltr'>igitur</span> <span class='ocrx_word' id='word_1_612' title='bbox 1174 4312 1426 4384; x_wconf 90' lang='lat' dir='ltr'>Spiritus</span> <span class='ocrx_word' id='word_1_613' title='bbox 1448 4316 1686 4366; x_wconf 89' lang='lat' dir='ltr'>sanctus</span> <span class='ocrx_word' id='word_1_614' title='bbox 1708 4311 2038 4384; x_wconf 89' lang='lat' dir='ltr'>discipulis,</span> 
     </span>
    </p>
   </div>
   <div class='ocr_carea' id='block_1_78' title="bbox 395 4400 2042 4472">
    <p class='ocr_par' dir='ltr' id='par_1_78' title="bbox 395 4400 2042 4472">
     <span class='ocr_line' id='line_1_78' title="bbox 395 4400 2042 4472; baseline -0.003 -11"><span class='ocrx_word' id='word_1_615' title='bbox 395 4422 510 4461; x_wconf 92' lang='lat' dir='ltr'>non</span> <span class='ocrx_word' id='word_1_616' title='bbox 535 4402 727 4460; x_wconf 88' lang='lat' dir='ltr'>solum</span> <span class='ocrx_word' id='word_1_617' title='bbox 749 4403 1117 4458; x_wconf 88' lang='lat' dir='ltr'>sanctitatem</span> <span class='ocrx_word' id='word_1_618' title='bbox 1141 4405 1198 4456; x_wconf 89' lang='lat' dir='ltr'>et</span> <span class='ocrx_word' id='word_1_619' title='bbox 1218 4401 1587 4472; x_wconf 89' lang='lat' dir='ltr'>sapientiam,</span> <span class='ocrx_word' id='word_1_620' title='bbox 1604 4401 1704 4455; x_wconf 92' lang='lat' dir='ltr'>sed</span> <span class='ocrx_word' id='word_1_621' title='bbox 1729 4401 1907 4456; x_wconf 87' lang='lat' dir='ltr'>etiam</span> <span class='ocrx_word' id='word_1_622' title='bbox 1926 4400 2042 4456; x_wconf 89' lang='lat' dir='ltr'>elo-</span> 
     </span>
    </p>
   </div>
   <div class='ocr_carea' id='block_1_79' title="bbox 393 4489 2116 4576">
    <p class='ocr_par' dir='ltr' id='par_1_79' title="bbox 393 4489 2116 4576">
     <span class='ocr_line' id='line_1_79' title="bbox 393 4489 2116 4576; baseline -0.004 -26"><span class='ocrx_word' id='word_1_623' title='bbox 393 4494 692 4567; x_wconf 83' lang='lat' dir='ltr'>quentiam</span> <span class='ocrx_word' id='word_1_624' title='bbox 715 4496 772 4549; x_wconf 91' lang='lat' dir='ltr'>et</span> <span class='ocrx_word' id='word_1_625' title='bbox 791 4489 1100 4562; x_wconf 90' lang='lat' dir='ltr'>eloquendi</span> <span class='ocrx_word' id='word_1_626' title='bbox 1123 4490 1617 4562; x_wconf 87' lang='lat' dir='ltr'>opportunitatem</span> <span class='ocrx_word' id='word_1_627' title='bbox 1635 4493 1693 4576; x_wconf 90' lang='lat' dir='ltr'>et</span> <span class='ocrx_word' id='word_1_628' title='bbox 1710 4489 2036 4556; x_wconf 83' lang='lat' dir='ltr'>audaciam,</span> <span class='ocrx_word' id='word_1_629' title='bbox 2071 4512 2116 4576; x_wconf 75' lang='grc' dir='ltr'>Ι)</span> 
     </span>
    </p>
   </div>
   <div class='ocr_carea' id='block_1_80' title="bbox 387 4575 2041 4644">
    <p class='ocr_par' dir='ltr' id='par_1_80' title="bbox 387 4575 2041 4644">
     <span class='ocr_line' id='line_1_80' title="bbox 387 4575 2041 4644; baseline -0.004 -6"><span class='ocrx_word' id='word_1_630' title='bbox 387 4585 450 4638; x_wconf 85' lang='lat' dir='ltr'>et</span> <span class='ocrx_word' id='word_1_631' title='bbox 479 4577 898 4635; x_wconf 89' lang='lat' dir='ltr'>miraculorum</span> <span class='ocrx_word' id='word_1_632' title='bbox 929 4577 1452 4644; x_wconf 82' lang='lat' dir='ltr'>conﬁrmationem,</span> <span class='ocrx_word' id='word_1_633' title='bbox 1477 4581 1533 4632; x_wconf 90' lang='lat' dir='ltr'>et</span> <span class='ocrx_word' id='word_1_634' title='bbox 1554 4575 1859 4632; x_wconf 88' lang='lat' dir='ltr'>resistendi</span> <span class='ocrx_word' id='word_1_635' title='bbox 1885 4579 2041 4632; x_wconf 89' lang='lat' dir='ltr'>forti-</span> 
     </span>
    </p>
   </div>
   <div class='ocr_carea' id='block_1_81' title="bbox 390 4664 2036 4737">
    <p class='ocr_par' dir='ltr' id='par_1_81' title="bbox 390 4664 2036 4737">
     <span class='ocr_line' id='line_1_81' title="bbox 390 4664 2036 4737; baseline -0.002 -12"><span class='ocrx_word' id='word_1_636' title='bbox 390 4669 678 4726; x_wconf 88' lang='lat' dir='ltr'>tudinem.</span> <span class='ocrx_word' id='word_1_637' title='bbox 702 4667 746 4724; x_wconf 93' lang='grc' dir='ltr'>Ο</span> <span class='ocrx_word' id='word_1_638' title='bbox 777 4666 1003 4722; x_wconf 89' lang='lat' dir='ltr'>utinam</span> <span class='ocrx_word' id='word_1_639' title='bbox 1049 4667 1396 4722; x_wconf 89' lang='lat' dir='ltr'>descendere</span> <span class='ocrx_word' id='word_1_640' title='bbox 1449 4664 1723 4737; x_wconf 89' lang='lat' dir='ltr'>dignetur</span> <span class='ocrx_word' id='word_1_641' title='bbox 1751 4671 1807 4721; x_wconf 87' lang='lat' dir='ltr'>et</span> <span class='ocrx_word' id='word_1_642' title='bbox 1837 4665 1896 4720; x_wconf 91' lang='lat' dir='ltr'>in</span> <span class='ocrx_word' id='word_1_643' title='bbox 1931 4683 2036 4722; x_wconf 90' lang='lat' dir='ltr'>nos</span> 
     </span>
    </p>
   </div>
   <div class='ocr_carea' id='block_1_82' title="bbox 389 4753 2037 4830">
    <p class='ocr_par' dir='ltr' id='par_1_82' title="bbox 389 4753 2037 4830">
     <span class='ocr_line' id='line_1_82' title="bbox 389 4753 2037 4830; baseline -0.002 -17"><span class='ocrx_word' id='word_1_644' title='bbox 389 4756 826 4830; x_wconf 85' lang='lat' dir='ltr'>qualescunque</span> <span class='ocrx_word' id='word_1_645' title='bbox 867 4755 1272 4828; x_wconf 72' lang='lat' dir='ltr'>przedicatores</span> <span class='ocrx_word' id='word_1_646' title='bbox 1303 4753 1402 4810; x_wconf 90' lang='lat' dir='ltr'>ille</span> <span class='ocrx_word' id='word_1_647' title='bbox 1431 4758 1669 4809; x_wconf 88' lang='lat' dir='ltr'>sanctus</span> <span class='ocrx_word' id='word_1_648' title='bbox 1697 4758 1752 4808; x_wconf 90' lang='lat' dir='ltr'>et</span> <span class='ocrx_word' id='word_1_649' title='bbox 1782 4755 2037 4810; x_wconf 89' lang='lat' dir='ltr'>admira-</span> 
     </span>
    </p>
   </div>
   <div class='ocr_carea' id='block_1_83' title="bbox 389 4842 2036 4918">
    <p class='ocr_par' dir='ltr' id='par_1_83' title="bbox 389 4842 2036 4918">
     <span class='ocr_line' id='line_1_83' title="bbox 389 4842 2036 4918; baseline -0.003 -15"><span class='ocrx_word' id='word_1_650' title='bbox 389 4846 524 4903; x_wconf 86' lang='lat' dir='ltr'>bilis</span> <span class='ocrx_word' id='word_1_651' title='bbox 546 4846 819 4918; x_wconf 89' lang='lat' dir='ltr'>Spiritus,</span> <span class='ocrx_word' id='word_1_652' title='bbox 835 4849 892 4901; x_wconf 89' lang='lat' dir='ltr'>et</span> <span class='ocrx_word' id='word_1_653' title='bbox 908 4844 1195 4916; x_wconf 89' lang='lat' dir='ltr'>inspirare</span> <span class='ocrx_word' id='word_1_654' title='bbox 1211 4843 1380 4898; x_wconf 89' lang='lat' dir='ltr'>nobis</span> <span class='ocrx_word' id='word_1_655' title='bbox 1397 4842 1716 4897; x_wconf 88' lang='lat' dir='ltr'>bonitatem</span> <span class='ocrx_word' id='word_1_656' title='bbox 1739 4847 1796 4898; x_wconf 90' lang='lat' dir='ltr'>et</span> <span class='ocrx_word' id='word_1_657' title='bbox 1813 4844 2036 4914; x_wconf 85' lang='lat' dir='ltr'>sapien-</span> 
     </span>
    </p>
   </div>
   <div class='ocr_carea' id='block_1_84' title="bbox 387 4930 2035 5004">
    <p class='ocr_par' dir='ltr' id='par_1_84' title="bbox 387 4930 2035 5004">
     <span class='ocr_line' id='line_1_84' title="bbox 387 4930 2035 5004; baseline -0.001 -14"><span class='ocrx_word' id='word_1_658' title='bbox 387 4934 532 4990; x_wconf 85' lang='lat' dir='ltr'>tiam</span> <span class='ocrx_word' id='word_1_659' title='bbox 553 4935 699 4992; x_wconf 90' lang='lat' dir='ltr'>bene</span> <span class='ocrx_word' id='word_1_660' title='bbox 717 4934 946 4990; x_wconf 88' lang='lat' dir='ltr'>vivendi</span> <span class='ocrx_word' id='word_1_661' title='bbox 975 4939 1032 4989; x_wconf 87' lang='lat' dir='ltr'>et</span> <span class='ocrx_word' id='word_1_662' title='bbox 1064 4931 1327 5004; x_wconf 87' lang='lat' dir='ltr'>sapiendi</span> <span class='ocrx_word' id='word_1_663' title='bbox 1363 4948 1376 4986; x_wconf 90' lang='lat'><strong>:</strong></span> <span class='ocrx_word' id='word_1_664' title='bbox 1410 4936 1467 4986; x_wconf 89' lang='lat' dir='ltr'>et</span> <span class='ocrx_word' id='word_1_665' title='bbox 1495 4930 1912 5002; x_wconf 90' lang='lat' dir='ltr'>eloquentiam,</span> <span class='ocrx_word' id='word_1_666' title='bbox 1938 4950 2035 5004; x_wconf 88' lang='lat' dir='ltr'>op-</span> 
     </span>
    </p>
   </div>
   <div class='ocr_carea' id='block_1_85' title="bbox 390 5020 2036 5094">
    <p class='ocr_par' dir='ltr' id='par_1_85' title="bbox 390 5020 2036 5094">
     <span class='ocr_line' id='line_1_85' title="bbox 390 5020 2036 5094; baseline -0.001 -16"><span class='ocrx_word' id='word_1_667' title='bbox 390 5023 810 5094; x_wconf 88' lang='lat' dir='ltr'>portunitatem</span> <span class='ocrx_word' id='word_1_668' title='bbox 859 5029 916 5078; x_wconf 91' lang='lat' dir='ltr'>et</span> <span class='ocrx_word' id='word_1_669' title='bbox 971 5021 1279 5078; x_wconf 88' lang='lat' dir='ltr'>audaciam</span> <span class='ocrx_word' id='word_1_670' title='bbox 1337 5020 1492 5076; x_wconf 86' lang='lat' dir='ltr'>bene</span> <span class='ocrx_word' id='word_1_671' title='bbox 1515 5024 1572 5074; x_wconf 90' lang='lat' dir='ltr'>et</span> <span class='ocrx_word' id='word_1_672' title='bbox 1601 5025 1946 5091; x_wconf 87' lang='lat' dir='ltr'>opportune,</span> <span class='ocrx_word' id='word_1_673' title='bbox 1979 5027 2036 5076; x_wconf 90' lang='lat' dir='ltr'>et</span> 
     </span>
    </p>
   </div>
   <div class='ocr_carea' id='block_1_86' title="bbox 389 5107 2034 5182">
    <p class='ocr_par' dir='ltr' id='par_1_86' title="bbox 389 5107 2034 5182">
     <span class='ocr_line' id='line_1_86' title="bbox 389 5107 2034 5182; baseline 0.001 -17"><span class='ocrx_word' id='word_1_674' title='bbox 389 5110 668 5165; x_wconf 89' lang='lat' dir='ltr'>audacter</span> <span class='ocrx_word' id='word_1_675' title='bbox 708 5109 1082 5182; x_wconf 74' lang='lat' dir='ltr'>praedicandi,</span> <span class='ocrx_word' id='word_1_676' title='bbox 1115 5114 1172 5166; x_wconf 89' lang='lat' dir='ltr'>et</span> <span class='ocrx_word' id='word_1_677' title='bbox 1219 5107 1720 5164; x_wconf 84' lang='lat' dir='ltr'>confirmationem</span> <span class='ocrx_word' id='word_1_678' title='bbox 1760 5110 2034 5180; x_wconf 87' lang='lat' dir='ltr'>operibus</span> 
     </span>
    </p>
   </div>
   <div class='ocr_carea' id='block_1_87' title="bbox 387 5197 2035 5271">
    <p class='ocr_par' dir='ltr' id='par_1_87' title="bbox 387 5197 2035 5271">
     <span class='ocr_line' id='line_1_87' title="bbox 387 5197 2035 5271; baseline 0.001 -18"><span class='ocrx_word' id='word_1_679' title='bbox 387 5197 857 5271; x_wconf 73' lang='lat' dir='ltr'>praedicationem</span> <span class='ocrx_word' id='word_1_680' title='bbox 889 5198 1296 5267; x_wconf 81' lang='lat' dir='ltr'>confirmandi,</span> <span class='ocrx_word' id='word_1_681' title='bbox 1332 5202 1388 5252; x_wconf 83' lang='lat' dir='ltr'>et</span> <span class='ocrx_word' id='word_1_682' title='bbox 1408 5197 1812 5254; x_wconf 89' lang='lat' dir='ltr'>fortitudinem</span> <span class='ocrx_word' id='word_1_683' title='bbox 1847 5215 2035 5270; x_wconf 90' lang='lat' dir='ltr'>perse-</span> 
     </span>
    </p>
   </div>
   <div class='ocr_carea' id='block_1_88' title="bbox 388 5280 2052 5345">
    <p class='ocr_par' dir='ltr' id='par_1_88' title="bbox 388 5280 2052 5345">
     <span class='ocr_line' id='line_1_88' title="bbox 388 5280 2052 5345; baseline -0.004 0"><span class='ocrx_word' id='word_1_684' title='bbox 388 5285 692 5345; x_wconf 80' lang='lat' dir='ltr'>cutoribus</span> <span class='ocrx_word' id='word_1_685' title='bbox 722 5286 926 5342; x_wconf 89' lang='lat' dir='ltr'>mundi</span> <span class='ocrx_word' id='word_1_686' title='bbox 959 5285 1287 5341; x_wconf 88' lang='lat' dir='ltr'>resistendi.</span> <span class='ocrx_word' id='word_1_687' title='bbox 2033 5280 2052 5287; x_wconf 76' lang='grc'><em>”</em></span> 
     </span>
    </p>
   </div>
   <div class='ocr_carea' id='block_1_89' title="bbox 458 5371 2031 5447">
    <p class='ocr_par' dir='ltr' id='par_1_89' title="bbox 458 5371 2031 5447">
     <span class='ocr_line' id='line_1_89' title="bbox 458 5371 2031 5447; baseline 0.002 -20"><span class='ocrx_word' id='word_1_688' title='bbox 458 5372 737 5444; x_wconf 90' lang='lat' dir='ltr'>Sequitur</span> <span class='ocrx_word' id='word_1_689' title='bbox 764 5392 902 5447; x_wconf 88' lang='lat' dir='ltr'>pars</span> <span class='ocrx_word' id='word_1_690' title='bbox 935 5371 1124 5440; x_wconf 89' lang='lat' dir='ltr'>tertia,</span> <span class='ocrx_word' id='word_1_691' title='bbox 1157 5372 1216 5427; x_wconf 90' lang='lat' dir='ltr'>in</span> <span class='ocrx_word' id='word_1_692' title='bbox 1259 5389 1375 5444; x_wconf 90' lang='lat' dir='ltr'>qua</span> <span class='ocrx_word' id='word_1_693' title='bbox 1414 5373 1698 5430; x_wconf 88' lang='lat' dir='ltr'>Dominus</span> <span class='ocrx_word' id='word_1_694' title='bbox 1731 5375 1827 5429; x_wconf 89' lang='lat' dir='ltr'>dat</span> <span class='ocrx_word' id='word_1_695' title='bbox 1858 5375 2031 5432; x_wconf 88' lang='lat' dir='ltr'>disci-</span> 
     </span>
    </p>
   </div>
   <div class='ocr_carea' id='block_1_90' title="bbox 383 5458 2028 5537">
    <p class='ocr_par' dir='ltr' id='par_1_90' title="bbox 383 5458 2028 5537">
     <span class='ocr_line' id='line_1_90' title="bbox 383 5458 2028 5537; baseline 0.002 -21"><span class='ocrx_word' id='word_1_696' title='bbox 383 5458 542 5534; x_wconf 90' lang='lat' dir='ltr'>pulis</span> <span class='ocrx_word' id='word_1_697' title='bbox 573 5462 696 5518; x_wconf 90' lang='lat' dir='ltr'>suis</span> <span class='ocrx_word' id='word_1_698' title='bbox 739 5478 965 5537; x_wconf 89' lang='lat' dir='ltr'>pacem,</span> <span class='ocrx_word' id='word_1_699' title='bbox 990 5461 1228 5517; x_wconf 84' lang='lat' dir='ltr'>dicens:</span> <span class='ocrx_word' id='word_1_700' title='bbox 1259 5467 1458 5516; x_wconf 87' lang='lat' dir='ltr'>Pacem</span> <span class='ocrx_word' id='word_1_701' title='bbox 1489 5464 1738 5534; x_wconf 87' lang='lat' dir='ltr'>relinquo</span> <span class='ocrx_word' id='word_1_702' title='bbox 1770 5467 1936 5532; x_wconf 81' lang='lat' dir='ltr'>vobis,</span> <span class='ocrx_word' id='word_1_703' title='bbox 1971 5465 2028 5520; x_wconf 92' lang='lat' dir='ltr'>in</span> 
     </span>
    </p>
   </div>
   <div class='ocr_carea' id='block_1_91' title="bbox 380 5549 2026 5622">
    <p class='ocr_par' dir='ltr' id='par_1_91' title="bbox 380 5549 2026 5622">
     <span class='ocr_line' id='line_1_91' title="bbox 380 5549 2026 5622; baseline 0.002 -16"><span class='ocrx_word' id='word_1_704' title='bbox 380 5549 659 5606; x_wconf 80' lang='lat' dir='ltr'>mandato</span> <span class='ocrx_word' id='word_1_705' title='bbox 691 5552 914 5610; x_wconf 88' lang='lat' dir='ltr'>scilicet</span> <span class='ocrx_word' id='word_1_706' title='bbox 955 5565 1144 5620; x_wconf 83' lang='lat' dir='ltr'>pacem</span> <span class='ocrx_word' id='word_1_707' title='bbox 1187 5567 1363 5607; x_wconf 89' lang='lat' dir='ltr'>meam</span> <span class='ocrx_word' id='word_1_708' title='bbox 1393 5550 1457 5605; x_wconf 84' lang='lat' dir='ltr'>do</span> <span class='ocrx_word' id='word_1_709' title='bbox 1505 5553 1666 5618; x_wconf 84' lang='lat' dir='ltr'>vobis,</span> <span class='ocrx_word' id='word_1_710' title='bbox 1701 5553 1759 5607; x_wconf 90' lang='lat' dir='ltr'>in</span> <span class='ocrx_word' id='word_1_711' title='bbox 1811 5553 2026 5622; x_wconf 87' lang='lat' dir='ltr'>animo,</span> 
     </span>
    </p>
   </div>
   <div class='ocr_carea' id='block_1_92' title="bbox 2154 3243 3802 3320">
    <p class='ocr_par' dir='ltr' id='par_1_92' title="bbox 2154 3243 3802 3320">
     <span class='ocr_line' id='line_1_92' title="bbox 2154 3243 3802 3320; baseline 0.002 -21"><span class='ocrx_word' id='word_1_712' title='bbox 2154 3243 2322 3300; x_wconf 90' lang='lat' dir='ltr'>nobis</span> <span class='ocrx_word' id='word_1_713' title='bbox 2353 3245 2508 3316; x_wconf 91' lang='lat' dir='ltr'>quod</span> <span class='ocrx_word' id='word_1_714' title='bbox 2540 3247 2700 3301; x_wconf 92' lang='lat' dir='ltr'>novit</span> <span class='ocrx_word' id='word_1_715' title='bbox 2731 3246 2872 3302; x_wconf 90' lang='lat' dir='ltr'>utile</span> <span class='ocrx_word' id='word_1_716' title='bbox 2911 3247 3101 3320; x_wconf 87' lang='lat' dir='ltr'>magis</span> <span class='ocrx_word' id='word_1_717' title='bbox 3130 3263 3259 3304; x_wconf 89' lang='lat' dir='ltr'>esse</span> <span class='ocrx_word' id='word_1_718' title='bbox 3299 3247 3491 3303; x_wconf 88' lang='lat' dir='ltr'>nobis.</span> <span class='ocrx_word' id='word_1_719' title='bbox 3527 3248 3648 3304; x_wconf 82' lang='lat' dir='ltr'>Pax</span> <span class='ocrx_word' id='word_1_720' title='bbox 3679 3265 3802 3304; x_wconf 80' lang='lat' dir='ltr'>vero</span> 
     </span>
    </p>
   </div>
   <div class='ocr_carea' id='block_1_93' title="bbox 2154 3332 3803 3407">
    <p class='ocr_par' dir='ltr' id='par_1_93' title="bbox 2154 3332 3803 3407">
     <span class='ocr_line' id='line_1_93' title="bbox 2154 3332 3803 3407; baseline 0.001 -19"><span class='ocrx_word' id='word_1_721' title='bbox 2154 3332 2432 3388; x_wconf 88' lang='lat' dir='ltr'>bonitatis</span> <span class='ocrx_word' id='word_1_722' title='bbox 2461 3337 2552 3389; x_wconf 87' lang='lat' dir='ltr'>est</span> <span class='ocrx_word' id='word_1_723' title='bbox 2591 3350 2916 3390; x_wconf 89' lang='lat' dir='ltr'>consensus</span> <span class='ocrx_word' id='word_1_724' title='bbox 2969 3334 3229 3407; x_wconf 91' lang='lat' dir='ltr'>plurium</span> <span class='ocrx_word' id='word_1_725' title='bbox 3257 3336 3318 3392; x_wconf 89' lang='lat' dir='ltr'>in</span> <span class='ocrx_word' id='word_1_726' title='bbox 3352 3337 3526 3393; x_wconf 91' lang='lat' dir='ltr'>bono.</span> <span class='ocrx_word' id='word_1_727' title='bbox 3561 3337 3698 3392; x_wconf 72' lang='lat' dir='ltr'>Haec</span> <span class='ocrx_word' id='word_1_728' title='bbox 3724 3340 3803 3393; x_wconf 84' lang='lat' dir='ltr'>est</span> 
     </span>
    </p>
   </div>
   <div class='ocr_carea' id='block_1_94' title="bbox 2154 3422 3802 3495">
    <p class='ocr_par' dir='ltr' id='par_1_94' title="bbox 2154 3422 3802 3495">
     <span class='ocr_line' id='line_1_94' title="bbox 2154 3422 3802 3495; baseline 0.004 -18"><span class='ocrx_word' id='word_1_729' title='bbox 2154 3439 2264 3494; x_wconf 86' lang='lat' dir='ltr'>pax</span> <span class='ocrx_word' id='word_1_730' title='bbox 2296 3438 2472 3492; x_wconf 87' lang='lat' dir='ltr'>quam</span> <span class='ocrx_word' id='word_1_731' title='bbox 2504 3422 2775 3480; x_wconf 89' lang='lat' dir='ltr'>Christus</span> <span class='ocrx_word' id='word_1_732' title='bbox 2814 3423 3107 3495; x_wconf 89' lang='lat' dir='ltr'>promittit</span> <span class='ocrx_word' id='word_1_733' title='bbox 3134 3431 3191 3480; x_wconf 89' lang='lat' dir='ltr'>et</span> <span class='ocrx_word' id='word_1_734' title='bbox 3219 3426 3321 3481; x_wconf 90' lang='lat' dir='ltr'>dat</span> <span class='ocrx_word' id='word_1_735' title='bbox 3357 3426 3552 3481; x_wconf 91' lang='lat' dir='ltr'>nobis.</span> <span class='ocrx_word' id='word_1_736' title='bbox 3589 3426 3674 3482; x_wconf 90' lang='lat' dir='ltr'>De</span> <span class='ocrx_word' id='word_1_737' title='bbox 3704 3427 3802 3482; x_wconf 84' lang='lat' dir='ltr'>hac</span> 
     </span>
    </p>
   </div>
   <div class='ocr_carea' id='block_1_95' title="bbox 2153 3509 3800 3570">
    <p class='ocr_par' dir='ltr' id='par_1_95' title="bbox 2153 3509 3800 3570">
     <span class='ocr_line' id='line_1_95' title="bbox 2153 3509 3800 3570; baseline 0.004 -7"><span class='ocrx_word' id='word_1_738' title='bbox 2153 3509 2246 3565; x_wconf 90' lang='lat' dir='ltr'>hic</span> <span class='ocrx_word' id='word_1_739' title='bbox 2292 3510 2507 3564; x_wconf 90' lang='lat' dir='ltr'>dicitur</span> <span class='ocrx_word' id='word_1_740' title='bbox 2537 3527 2550 3564; x_wconf 90' lang='lat'>:</span> <span class='ocrx_word' id='word_1_741' title='bbox 2584 3517 2782 3568; x_wconf 85' lang='lat' dir='ltr'>Pacem</span> <span class='ocrx_word' id='word_1_742' title='bbox 2825 3529 3006 3568; x_wconf 88' lang='lat' dir='ltr'>meam</span> <span class='ocrx_word' id='word_1_743' title='bbox 3034 3514 3099 3569; x_wconf 88' lang='lat' dir='ltr'>de</span> <span class='ocrx_word' id='word_1_744' title='bbox 3135 3515 3312 3568; x_wconf 88' lang='lat' dir='ltr'>vobis.</span> <span class='ocrx_word' id='word_1_745' title='bbox 3345 3515 3426 3570; x_wconf 86' lang='lat' dir='ltr'>De</span> <span class='ocrx_word' id='word_1_746' title='bbox 3473 3514 3590 3570; x_wconf 87' lang='lat' dir='ltr'>hac</span> <span class='ocrx_word' id='word_1_747' title='bbox 3632 3515 3800 3570; x_wconf 84' lang='lat' dir='ltr'>etiam</span> 
     </span>
    </p>
   </div>
   <div class='ocr_carea' id='block_1_96' title="bbox 2153 3598 3798 3675">
    <p class='ocr_par' dir='ltr' id='par_1_96' title="bbox 2153 3598 3798 3675">
     <span class='ocr_line' id='line_1_96' title="bbox 2153 3598 3798 3675; baseline 0.003 -22"><span class='ocrx_word' id='word_1_748' title='bbox 2153 3598 2402 3654; x_wconf 90' lang='lat' dir='ltr'>dicitur:</span> <span class='ocrx_word' id='word_1_749' title='bbox 2427 3602 2492 3655; x_wconf 88' lang='lat' dir='ltr'>Et</span> <span class='ocrx_word' id='word_1_750' title='bbox 2517 3603 2696 3670; x_wconf 80' lang='lat' dir='ltr'>factus</span> <span class='ocrx_word' id='word_1_751' title='bbox 2725 3610 2803 3657; x_wconf 90' lang='lat' dir='ltr'>est</span> <span class='ocrx_word' id='word_1_752' title='bbox 2844 3603 2904 3657; x_wconf 89' lang='lat' dir='ltr'>in</span> <span class='ocrx_word' id='word_1_753' title='bbox 2936 3619 3068 3674; x_wconf 84' lang='lat' dir='ltr'>pace</span> <span class='ocrx_word' id='word_1_754' title='bbox 3099 3604 3245 3659; x_wconf 88' lang='lat' dir='ltr'>locus</span> <span class='ocrx_word' id='word_1_755' title='bbox 3275 3604 3394 3675; x_wconf 85' lang='lat' dir='ltr'>ejus</span> <span class='ocrx_word' id='word_1_756' title='bbox 3413 3604 3594 3673; x_wconf 82' lang='lat' dir='ltr'>(Psal.</span> <span class='ocrx_word' id='word_1_757' title='bbox 3621 3608 3798 3672; x_wconf 80' lang='lat' dir='ltr'>an).</span> 
     </span>
    </p>
   </div>
   <div class='ocr_carea' id='block_1_97' title="bbox 2153 3689 3801 3760">
    <p class='ocr_par' dir='ltr' id='par_1_97' title="bbox 2153 3689 3801 3760">
     <span class='ocr_line' id='line_1_97' title="bbox 2153 3689 3801 3760; baseline 0.004 -17"><span class='ocrx_word' id='word_1_758' title='bbox 2153 3689 2311 3744; x_wconf 87' lang='lat' dir='ltr'>Hanc</span> <span class='ocrx_word' id='word_1_759' title='bbox 2334 3705 2536 3759; x_wconf 87' lang='lat' dir='ltr'>pacem</span> <span class='ocrx_word' id='word_1_760' title='bbox 2560 3689 2772 3746; x_wconf 89' lang='lat' dir='ltr'>habere</span> <span class='ocrx_word' id='word_1_761' title='bbox 2789 3691 3074 3747; x_wconf 89' lang='lat' dir='ltr'>debemus</span> <span class='ocrx_word' id='word_1_762' title='bbox 3095 3709 3229 3748; x_wconf 89' lang='lat' dir='ltr'>cum</span> <span class='ocrx_word' id='word_1_763' title='bbox 3247 3693 3386 3760; x_wconf 91' lang='lat' dir='ltr'>Deo,</span> <span class='ocrx_word' id='word_1_764' title='bbox 3403 3710 3543 3748; x_wconf 90' lang='lat' dir='ltr'>cum</span> <span class='ocrx_word' id='word_1_765' title='bbox 3562 3694 3738 3750; x_wconf 88' lang='lat' dir='ltr'>nobis</span> <span class='ocrx_word' id='word_1_766' title='bbox 3753 3697 3801 3749; x_wconf 85' lang='lat' dir='ltr'>et</span> 
     </span>
    </p>
   </div>
   <div class='ocr_carea' id='block_1_98' title="bbox 2153 3777 3799 3853">
    <p class='ocr_par' dir='ltr' id='par_1_98' title="bbox 2153 3777 3799 3853">
     <span class='ocr_line' id='line_1_98' title="bbox 2153 3777 3799 3853; baseline 0.003 -22"><span class='ocrx_word' id='word_1_767' title='bbox 2153 3793 2286 3832; x_wconf 90' lang='lat' dir='ltr'>cum</span> <span class='ocrx_word' id='word_1_768' title='bbox 2309 3777 2591 3848; x_wconf 88' lang='lat' dir='ltr'>proximo.</span> <span class='ocrx_word' id='word_1_769' title='bbox 2611 3783 2753 3834; x_wconf 88' lang='lat' dir='ltr'>Cum</span> <span class='ocrx_word' id='word_1_770' title='bbox 2789 3784 3004 3846; x_wconf 90' lang='lat' dir='ltr'>Deo,ut</span> <span class='ocrx_word' id='word_1_771' title='bbox 3037 3781 3093 3835; x_wconf 90' lang='lat' dir='ltr'>in</span> <span class='ocrx_word' id='word_1_772' title='bbox 3117 3781 3392 3837; x_wconf 87' lang='lat' dir='ltr'>omnibus</span> <span class='ocrx_word' id='word_1_773' title='bbox 3412 3783 3546 3853; x_wconf 86' lang='lat' dir='ltr'>ejus</span> <span class='ocrx_word' id='word_1_774' title='bbox 3567 3799 3799 3838; x_wconf 84' lang='lat' dir='ltr'>concor-</span> 
     </span>
    </p>
   </div>
   <div class='ocr_carea' id='block_1_99' title="bbox 2152 3865 3800 3941">
    <p class='ocr_par' dir='ltr' id='par_1_99' title="bbox 2152 3865 3800 3941">
     <span class='ocr_line' id='line_1_99' title="bbox 2152 3865 3800 3941; baseline 0.005 -22"><span class='ocrx_word' id='word_1_775' title='bbox 2152 3865 2362 3920; x_wconf 90' lang='lat' dir='ltr'>demus</span> <span class='ocrx_word' id='word_1_776' title='bbox 2383 3865 2684 3931; x_wconf 85' lang='lat' dir='ltr'>voluntati,</span> <span class='ocrx_word' id='word_1_777' title='bbox 2705 3871 2767 3922; x_wconf 91' lang='lat' dir='ltr'>ut</span> <span class='ocrx_word' id='word_1_778' title='bbox 2787 3867 3011 3922; x_wconf 89' lang='lat' dir='ltr'>scilicet</span> <span class='ocrx_word' id='word_1_779' title='bbox 3026 3868 3214 3924; x_wconf 89' lang='lat' dir='ltr'>simus</span> <span class='ocrx_word' id='word_1_780' title='bbox 3231 3885 3387 3925; x_wconf 89' lang='lat' dir='ltr'>unus</span> <span class='ocrx_word' id='word_1_781' title='bbox 3403 3869 3657 3941; x_wconf 88' lang='lat' dir='ltr'>spiritus</span> <span class='ocrx_word' id='word_1_782' title='bbox 3677 3886 3800 3927; x_wconf 85' lang='lat' dir='ltr'>cum</span> 
     </span>
    </p>
   </div>
   <div class='ocr_carea' id='block_1_100' title="bbox 2152 3953 3806 4033">
    <p class='ocr_par' dir='ltr' id='par_1_100' title="bbox 2152 3953 3806 4033">
     <span class='ocr_line' id='line_1_100' title="bbox 2152 3953 3806 4033; baseline 0.004 -23"><span class='ocrx_word' id='word_1_783' title='bbox 2152 3970 2239 4010; x_wconf 91' lang='lat' dir='ltr'>eo.</span> <span class='ocrx_word' id='word_1_784' title='bbox 2258 3953 2594 4022; x_wconf 89' lang='lat' dir='ltr'>Nobiscum,</span> <span class='ocrx_word' id='word_1_785' title='bbox 2620 3961 2688 4010; x_wconf 91' lang='lat' dir='ltr'>ut</span> <span class='ocrx_word' id='word_1_786' title='bbox 2731 3956 3058 4012; x_wconf 82' lang='lat' dir='ltr'>consentiat</span> <span class='ocrx_word' id='word_1_787' title='bbox 3089 3960 3145 4011; x_wconf 90' lang='lat' dir='ltr'>et</span> <span class='ocrx_word' id='word_1_788' title='bbox 3177 3958 3490 4014; x_wconf 83' lang='lat' dir='ltr'>concordet</span> <span class='ocrx_word' id='word_1_789' title='bbox 3517 3975 3660 4015; x_wconf 88' lang='lat' dir='ltr'>caro</span> <span class='ocrx_word' id='word_1_790' title='bbox 3691 3961 3806 4033; x_wconf 78' lang='lat' dir='ltr'>spi-</span> 
     </span>
    </p>
   </div>
   <div class='ocr_carea' id='block_1_101' title="bbox 2152 4042 3804 4115">
    <p class='ocr_par' dir='ltr' id='par_1_101' title="bbox 2152 4042 3804 4115">
     <span class='ocr_line' id='line_1_101' title="bbox 2152 4042 3804 4115; baseline 0.005 -18"><span class='ocrx_word' id='word_1_791' title='bbox 2152 4042 2308 4098; x_wconf 91' lang='lat' dir='ltr'>ritui.</span> <span class='ocrx_word' id='word_1_792' title='bbox 2334 4043 2477 4098; x_wconf 89' lang='lat' dir='ltr'>Cum</span> <span class='ocrx_word' id='word_1_793' title='bbox 2507 4044 2806 4115; x_wconf 80' lang='lat' dir='ltr'>proximis,</span> <span class='ocrx_word' id='word_1_794' title='bbox 2832 4050 2894 4099; x_wconf 89' lang='lat' dir='ltr'>ut</span> <span class='ocrx_word' id='word_1_795' title='bbox 2925 4045 3115 4100; x_wconf 90' lang='lat' dir='ltr'>simus</span> <span class='ocrx_word' id='word_1_796' title='bbox 3145 4062 3283 4101; x_wconf 89' lang='lat' dir='ltr'>cum</span> <span class='ocrx_word' id='word_1_797' title='bbox 3311 4046 3593 4103; x_wconf 87' lang='lat' dir='ltr'>omnibus</span> <span class='ocrx_word' id='word_1_798' title='bbox 3623 4049 3804 4105; x_wconf 80' lang='lat' dir='ltr'>homi-</span> 
     </span>
    </p>
   </div>
   <div class='ocr_carea' id='block_1_102' title="bbox 2151 4131 3800 4204">
    <p class='ocr_par' dir='ltr' id='par_1_102' title="bbox 2151 4131 3800 4204">
     <span class='ocr_line' id='line_1_102' title="bbox 2151 4131 3800 4204; baseline 0.004 -19"><span class='ocrx_word' id='word_1_799' title='bbox 2151 4131 2327 4186; x_wconf 90' lang='lat' dir='ltr'>nibus</span> <span class='ocrx_word' id='word_1_800' title='bbox 2358 4147 2556 4202; x_wconf 86' lang='lat' dir='ltr'>pacem</span> <span class='ocrx_word' id='word_1_801' title='bbox 2591 4131 2895 4198; x_wconf 87' lang='lat' dir='ltr'>habentes,</span> <span class='ocrx_word' id='word_1_802' title='bbox 2919 4134 3075 4204; x_wconf 72' lang='lat' dir='ltr'>quod</span> <span class='ocrx_word' id='word_1_803' title='bbox 3105 4150 3174 4189; x_wconf 87' lang='lat' dir='ltr'>ex</span> <span class='ocrx_word' id='word_1_804' title='bbox 3218 4134 3388 4190; x_wconf 79' lang='lat' dir='ltr'>nobis</span> <span class='ocrx_word' id='word_1_805' title='bbox 3417 4139 3510 4191; x_wconf 86' lang='lat' dir='ltr'>est</span> <span class='ocrx_word' id='word_1_806' title='bbox 3538 4137 3800 4192; x_wconf 88' lang='lat' dir='ltr'>omnium</span> 
     </span>
    </p>
   </div>
   <div class='ocr_carea' id='block_1_103' title="bbox 2151 4219 3800 4296">
    <p class='ocr_par' dir='ltr' id='par_1_103' title="bbox 2151 4219 3800 4296">
     <span class='ocr_line' id='line_1_103' title="bbox 2151 4219 3800 4296; baseline 0.005 -22"><span class='ocrx_word' id='word_1_807' title='bbox 2151 4219 2305 4274; x_wconf 88' lang='lat' dir='ltr'>bona</span> <span class='ocrx_word' id='word_1_808' title='bbox 2332 4219 2590 4275; x_wconf 87' lang='lat' dir='ltr'>volentes</span> <span class='ocrx_word' id='word_1_809' title='bbox 2619 4225 2675 4276; x_wconf 90' lang='lat' dir='ltr'>et</span> <span class='ocrx_word' id='word_1_810' title='bbox 2713 4227 3070 4292; x_wconf 63' lang='lat' dir='ltr'>quaerentes;</span> <span class='ocrx_word' id='word_1_811' title='bbox 3103 4221 3212 4278; x_wconf 89' lang='lat' dir='ltr'>etsi</span> <span class='ocrx_word' id='word_1_812' title='bbox 3242 4223 3420 4278; x_wconf 90' lang='lat' dir='ltr'>etiam</span> <span class='ocrx_word' id='word_1_813' title='bbox 3469 4225 3587 4296; x_wconf 91' lang='lat' dir='ltr'>ipsi</span> <span class='ocrx_word' id='word_1_814' title='bbox 3639 4226 3800 4282; x_wconf 87' lang='lat' dir='ltr'>nobis</span> 
     </span>
    </p>
   </div>
   <div class='ocr_carea' id='block_1_104' title="bbox 2149 4307 3798 4386">
    <p class='ocr_par' dir='ltr' id='par_1_104' title="bbox 2149 4307 3798 4386">
     <span class='ocr_line' id='line_1_104' title="bbox 2149 4307 3798 4386; baseline 0.004 -22"><span class='ocrx_word' id='word_1_815' title='bbox 2149 4308 2270 4364; x_wconf 88' lang='lat' dir='ltr'>sint</span> <span class='ocrx_word' id='word_1_816' title='bbox 2299 4307 2516 4375; x_wconf 90' lang='lat' dir='ltr'>infesti,</span> <span class='ocrx_word' id='word_1_817' title='bbox 2525 4309 2695 4380; x_wconf 85' lang='lat' dir='ltr'>juxta</span> <span class='ocrx_word' id='word_1_818' title='bbox 2724 4311 2879 4381; x_wconf 90' lang='lat' dir='ltr'>quod</span> <span class='ocrx_word' id='word_1_819' title='bbox 2921 4310 3124 4379; x_wconf 89' lang='lat' dir='ltr'>David,</span> <span class='ocrx_word' id='word_1_820' title='bbox 3147 4310 3263 4366; x_wconf 90' lang='lat' dir='ltr'>ait:</span> <span class='ocrx_word' id='word_1_821' title='bbox 3289 4311 3425 4367; x_wconf 86' lang='lat' dir='ltr'>Cum</span> <span class='ocrx_word' id='word_1_822' title='bbox 3455 4315 3507 4368; x_wconf 88' lang='lat' dir='ltr'>is</span> <span class='ocrx_word' id='word_1_823' title='bbox 3554 4317 3658 4386; x_wconf 86' lang='lat' dir='ltr'>qui</span> <span class='ocrx_word' id='word_1_824' title='bbox 3683 4315 3798 4371; x_wconf 80' lang='lat' dir='ltr'>ode-</span> 
     </span>
    </p>
   </div>
   <div class='ocr_carea' id='block_1_105' title="bbox 2148 4399 3796 4469">
    <p class='ocr_par' dir='ltr' id='par_1_105' title="bbox 2148 4399 3796 4469">
     <span class='ocr_line' id='line_1_105' title="bbox 2148 4399 3796 4469; baseline 0.004 -17"><span class='ocrx_word' id='word_1_825' title='bbox 2148 4405 2278 4452; x_wconf 86' lang='lat' dir='ltr'>runt</span> <span class='ocrx_word' id='word_1_826' title='bbox 2320 4413 2512 4467; x_wconf 84' lang='lat' dir='ltr'>pacem</span> <span class='ocrx_word' id='word_1_827' title='bbox 2552 4413 2705 4452; x_wconf 88' lang='lat' dir='ltr'>eram</span> <span class='ocrx_word' id='word_1_828' title='bbox 2748 4399 3008 4469; x_wconf 82' lang='lat' dir='ltr'>paciﬁcus</span> <span class='ocrx_word' id='word_1_829' title='bbox 3037 4400 3398 4469; x_wconf 69' lang='lat' dir='ltr'>(Psal.cxux).</span> <span class='ocrx_word' id='word_1_830' title='bbox 3426 4399 3554 4456; x_wconf 85' lang='lat' dir='ltr'>Non</span> <span class='ocrx_word' id='word_1_831' title='bbox 3604 4407 3796 4458; x_wconf 83' lang='lat' dir='ltr'>tamen</span> 
     </span>
    </p>
   </div>
   <div class='ocr_carea' id='block_1_106' title="bbox 2149 4485 3793 4556">
    <p class='ocr_par' dir='ltr' id='par_1_106' title="bbox 2149 4485 3793 4556">
     <span class='ocr_line' id='line_1_106' title="bbox 2149 4485 3793 4556; baseline 0.004 -18"><span class='ocrx_word' id='word_1_832' title='bbox 2149 4489 2388 4556; x_wconf 87' lang='lat' dir='ltr'>propter</span> <span class='ocrx_word' id='word_1_833' title='bbox 2416 4500 2620 4556; x_wconf 88' lang='lat' dir='ltr'>pacem</span> <span class='ocrx_word' id='word_1_834' title='bbox 2652 4485 2936 4540; x_wconf 91' lang='lat' dir='ltr'>debemus</span> <span class='ocrx_word' id='word_1_835' title='bbox 2967 4485 3140 4542; x_wconf 89' lang='lat' dir='ltr'>malis</span> <span class='ocrx_word' id='word_1_836' title='bbox 3169 4486 3228 4540; x_wconf 92' lang='lat' dir='ltr'>in</span> <span class='ocrx_word' id='word_1_837' title='bbox 3259 4485 3414 4541; x_wconf 89' lang='lat' dir='ltr'>malo</span> <span class='ocrx_word' id='word_1_838' title='bbox 3445 4489 3793 4556; x_wconf 79' lang='lat' dir='ltr'>consentire,</span> 
     </span>
    </p>
   </div>
   <div class='ocr_carea' id='block_1_107' title="bbox 2150 4571 3794 4646">
    <p class='ocr_par' dir='ltr' id='par_1_107' title="bbox 2150 4571 3794 4646">
     <span class='ocr_line' id='line_1_107' title="bbox 2150 4571 3794 4646; baseline 0.003 -19"><span class='ocrx_word' id='word_1_839' title='bbox 2150 4573 2267 4627; x_wconf 92' lang='lat' dir='ltr'>imo</span> <span class='ocrx_word' id='word_1_840' title='bbox 2289 4589 2387 4627; x_wconf 91' lang='lat' dir='ltr'>eos</span> <span class='ocrx_word' id='word_1_841' title='bbox 2413 4571 2699 4645; x_wconf 87' lang='lat' dir='ltr'>corrigere</span> <span class='ocrx_word' id='word_1_842' title='bbox 2728 4572 2816 4628; x_wconf 91' lang='lat' dir='ltr'>vel</span> <span class='ocrx_word' id='word_1_843' title='bbox 2848 4590 2954 4630; x_wconf 88' lang='lat' dir='ltr'>nos</span> <span class='ocrx_word' id='word_1_844' title='bbox 2985 4575 3057 4629; x_wconf 89' lang='lat' dir='ltr'>ab</span> <span class='ocrx_word' id='word_1_845' title='bbox 3089 4573 3173 4630; x_wconf 90' lang='lat' dir='ltr'>eis</span> <span class='ocrx_word' id='word_1_846' title='bbox 3216 4579 3610 4646; x_wconf 71' lang='lat' dir='ltr'>sequestram.</span> <span class='ocrx_word' id='word_1_847' title='bbox 3643 4577 3794 4632; x_wconf 88' lang='lat' dir='ltr'>Unde</span> 
     </span>
    </p>
   </div>
   <div class='ocr_carea' id='block_1_108' title="bbox 2147 4661 3794 4733">
    <p class='ocr_par' dir='ltr' id='par_1_108' title="bbox 2147 4661 3794 4733">
     <span class='ocr_line' id='line_1_108' title="bbox 2147 4661 3794 4733; baseline 0.002 -17"><span class='ocrx_word' id='word_1_848' title='bbox 2147 4661 2431 4716; x_wconf 89' lang='lat' dir='ltr'>Dominus</span> <span class='ocrx_word' id='word_1_849' title='bbox 2457 4678 2469 4715; x_wconf 88' lang='lat'>:</span> <span class='ocrx_word' id='word_1_850' title='bbox 2498 4666 2618 4718; x_wconf 85' lang='lat' dir='ltr'>Non</span> <span class='ocrx_word' id='word_1_851' title='bbox 2640 4664 2765 4716; x_wconf 90' lang='lat' dir='ltr'>veni</span> <span class='ocrx_word' id='word_1_852' title='bbox 2781 4677 2970 4730; x_wconf 86' lang='lat' dir='ltr'>pacem</span> <span class='ocrx_word' id='word_1_853' title='bbox 2989 4665 3201 4718; x_wconf 87' lang='lat' dir='ltr'>mittere</span> <span class='ocrx_word' id='word_1_854' title='bbox 3230 4666 3288 4718; x_wconf 85' lang='lat' dir='ltr'>in</span> <span class='ocrx_word' id='word_1_855' title='bbox 3318 4672 3548 4730; x_wconf 71' lang='lat' dir='ltr'>terram,</span> <span class='ocrx_word' id='word_1_856' title='bbox 3571 4664 3668 4720; x_wconf 80' lang='lat' dir='ltr'>sed</span> <span class='ocrx_word' id='word_1_857' title='bbox 3687 4666 3794 4733; x_wconf 76' lang='lat' dir='ltr'>gla-</span> 
     </span>
    </p>
   </div>
   <div class='ocr_carea' id='block_1_109' title="bbox 2144 4746 3786 4824">
    <p class='ocr_par' dir='ltr' id='par_1_109' title="bbox 2144 4746 3786 4824">
     <span class='ocr_line' id='line_1_109' title="bbox 2144 4746 3786 4824; baseline 0 -18"><span class='ocrx_word' id='word_1_858' title='bbox 2144 4746 2318 4806; x_wconf 85' lang='lat' dir='ltr'>dium.</span> <span class='ocrx_word' id='word_1_859' title='bbox 2347 4751 2475 4806; x_wconf 89' lang='lat' dir='ltr'>Veni</span> <span class='ocrx_word' id='word_1_860' title='bbox 2501 4752 2651 4805; x_wconf 83' lang='lat' dir='ltr'>enim</span> <span class='ocrx_word' id='word_1_861' title='bbox 2696 4767 2951 4823; x_wconf 82' lang='lat' dir='ltr'>separare</span> <span class='ocrx_word' id='word_1_862' title='bbox 2998 4753 3178 4823; x_wconf 85' lang='lat' dir='ltr'>ﬁlium</span> <span class='ocrx_word' id='word_1_863' title='bbox 3207 4770 3242 4808; x_wconf 89' lang='lat' dir='ltr'>a</span> <span class='ocrx_word' id='word_1_864' title='bbox 3267 4762 3443 4824; x_wconf 86' lang='lat' dir='ltr'>patre.</span> <span class='ocrx_word' id='word_1_865' title='bbox 3476 4752 3688 4820; x_wconf 67' lang='lat' dir='ltr'>(Matth.</span> <span class='ocrx_word' id='word_1_866' title='bbox 3719 4755 3786 4824; x_wconf 65' lang='grc' dir='ltr'>ι).</span> 
     </span>
    </p>
   </div>
   <div class='ocr_carea' id='block_1_110' title="bbox 2146 4839 3790 4913">
    <p class='ocr_par' dir='ltr' id='par_1_110' title="bbox 2146 4839 3790 4913">
     <span class='ocr_line' id='line_1_110' title="bbox 2146 4839 3790 4913; baseline 0.001 -17"><span class='ocrx_word' id='word_1_867' title='bbox 2146 4841 2261 4896; x_wconf 85' lang='lat' dir='ltr'>Pax</span> <span class='ocrx_word' id='word_1_868' title='bbox 2290 4839 2528 4896; x_wconf 66' lang='lat' dir='ltr'>malitiae</span> <span class='ocrx_word' id='word_1_869' title='bbox 2577 4844 2666 4894; x_wconf 89' lang='lat' dir='ltr'>est</span> <span class='ocrx_word' id='word_1_870' title='bbox 2695 4857 3018 4896; x_wconf 90' lang='lat' dir='ltr'>consensus</span> <span class='ocrx_word' id='word_1_871' title='bbox 3060 4840 3381 4913; x_wconf 88' lang='lat' dir='ltr'>plurimum</span> <span class='ocrx_word' id='word_1_872' title='bbox 3428 4842 3488 4896; x_wconf 91' lang='lat' dir='ltr'>in</span> <span class='ocrx_word' id='word_1_873' title='bbox 3522 4841 3703 4909; x_wconf 87' lang='lat' dir='ltr'>malo,</span> <span class='ocrx_word' id='word_1_874' title='bbox 3731 4849 3790 4897; x_wconf 83' lang='lat' dir='ltr'>ut</span> 
     </span>
    </p>
   </div>
   <div class='ocr_carea' id='block_1_111' title="bbox 2145 4929 3787 5002">
    <p class='ocr_par' dir='ltr' id='par_1_111' title="bbox 2145 4929 3787 5002">
     <span class='ocr_line' id='line_1_111' title="bbox 2145 4929 3787 5002; baseline 0.001 -18"><span class='ocrx_word' id='word_1_875' title='bbox 2145 4930 2378 5002; x_wconf 90' lang='lat' dir='ltr'>quando</span> <span class='ocrx_word' id='word_1_876' title='bbox 2411 4929 2653 5000; x_wconf 88' lang='lat' dir='ltr'>spiritus</span> <span class='ocrx_word' id='word_1_877' title='bbox 2685 4929 2976 4985; x_wconf 88' lang='lat' dir='ltr'>consentit</span> <span class='ocrx_word' id='word_1_878' title='bbox 2999 4931 3158 4985; x_wconf 89' lang='lat' dir='ltr'>carni</span> <span class='ocrx_word' id='word_1_879' title='bbox 3188 4929 3246 4984; x_wconf 91' lang='lat' dir='ltr'>in</span> <span class='ocrx_word' id='word_1_880' title='bbox 3276 4929 3452 4997; x_wconf 85' lang='lat' dir='ltr'>malo,</span> <span class='ocrx_word' id='word_1_881' title='bbox 3475 4929 3567 4985; x_wconf 83' lang='lat' dir='ltr'>vel</span> <span class='ocrx_word' id='word_1_882' title='bbox 3600 4930 3787 5002; x_wconf 82' lang='lat' dir='ltr'>plures</span> 
     </span>
    </p>
   </div>
   <div class='ocr_carea' id='block_1_112' title="bbox 2143 5018 3788 5090">
    <p class='ocr_par' dir='ltr' id='par_1_112' title="bbox 2143 5018 3788 5090">
     <span class='ocr_line' id='line_1_112' title="bbox 2143 5018 3788 5090; baseline 0.001 -16"><span class='ocrx_word' id='word_1_883' title='bbox 2143 5023 2283 5074; x_wconf 88' lang='lat' dir='ltr'>sunt</span> <span class='ocrx_word' id='word_1_884' title='bbox 2313 5019 2628 5074; x_wconf 90' lang='lat' dir='ltr'>concordes</span> <span class='ocrx_word' id='word_1_885' title='bbox 2657 5018 2716 5072; x_wconf 90' lang='lat' dir='ltr'>in</span> <span class='ocrx_word' id='word_1_886' title='bbox 2750 5019 2923 5074; x_wconf 88' lang='lat' dir='ltr'>malo.</span> <span class='ocrx_word' id='word_1_887' title='bbox 2950 5023 3029 5074; x_wconf 88' lang='lat' dir='ltr'>De</span> <span class='ocrx_word' id='word_1_888' title='bbox 3059 5019 3167 5074; x_wconf 87' lang='lat' dir='ltr'>hac</span> <span class='ocrx_word' id='word_1_889' title='bbox 3197 5018 3414 5074; x_wconf 88' lang='lat' dir='ltr'>dicitur</span> <span class='ocrx_word' id='word_1_890' title='bbox 3443 5019 3602 5090; x_wconf 90' lang='lat' dir='ltr'>quod</span> <span class='ocrx_word' id='word_1_891' title='bbox 3625 5019 3788 5075; x_wconf 86' lang='lat' dir='ltr'>Hero-</span> 
     </span>
    </p>
   </div>
   <div class='ocr_carea' id='block_1_113' title="bbox 2144 5107 3784 5166">
    <p class='ocr_par' dir='ltr' id='par_1_113' title="bbox 2144 5107 3784 5166">
     <span class='ocr_line' id='line_1_113' title="bbox 2144 5107 3784 5166; baseline 0.001 -3"><span class='ocrx_word' id='word_1_892' title='bbox 2144 5109 2246 5164; x_wconf 89' lang='lat' dir='ltr'>des</span> <span class='ocrx_word' id='word_1_893' title='bbox 2277 5113 2333 5164; x_wconf 89' lang='lat' dir='ltr'>et</span> <span class='ocrx_word' id='word_1_894' title='bbox 2360 5107 2580 5163; x_wconf 87' lang='lat' dir='ltr'>Pilatus</span> <span class='ocrx_word' id='word_1_895' title='bbox 2624 5107 2757 5162; x_wconf 87' lang='lat' dir='ltr'>facti</span> <span class='ocrx_word' id='word_1_896' title='bbox 2808 5113 2947 5164; x_wconf 91' lang='lat' dir='ltr'>sunt</span> <span class='ocrx_word' id='word_1_897' title='bbox 2977 5110 3151 5164; x_wconf 90' lang='lat' dir='ltr'>amici</span> <span class='ocrx_word' id='word_1_898' title='bbox 3183 5108 3242 5164; x_wconf 89' lang='lat' dir='ltr'>in</span> <span class='ocrx_word' id='word_1_899' title='bbox 3273 5113 3524 5165; x_wconf 88' lang='lat' dir='ltr'>mortem</span> <span class='ocrx_word' id='word_1_900' title='bbox 3579 5109 3784 5166; x_wconf 86' lang='lat' dir='ltr'>Christi</span> 
     </span>
    </p>
   </div>
   <div class='ocr_carea' id='block_1_114' title="bbox 2141 5197 3782 5270">
    <p class='ocr_par' dir='ltr' id='par_1_114' title="bbox 2141 5197 3782 5270">
     <span class='ocr_line' id='line_1_114' title="bbox 2141 5197 3782 5270; baseline 0.001 -18"><span class='ocrx_word' id='word_1_901' title='bbox 2141 5197 2650 5268; x_wconf 67' lang='lat' dir='ltr'>(Luc.xxm).Haac</span> <span class='ocrx_word' id='word_1_902' title='bbox 2697 5214 2809 5267; x_wconf 87' lang='lat' dir='ltr'>pax</span> <span class='ocrx_word' id='word_1_903' title='bbox 2864 5201 2953 5253; x_wconf 89' lang='lat' dir='ltr'>est</span> <span class='ocrx_word' id='word_1_904' title='bbox 3009 5198 3285 5270; x_wconf 88' lang='lat' dir='ltr'>pessima,</span> <span class='ocrx_word' id='word_1_905' title='bbox 3312 5197 3596 5269; x_wconf 88' lang='lat' dir='ltr'>quoniam</span> <span class='ocrx_word' id='word_1_906' title='bbox 3655 5199 3782 5254; x_wconf 88' lang='lat' dir='ltr'>mali</span> 
     </span>
    </p>
   </div>
   <div class='ocr_carea' id='block_1_115' title="bbox 2141 5285 3784 5359">
    <p class='ocr_par' dir='ltr' id='par_1_115' title="bbox 2141 5285 3784 5359">
     <span class='ocr_line' id='line_1_115' title="bbox 2141 5285 3784 5359; baseline 0 -17"><span class='ocrx_word' id='word_1_907' title='bbox 2141 5291 2358 5359; x_wconf 89' lang='lat' dir='ltr'>quanto</span> <span class='ocrx_word' id='word_1_908' title='bbox 2373 5290 2512 5340; x_wconf 88' lang='lat' dir='ltr'>sunt</span> <span class='ocrx_word' id='word_1_909' title='bbox 2533 5285 2721 5358; x_wconf 86' lang='lat' dir='ltr'>magis</span> <span class='ocrx_word' id='word_1_910' title='bbox 2741 5287 3077 5354; x_wconf 87' lang='lat' dir='ltr'>concordes,</span> <span class='ocrx_word' id='word_1_911' title='bbox 3097 5292 3259 5342; x_wconf 88' lang='lat' dir='ltr'>tanto</span> <span class='ocrx_word' id='word_1_912' title='bbox 3279 5289 3527 5358; x_wconf 82' lang='lat' dir='ltr'>pejores.</span> <span class='ocrx_word' id='word_1_913' title='bbox 3557 5288 3686 5344; x_wconf 63' lang='grc' dir='ltr'>Περ</span> <span class='ocrx_word' id='word_1_914' title='bbox 3705 5293 3784 5344; x_wconf 87' lang='lat' dir='ltr'>est</span> 
     </span>
    </p>
   </div>
   <div class='ocr_carea' id='block_1_116' title="bbox 2141 5374 3249 5448">
    <p class='ocr_par' dir='ltr' id='par_1_116' title="bbox 2141 5374 3249 5448">
     <span class='ocr_line' id='line_1_116' title="bbox 2141 5374 3249 5448; baseline -0.001 -17"><span class='ocrx_word' id='word_1_915' title='bbox 2141 5393 2252 5448; x_wconf 87' lang='lat' dir='ltr'>pax</span> <span class='ocrx_word' id='word_1_916' title='bbox 2283 5392 2460 5446; x_wconf 88' lang='lat' dir='ltr'>quam</span> <span class='ocrx_word' id='word_1_917' title='bbox 2493 5374 2593 5428; x_wconf 87' lang='lat' dir='ltr'>dat</span> <span class='ocrx_word' id='word_1_918' title='bbox 2621 5376 2899 5443; x_wconf 90' lang='lat' dir='ltr'>mundus,</span> <span class='ocrx_word' id='word_1_919' title='bbox 2928 5393 3044 5432; x_wconf 89' lang='lat' dir='ltr'>non</span> <span class='ocrx_word' id='word_1_920' title='bbox 3075 5381 3249 5432; x_wconf 88' lang='lat' dir='ltr'>Deus.</span> 
     </span>
    </p>
   </div>
   <div class='ocr_carea' id='block_1_117' title="bbox 2209 5454 3782 5538">
    <p class='ocr_par' dir='ltr' id='par_1_117' title="bbox 2209 5454 3782 5538">
     <span class='ocr_line' id='line_1_117' title="bbox 2209 5454 3782 5538; baseline 0.003 -18"><span class='ocrx_word' id='word_1_921' title='bbox 2209 5463 2482 5536; x_wconf 88' lang='lat' dir='ltr'>Sequitur</span> <span class='ocrx_word' id='word_1_922' title='bbox 2513 5481 2646 5534; x_wconf 87' lang='lat' dir='ltr'>pars</span> <span class='ocrx_word' id='word_1_923' title='bbox 2677 5469 2886 5535; x_wconf 88' lang='lat' dir='ltr'>quarta</span> <span class='ocrx_word' id='word_1_924' title='bbox 2915 5465 2976 5520; x_wconf 91' lang='lat' dir='ltr'>in</span> <span class='ocrx_word' id='word_1_925' title='bbox 3007 5483 3125 5538; x_wconf 90' lang='lat' dir='ltr'>qua</span> <span class='ocrx_word' id='word_1_926' title='bbox 3152 5454 3438 5533; x_wconf 78' lang='lat' dir='ltr'>Daminus</span> <span class='ocrx_word' id='word_1_927' title='bbox 3469 5464 3782 5538; x_wconf 84' lang='lat' dir='ltr'>discipulos</span> 
     </span>
    </p>
   </div>
   <div class='ocr_carea' id='block_1_118' title="bbox 2139 5554 3777 5627">
    <p class='ocr_par' dir='ltr' id='par_1_118' title="bbox 2139 5554 3777 5627">
     <span class='ocr_line' id='line_1_118' title="bbox 2139 5554 3777 5627; baseline 0.003 -17"><span class='ocrx_word' id='word_1_928' title='bbox 2139 5571 2277 5610; x_wconf 90' lang='lat' dir='ltr'>suos</span> <span class='ocrx_word' id='word_1_929' title='bbox 2299 5554 2369 5609; x_wconf 91' lang='lat' dir='ltr'>de</span> <span class='ocrx_word' id='word_1_930' title='bbox 2389 5569 2496 5609; x_wconf 90' lang='lat' dir='ltr'>suo</span> <span class='ocrx_word' id='word_1_931' title='bbox 2517 5555 3092 5626; x_wconf 77' lang='lat' dir='ltr'>recessu-praevidens</span> <span class='ocrx_word' id='word_1_932' title='bbox 3114 5555 3439 5612; x_wconf 87' lang='lat' dir='ltr'>turbandos</span> <span class='ocrx_word' id='word_1_933' title='bbox 3455 5554 3620 5627; x_wconf 86' lang='lat' dir='ltr'>(quis</span> <span class='ocrx_word' id='word_1_934' title='bbox 3636 5556 3777 5614; x_wconf 87' lang='lat' dir='ltr'>enim</span> 
     </span>
    </p>
   </div>
   <div class='ocr_carea' id='block_1_119' title="bbox 3646 267 3922 362">
    <p class='ocr_par' dir='ltr' id='par_1_119' title="bbox 3646 267 3922 362">
     <span class='ocr_line' id='line_1_119' title="bbox 3646 267 3922 362; baseline 0 -34"><span class='ocrx_word' id='word_1_935' title='bbox 3646 267 3816 328; x_wconf 64' lang='lat'><strong>1944</strong></span> <span class='ocrx_word' id='word_1_936' title='bbox 3915 339 3922 362; x_wconf 35' lang='grc' dir='ltr'>ι</span> 
     </span>
    </p>
   </div>
  </div>
