3982 6082
348 303 350 306 '
389 278 542 344 1947

1383 281 1782 344 ADDENDA.
1813 314 1892 326 —
1925 282 2323 347 BADULPHI
2370 286 2785 352 ARDEN'I‘IS.

3645 291 3812 355 {9&8

385 418 465 473 Ex
493 414 661 488 ignea
692 413 1023 470 substantia
1070 431 1302 488 semper
1335 415 1595 470 nascitur
1621 413 1897 486 splendor
1926 431 2020 470 co-
2047 414 2107 486 Α
2136 417 2382 488 ciamus,
2415 421 2463 477 si
2512 423 3010 494 quemadmodum
3068 425 3194 499 ipso
3234 429 3504 484 mortuus
3551 432 3649 484 est
3697 444 3810 501 pro

385 504 646 560 mvus.Ex
675 503 964 560 ambobus
977 521 1207 576 semper
1220 505 1479 576 procedit
1501 503 1658 560 calor
1678 503 1761 560 eis
1786 521 2029 560 coaevus.

383 593 453 649 Et
482 609 615 648 cum
647 590 748 646 illa
779 591 890 647 tria
920 593 1003 648 sic
1035 591 1370 648 adinvicem
1385 593 1879 665 perproprietates
1893 610 2032 649 suas

383 680 1046 753 distinguantur,tamen
1070 684 1207 736 sunt
1241 699 1395 737 unus
1426 681 1534 754 sol,
1558 700 1670 737 non
1705 688 1822 738 tres
1855 683 2027 738 soles.

381 769 747 842 Comparatio
769 774 966 824 tamen
999 771 1070 825 de
1102 770 1522 842 temporalibus
1553 771 1622 824 ad
1659 771 1841 827 Deum
1871 772 2031 828 nulla

379 860 605 915 est.Sed
628 858 901 931 qualibus
931 858 1210 930 exemplis
1243 861 1750 932 possumus,un
1785 861 2026 934 intelligi

378 948 470 1004 vel
499 949 757 1004 enarrari
773 965 887 1004 non
912 947 1490 1020 p0tcst,ball)utimus
1513 949 1707 1021 potius
1721 967 1894 1022 quam
1910 951 2027 1005 elo-

379 1054 653 1110 quamur.
687 1038 831 1093 Cum
865 1037 1046 1109 igitur
1064 1038 1233 1092 audis
1256 1039 1682 1103 Patrem,crede
1705 1039 1842 1110 quia
1865 1039 2030 1094 Pater

377 1132 485 1183 est.
518 1127 662 1182 Cum
695 1127 865 1182 audis
897 1126 1129 1192 Filium,
1165 1127 1355 1192 crede,
1391 1128 1529 1198 quia
1553 1127 1734 1182 Filius
1765 1130 2025 1184 est.Cum

346 1251 356 1258 -
376 1216 546 1271 audis
568 1215 848 1288 Spiritum
872 1216 1338 1280 sanctum,crede
1364 1216 1499 1286 quia
1513 1216 1764 1288 Spiritus
1787 1221 2027 1273 sanctus

375 1309 484 1362 est.
518 1305 818 1370 Quomodo
849 1305 1016 1360 Pater
1045 1309 1282 1377 generet
1332 1303 1563 1371 Filium,
1596 1305 1683 1360 vel
1732 1307 2025 1378 quomodo

376 1395 546 1450 Pater
575 1398 631 1450 et
654 1393 834 1449 Filius
865 1393 1091 1464 spirent
1120 1392 1404 1464 Spiritum
1456 1397 1748 1460 sanctum,
1783 1394 1898 1450 noli
1930 1395 2024 1449 in-

371 1483 679 1556 vestigare,
712 1481 760 1538 si
793 1499 907 1537 non
939 1481 1024 1536 vis
1055 1481 1613 1553 errare.Nam,juxta
1643 1483 2020 1556 prophetam:

375 1573 785 1631 Generationem
841 1573 976 1644 ejus,
1034 1570 1122 1626 vel
1173 1569 1330 1626 illius
1387 1572 1842 1643 processionem,
1900 1575 2024 1645 quis

369 1664 655 1720 marrubii
675 1661 702 1717 ?
734 1662 861 1733 (Isa.
899 1660 1040 1731 Lm.)

441 1748 725 1816 Quoniam
755 1748 935 1820 igitur
964 1748 1035 1803 de
1067 1749 1270 1802 sancta
1299 1747 1579 1803 Trinitate
1605 1748 1776 1804 hodie
1807 1749 2024 1805 solem—

368 1837 655 1903 nizamus,
687 1835 1096 1892 convenienter
1116 1833 1876 1906 prazlibatalectiunculaﬁn
1907 1855 2024 1910 qua

368 1927 440 1983 de
469 1925 658 1982 tribus
691 1923 955 1997 personis
987 1923 1206 1978 mentio
1239 1924 1322 1990 ﬁt,
1371 1923 1543 1980 hodie
1592 1926 1889 1982 recitatur.
1921 1929 2023 1983 Est

367 2020 564 2072 autem
597 2014 715 2070 haec
750 2013 1018 2086 quedam
1052 2011 1353 2079 solutio,in
1386 2030 1504 2084 qua
1524 2015 1595 2069 ab
1616 2014 1891 2087 Apostolo
1909 2017 2023 2072 tria

367 2104 536 2162 nobis
567 2106 882 2176 optantur:
915 2103 1104 2158 Gratia
1138 2103 1365 2157 Domini
1411 2105 1588 2158 nostri
1633 2105 1760 2160 Jesu
1788 2106 2016 2174 Christi,

365 2204 417 2252 et
445 2194 683 2250 charitas
712 2193 810 2247 Dei
842 2193 1108 2258 Patris,et
1135 2193 1556 2246 communicatio
1568 2192 2017 2264 Spiritussaneti.

367 2285 478 2342 Sed
511 2300 644 2338 cum
676 2281 798 2336 haec
820 2279 1063 2335 triasint
1083 2280 1449 2351 mquetribus
1473 2283 2019 2354 communia,quare

365 2372 554 2445 gratia
580 2370 675 2426 hic
705 2367 1034 2442 specialiter
1087 2369 1425 2424 attribuitur
1467 2369 1718 2439 Christo,
1761 2371 2018 2428 charitas

365 2461 542 2528 Patri,
565 2465 622 2515 et
653 2457 1106 2515 communicatio
1125 2457 1365 2529 Spiritui
1383 2463 1584 2514 sancto
1604 2459 1810 2516 ?Porro
1832 2461 2019 2533 gratia

365 2550 460 2607 hic
505 2548 915 2622 appropriatur
964 2546 1212 2612 Christo,
1263 2545 1542 2618 quoniam
1592 2548 1860 2606 Christus
1901 2567 2016 2606 non

364 2638 558 2696 solum
607 2637 823 2709 gratias
868 2635 1038 2691 nobis
1097 2635 1335 2703 confert,
1371 2636 1473 2691 sed
1527 2637 1701 2693 etiam
1754 2639 2015 2712 seipsum

363 2727 546 2803 gratis
577 2726 739 2782 dedit
768 2724 957 2781 nobis.
983 2723 1146 2780 Unde
1174 2723 1355 2780 Isaias
1381 2741 1392 2779 :
1425 2731 1591 2792 Puer,
1616 2727 1828 2800 inquit,
1851 2736 2015 2783 natus

363 2826 444 2892 est
472 2817 646 2880 nobis,
679 2823 728 2871 et
773 2815 948 2870 Filius
1001 2812 1158 2868 datus
1203 2821 1283 2869 est
1336 2815 1492 2870 nobis
1543 2815 1668 2886 (Isa.
1702 2817 1798 2889 IX).
1851 2817 2012 2883 Quod

365 2905 521 2963 enim
553 2911 727 2962 natus
757 2907 848 2959 est
876 2903 1072 2971 homo,
1107 2903 1262 2974 quod
1297 2905 1690 2976 passus,quod
1721 2909 2010 2973 mortuus,

365 2996 522 3074 quod
550 2991 1044 3064 resurrexit,quod
1079 2992 1342 3047 ascendit
1371 2991 1428 3046 in
1457 2991 1687 3058 coelum,
1713 3011 1816 3066 pro
1843 2994 2012 3051 nobis

363 3086 492 3155 fuit,
525 3088 582 3141 et
619 3087 807 3139 totum
839 3080 1026 3155 gratia
1056 3085 1331 3136 est.Hanc
1348 3082 1594 3155 gratiam
1619 3082 1831 3139 Christi
1850 3087 2012 3156 optat

2053 1791 2102 1856 B

2143 509 2331 574 nobis,
2366 527 2474 566 nos
2499 528 2847 586 quoquepro
2866 531 2932 570 eo
2961 516 3475 573 moriamur.Unde
3505 517 3806 590 scriptum

2141 602 2265 652 est:
2300 599 2378 653 Ad
2401 617 2646 656 mensam
2672 619 2933 671 magnam
2971 604 3180 673 sedisti,
3213 607 3344 661 scito
3395 608 3532 678 quia
3575 607 3730 660 talia
3761 615 3812 660 te

2139 694 2348 758 oportet
2375 692 2430 744 ei
2480 705 2801 762 prwparare
2860 694 3054 765 (Eccle.
3114 694 3286 765 xxxx).
3348 695 3417 749 Et
3474 693 3808 767 propheta:

2141 767 2282 836 Quid
2329 771 2632 825 retribuam
2681 773 2931 840 Domino,
2965 773 3177 844 inquit,
3205 791 3308 846 pro
3366 776 3629 830 omnibus
3679 791 3810 846 qua

2137 859 2395 914 retribuit
2418 860 2562 914 mihi
2577 858 2850 915 ‘?Calicem
2866 862 3131 918 salutaris
3163 865 3433 935 accipiam
3465 863 3806 934 (Psal.cxv).

2136 948 2215 1000 Ac
2247 947 2296 1000 si
2329 947 2519 1002 dicat:
2552 951 2694 1003 Cum
2728 953 2811 1005 tot
2841 955 2897 1005 et
2927 954 3090 1006 tanta
3122 951 3268 1006 mihi
3293 952 3585 1008 Dominus
3602 957 3807 1008 contu-

2137 1035 2289 1103 lerit,
2317 1035 2455 1108 quid
2489 1037 2661 1110 digne
2692 1041 2891 1110 potero
2920 1038 3004 1094 illi
3035 1040 3398 1096 retribuere?
3427 1042 3498 1097 Et
3523 1058 3666 1096 cum
3701 1058 3804 1114 pro

2137 1142 2230 1180 me
2261 1125 2409 1180 facto
2443 1143 2535 1181 me
2565 1130 2754 1182 totum
2781 1127 2863 1182 illi
2888 1127 3263 1202 debeam,pro
3295 1144 3387 1184 me
3411 1130 3728 1202 redempto
3750 1135 3804 1184 et

2137 1216 2219 1272 sic
2250 1215 2568 1287 redempto,
2603 1215 2746 1287 quid
2780 1216 2832 1271 ei
2865 1217 3230 1273 retribuam?
3261 1219 3372 1274 Sed
3404 1222 3462 1274 et
3493 1218 3546 1274 si
3583 1219 3800 1275 millies

2137 1304 2428 1376 meipsum
2459 1303 2682 1359 valeam
2715 1303 2798 1358 illi
2822 1305 3297 1378 retribuere,quae
3327 1307 3798 1380 retributio,quc

2135 1391 2492 1465 comparatio
2523 1392 2630 1447 erit
2659 1392 2772 1448 mei
2804 1393 2876 1449 ad
2911 1393 3078 1448 illum
3101 1393 3128 1448 ‘2
3163 1394 3375 1450 tantilli
3407 1395 3480 1450 ad
3511 1396 3799 1452 tantum?

2133 1485 2252 1537 tam
2285 1480 2606 1553 peccatoris
2623 1481 2693 1536 ad
2715 1485 2836 1537 tam
2863 1485 3134 1537 sanctum
3150 1483 3247 1538 ?ln
3276 1484 3447 1556 cujus
3472 1490 3798 1557 conspectu

2132 1587 2239 1627 nec
2262 1570 2435 1627 etiam
2459 1571 2587 1643 ipsa
2610 1574 2768 1626 astra
2786 1575 2925 1628 sunt
2947 1573 3417 1645 munda,quanto
3435 1573 3645 1630 minus
3669 1592 3796 1640 nos,

2133 1677 2381 1733 quorum
2415 1660 2532 1715 vita
2561 1677 2678 1715 non
2708 1663 2797 1716 est
2828 1659 2940 1716 nisi
2961 1660 3287 1730 tentatio,et
3317 1660 3419 1734 qui
3451 1661 3800 1718 habitamus

2132 1750 2341 1806 domos
2363 1748 2595 1806 luteas?
2626 1749 2892 1804 Attamen
2928 1747 3037 1804 etsi
3087 1765 3204 1805 non
3257 1767 3506 1822 possum
3535 1749 3592 1805 ei
3625 1750 3801 1806 retri-

2132 1841 2328 1908 buere,
2353 1839 2440 1895 vel
2473 1838 2582 1894 hoc
2613 1839 2768 1910 quod
2801 1854 3044 1910 possum
3075 1838 3288 1894 faciam
3313 1854 3436 1905 ;me
3469 1855 3590 1894 non
3625 1856 3796 1912 posse

2131 1946 2363 2001 semper
2391 1928 2637 1984 referam
2663 1931 2748 1984 :et
2778 1927 3133 1983 sacriﬁcium
3153 1927 3299 1983 illud
3329 1928 3486 2000 quod
3519 1944 3794 2000 possum,

2132 2017 2184 2074 ei
2213 2019 2475 2073 offeram.

2200 2105 2464 2162 Charitas
2492 2122 2625 2161 vero
2675 2104 2770 2160 hic
2821 2105 3232 2177 appropriatur
3283 2104 3404 2160 Deo
3431 2104 3615 2173 Patri,
3647 2123 3791 2178 quo-

2130 2196 2286 2250 niam
2321 2195 2505 2250 Patris
2537 2198 2626 2250 est
2655 2193 2917 2266 diligere,
2949 2198 3007 2249 et
3040 2193 3252 2248 Filium
3283 2210 3518 2266 semper
3537 2195 3788 2251 charum

2128 2283 2360 2339 habere.
2395 2283 2549 2338 Deus
2577 2287 2774 2338 autem
2807 2284 2977 2337 Pater
2997 2299 3113 2337 non
3144 2280 3336 2337 solum
3361 2279 3576 2336 Filium
3611 2299 3788 2338 suum

2129 2372 2498 2447 unigenitum
2529 2371 2770 2444 diligere
2797 2370 2884 2426 vel
2916 2369 3204 2426 haeredem
3237 2369 3425 2425 facere
3455 2368 3668 2439 voluit,
3690 2372 3791 2427 sed

2127 2463 2303 2519 etiam
2327 2467 2442 2518 'nos
2474 2461 2748 2533 indignos
2769 2476 2966 2516 servos
2984 2476 3087 2532 per
3108 2459 3458 2532 sanguinem
3483 2459 3778 2533 unigeniti

2126 2553 2218 2608 sui
2252 2551 2374 2606 Filii
2407 2551 2466 2605 in
2499 2549 2650 2605 ﬁlios
2673 2547 3053 2621 adoptavit,et
3081 2553 3283 2604 contra
3312 2561 3539 2604 morem
3561 2553 3787 2622 tempo—

2125 2640 2338 2695 ralium
2370 2641 2682 2712 parentum
2713 2653 2909 2692 servos
2950 2653 3057 2692 suo
3091 2635 3210 2692 ﬁlio
3259 2635 3596 2692 coheredes
3629 2637 3780 2692 fecit.

2129 2731 2192 2787 Ut
2221 2731 2413 2800 simus,
2428 2725 2622 2799 inquit
2650 2724 2985 2798 Apostolus,
3004 2725 3240 2782 heredes
3268 2727 3486 2798 quidem
3518 2729 3631 2783 Dei
3651 2748 3672 2794 ;
3698 2744 3782 2783 co-

2123 2819 2364 2876 harredes
2393 2825 2576 2872 autem
2603 2817 2812 2874 Christi
2836 2815 3158 2887 (Romam).
3193 2814 3366 2886 Optat
3397 2814 3582 2882 igitur
3611 2817 3784 2872 nobis

2121 2905 2437 2980 Apostolus
2449 2908 2514 2960 ut
2527 2903 2832 2960 nobiscum
2845 2918 3077 2974 semper
3093 2900 3170 2957 sit
3181 2901 3436 2958 charitas
3447 2903 3552 2958 Dei
3565 2903 3780 2968 Patris,

2119 2995 2208 3052 vel
2238 2995 2495 3051 charitas
2524 2993 2644 3061 illa,
2679 3009 2795 3065 qua
2846 2996 2996 3047 Deus
3027 2990 3217 3064 diligit
3247 3007 3373 3059 nos,
3395 2991 3484 3047 vel
3517 2991 3782 3048 charitas

2118 3084 2240 3152 illa,
2275 3102 2391 3158 qua
2421 3099 2527 3139 nos
2557 3081 2856 3154 diligimus
2887 3080 3090 3136 Deum.
3125 3081 3194 3136 Et
3221 3080 3479 3136 charitas
3512 3082 3783 3154 quidem,

361 3173 672 3248 Apostolus
702 3188 932 3243 semper
963 3187 1088 3226 esse
1120 3170 1587 3237 nobiscum.Quae
1615 3173 1851 3244 quidem
1873 3189 2013 3244 qua-
2044 3161 2086 3228 C
2125 3193 2239 3248 qua
2264 3175 2416 3230 Deus
2448 3171 2639 3244 diligit
2671 3188 2795 3239 nos,
2821 3179 3054 3242 semper
3109 3174 3198 3226 est
3247 3169 3578 3239 nobiscum,
3615 3171 3670 3227 si
3698 3171 3784 3226 di-

363 3269 496 3321 tuor
527 3262 717 3319 modis
747 3264 834 3317 est
865 3276 998 3315 cum
1031 3259 1432 3330 ﬁdelibus,per
1460 3261 1867 3334 etfectum,per
1900 3280 2016 3318 me-

363 3353 634 3421 moriam,
666 3367 767 3424 per
799 3347 1241 3423 gratitudinem,
1268 3365 1370 3420 per
1387 3348 1874 3405 vicissitudinem.
1910 3351 2016 3406 Per

363 3445 634 3501 effectum
665 3444 754 3495 est
775 3436 1158 3507 nobiscum,si
1181 3437 1335 3508 quod
1359 3455 1393 3493 a
1413 3437 1641 3495 Christo
1665 3439 2016 3512 generaliter

364 3549 570 3590 omnes
617 3528 886 3585 homines
939 3526 1330 3594 redimuntur,
1361 3527 1419 3582 in
1471 3528 1638 3584 nobis
1687 3529 2016 3600 specialiter

362 3621 632 3678 efﬁcitur.
665 3617 734 3672 Et
765 3615 1023 3687 quidem,
1055 3615 1260 3669 fratres
1288 3615 2012 3689 mei,Christus,quantum

364 3711 424 3766 in
457 3725 523 3765 eo
555 3710 665 3778 est,
697 3720 900 3760 omnes
925 3702 1195 3759 homines
1218 3704 1481 3759 redemit.
1519 3706 1645 3776 Ipse
1676 3705 1830 3761 enim
1855 3706 2015 3761 sufﬁ-

363 3799 524 3855 ciens
551 3795 744 3851 hostia
773 3794 883 3849 fuit
904 3810 1007 3865 pro
1041 3792 1439 3864 redemptione
1464 3787 1869 3850 omnium.Sed
1893 3795 2016 3866 qui-

365 3887 501 3942 dam
532 3883 684 3940 male
714 3882 1182 3954 vivendo,gratia
1205 3899 1322 3937 sum
1357 3882 1773 3954 redemptionis
1796 3901 1857 3940 se
1878 3884 2014 3940 sub-

367 3975 630 4032 trahunt.
673 3971 835 4028 Unde
889 3969 1104 4026 Paulus
1162 3970 1565 4026 hortatuere
1620 3973 1762 4042 quis,
1799 3971 2010 4043 inquit,

363 4065 501 4122 desit
529 4063 730 4134 gratiae
758 4061 855 4115 Dei
902 4059 1080 4130 (Hebr.
1115 4059 1236 4130 xu).
1271 4059 1394 4113 Non
1441 4059 1596 4114 enim
1626 4059 1742 4114 ait:
1777 4061 1856 4116 Ne
1883 4061 2011 4132 qui-

364 4154 476 4211 bus
505 4151 659 4208 desit
686 4147 874 4222 gratia
904 4148 1025 4214 Dei,
1058 4147 1159 4204 sed
1185 4163 1254 4202 ne
1286 4147 1417 4218 quis
1448 4149 1616 4204 desit.
1642 4148 1715 4204 Ut
1745 4150 2015 4206 ostendat

365 4242 522 4317 quod
553 4257 688 4296 cum
719 4238 848 4310 ipsa
877 4253 946 4292 ex
975 4236 1334 4308 benignitate
1365 4236 1464 4292 Dei
1486 4237 1763 4293 omnibus
1802 4243 2012 4310 praesto

365 4333 596 4400 sit,eam
629 4332 826 4383 tamen
849 4325 1123 4381 meritum
1147 4325 1416 4380 humana:
1439 4326 1738 4398 pravitatis
1763 4327 2008 4399 repellit.

363 4423 472 4478 Per
491 4416 837 4475 memoriam
871 4419 962 4471 est
1003 4413 1331 4482 nobiscum,
1366 4415 1414 4470 si
1469 4432 1645 4486 quam
1689 4415 1845 4484 vilia,
1879 4434 2011 4489 pro-

363 4511 558 4576 brosa,
592 4521 888 4581 quamque
919 4520 1126 4599 aspera
1179 4503 1447 4599 Christus
1497 4505 1816 4599 pro-nobis
1839 4506 2013 4599 susti:
2041 4535 2089 4599 D

365 4600 514 4668 nuit,
549 4612 781 4669 semper
813 4593 1148 4649 memoriter
1184 4593 1530 4665 cogitamus.
1565 4593 1709 4649 Hinc
1739 4598 1828 4650 est
1858 4596 2013 4667 quod

364 4687 763 4752 cruciﬁxus,et
791 4686 1007 4738 caeteras
1037 4680 1251 4738 Christi
1283 4681 1518 4753 picturae
1551 4682 1720 4738 nobis
1749 4683 1808 4738 in
1838 4684 2015 4740 eccle-

364 4779 456 4834 sia
483 4775 983 4850 proponuntur,ut
1003 4787 1106 4844 per
1123 4787 1222 4827 eas
1241 4771 1430 4843 gratia
1447 4770 1758 4827 Dominicae
1783 4773 2014 4845 dispen-

365 4865 630 4932 sationis,
665 4862 834 4920 nobis
865 4861 924 4916 in
955 4859 1300 4916 memoriam
1350 4864 1665 4916 revocetur.
1702 4861 1806 4918 Per
1835 4864 2012 4935 grati-

362 4953 630 5010 tudinem
661 4956 752 5008 est
800 4950 1128 5017 nobiseum,
1163 4949 1210 5005 si
1251 4949 1322 5004 de
1371 4949 1792 5017 misericordia,
1833 4969 2012 5023 quam

365 5040 538 5100 nobis
567 5044 840 5112 operatus
869 5043 976 5108 est,
1009 5054 1239 5111 semper
1267 5053 1402 5093 eum
1434 5037 1932 5108 benedieamus,et
1961 5043 2012 5097 ei

365 5129 688 5206 gratiarum
719 5128 1007 5184 actionem
1057 5129 1128 5183 de
1183 5131 1302 5182 toto
1361 5127 1533 5182 corde
1588 5129 1930 5195 referamus,
1962 5132 2011 5187 si

365 5234 579 5277 nomen
605 5221 874 5273 sanctum
907 5219 1034 5289 ejus
1063 5231 1296 5289 semper
1331 5216 1391 5270 in
1423 5222 1621 5273 nostro
1652 5235 1750 5274 ore
1779 5237 2012 5276 resone-

365 5324 502 5366 mus
523 5322 660 5361 :non
696 5323 855 5362 more
885 5323 1090 5362 novem
1109 5305 1474 5378 leprosorum
1508 5323 1542 5360 a
1573 5307 1818 5364 Domino
1841 5327 2010 5366 mun-

361 5399 657 5461 datorum,
691 5395 787 5467 qui
815 5395 888 5451 ob
947 5395 1428 5467 ingratitudinem
1458 5412 1491 5450 a
1538 5395 1783 5453 Domino
1815 5416 2013 5472 repro-

359 5488 582 5548 bantur
611 5486 763 5554 (Luc.
796 5484 956 5556 xvu).
973 5484 1080 5539 Per
1097 5483 1556 5539 vicissitudinem
1571 5490 1660 5543 est
1680 5488 2008 5561 nobiscum,

355 5580 402 5638 si
431 5590 510 5637 ea
541 5587 672 5642 qua
702 5575 826 5648 ipse
857 5571 1015 5647 prior
1046 5571 1182 5628 facit
1211 5589 1314 5645 pro
1345 5572 1537 5641 nobis,
1562 5593 1676 5632 non
1708 5594 1812 5650 pro
1843 5595 1909 5636 eo
1935 5580 2013 5637 fa-

2122 3263 2430 3320 lectionem
2476 3259 2660 3328 illam,
2695 3277 2813 3332 qua
2855 3275 2962 3314 nos
3019 3259 3245 3314 vocavit
3294 3263 3350 3314 et
3397 3257 3606 3314 ﬁdeles
3643 3277 3784 3316 suos

2123 3352 2330 3420 eti‘ecit,
2365 3367 2467 3424 per
2497 3348 3021 3416 conversationem,
3056 3364 3159 3419 per
3188 3345 3536 3420 ampliorem
3567 3350 3785 3420 gratia-

2124 3460 2256 3498 rum
2286 3439 2676 3505 collationem,
2702 3441 2759 3492 et
2811 3452 2913 3508 per
2973 3435 3464 3508 perseverantiam
3515 3435 3579 3491 in
3612 3436 3784 3493 nobis

2122 3531 2301 3604 (quod
2334 3529 2459 3602 ipse
2492 3545 2594 3600 per
2623 3523 3086 3581 misericordiam
3138 3541 3308 3580 suam
3354 3525 3546 3581 facere
3574 3526 3780 3598 digne—

2121 3621 2264 3692 tur),
2297 3619 2668 3674 consummet
2700 3619 2756 3670 et
2784 3614 3108 3670 confirmet.
3141 3612 3410 3669 Charitas
3468 3630 3632 3684 vero,
3666 3633 3784 3686 qua.

2123 3726 2230 3765 nos
2261 3708 2445 3763 Deum
2477 3703 2801 3777 diligimus,
2835 3702 3044 3757 fratres
3093 3702 3228 3769 mei,
3261 3706 3400 3756 tunc
3427 3718 3670 3775 semper
3696 3708 3785 3760 est

2124 3796 2452 3860 nobiscum,
2485 3792 2534 3848 si
2586 3791 2761 3864 (quod
2810 3789 3036 3845 utinam
3067 3789 3192 3862 ipse
3229 3790 3400 3846 nobis
3431 3791 3778 3862 concedat!)

2123 3902 2257 3942 eum
2281 3889 2561 3954 tanquam
2585 3895 2888 3935 summum
2907 3881 3174 3933 etverum
3189 3878 3418 3934 Patrem
3438 3879 3584 3936 totis
3605 3879 3782 3936 visce-

2122 3975 2286 4030 ribus
2316 3987 2548 4043 semper
2577 3967 2898 4040 diligimus,
2932 3967 2982 4023 si
3016 3967 3293 4022 mandata
3339 3967 3470 4038 ejus
3498 3967 3782 4024 inviolata

2123 4056 2565 4124 custodimus,si
2597 4059 3047 4127 eum,quantum
3064 4059 3478 4127 possumus,ut
3507 4055 3650 4112 boni
3677 4057 3778 4112 ﬁlii

2120 4149 2180 4205 in
2214 4146 2526 4214 munditia,
2559 4142 2980 4212 misericordia,
3008 4148 3065 4199 et
3095 4143 3403 4200 sanctitate
3433 4145 3784 4218 ceterisque

2119 4239 2433 4296 virtutibus
2457 4234 2779 4290 imitamur.
2804 4231 3270 4288 Communicatio
3291 4249 3530 4305 quoque
3559 4232 3660 4289 hic
3685 4251 3786 4307 ap-

2121 4328 2454 4404 propriatur
2501 4321 2741 4397 Spiritui
2789 4325 3010 4390 sancto,
3045 4322 3322 4394 quoniam
3353 4339 3489 4376 cum
3521 4319 3786 4394 Spiritus

2122 4422 2359 4475 sanctus
2391 4414 2467 4471 sit
2495 4429 2678 4480 amor,
2712 4409 3022 4467 concordia
3051 4414 3109 4465 et
3139 4409 3492 4483 benignitas,
3527 4411 3664 4482 ejus
3695 4417 3790 4468 est

2121 4508 2275 4562 dona
2301 4501 2624 4578 gratiarum
2650 4513 2892 4555 suarum
2917 4496 3188 4552 ﬁdelibus
3208 4497 3501 4570 eroganda
3519 4511 3791 4554 commu-

2122 4593 2514 4663 nicare.0ptat
2541 4588 2721 4662 igitur
2741 4584 3056 4660 Apostolus
3082 4590 3147 4640 ut
3177 4585 3486 4641 nobiscum
3519 4585 3598 4640 sit
3627 4603 3790 4643 sem-

2123 4701 2226 4758 per
2254 4676 2707 4738 communicatio
2731 4675 2983 4748 Spiritus
3009 4674 3194 4732 sancti
3219 4673 3326 4743 ;vel
3347 4673 3603 4747 illa,que
3625 4675 3788 4733 dona

2123 4790 2232 4830 sua
2263 4769 2433 4826 nobis
2459 4763 2965 4834 communicet,vel
2996 4763 3096 4821 illa
3116 4780 3245 4836 quae
3272 4781 3378 4820 nos
3395 4764 3552 4820 bona
3575 4771 3788 4822 nostra

2123 4862 2252 4920 aliis
2281 4856 2713 4916 communicare
2745 4854 2935 4910 faciat.
2970 4853 3224 4925 Utraque
3253 4852 3411 4909 enim
3443 4852 3636 4925 ipsius
3669 4859 3783 4922 est,

2123 4957 2180 5008 et
2207 4946 2670 5013 utinam,fratres
2685 4943 2818 5013 mei,
2829 4946 3137 5015 utramque
3153 4941 3783 5009 communicationem,

2122 5040 2219 5097 ille
2248 5041 2488 5094 sanctus
2519 5037 2577 5090 et
2601 5032 2890 5104 benignus
2913 5031 3167 5103 Spiritus
3196 5035 3469 5102 operetur
3487 5029 3552 5086 in
3577 5032 3780 5087 nobis!

2122 5129 2401 5193 Primam,
2436 5127 2503 5179 ut
2549 5120 2818 5177 videlicet
2875 5120 3269 5176 communicet
3318 5119 3488 5176 nobis
3525 5137 3782 5178 suarum

2122 5217 2449 5291 largitatem
2481 5211 3026 5285 gratiarum,veram
3044 5209 3348 5266 conferens
3379 5207 3550 5266 nobis
3571 5210 3782 5280 ﬁdem,

2121 5323 2286 5380 spem
2316 5307 2374 5360 et
2401 5300 2765 5366 charitatem,
2800 5298 3174 5372 sapientiam,
3191 5298 3509 5370 justitiam,
3541 5298 3782 5355 fortitu-

2121 5399 2340 5461 dinem,
2372 5395 2429 5448 et
2455 5386 2904 5460 temperantiam
2952 5391 3278 5459 ceteraque
3306 5386 3460 5442 dona
3487 5403 3620 5452 sua,
3657 5392 3784 5444 tam

2121 5481 2450 5560 spiritualia
2479 5494 2657 5551 quam
2679 5475 3249 5549 corporalia,quibus
3263 5475 3537 5532 decenter
3559 5477 3780 5542 ornati,

2120 5579 2316 5650 ipsum
2371 5567 2653 5642 Spiritum
2715 5569 2982 5624 sanctum
3051 5563 3510 5622 inhabitatorem
3559 5564 3782 5624 habere
