3982 6082
403 264 558 330 1951

1409 267 1801 330 ADDENDA.
1832 300 1911 312 —
1939 265 2338 332 RADULPHI
2380 268 2793 333 ARDENTIS.

3671 270 3829 332 i953

401 402 631 459 introire
661 400 722 456 in
750 416 981 470 regnum
1006 400 1127 456 Dei.
1162 399 1335 457 Porro
1365 400 1425 456 in
1456 400 1748 472 baptismo
1780 399 2033 466 Domini,
2066 399 2122 468 Α
2151 399 2426 473 Nunquid
2459 401 2617 457 enim
2654 402 2819 458 decet
2864 406 3160 475 pastorem
3209 420 3338 460 esse
3384 402 3745 469 bestialem,
3774 409 3828 460 et

400 495 541 547 sunt
587 494 1020 546 sacramentum
1065 490 1335 556 exterius,
1371 493 1428 545 et
1466 506 1580 556 res,
1611 493 1668 544 et
1716 488 2044 560 puriﬁcatio

398 576 1110 634 interior.Sacramentum
1141 575 1482 643 exterius,id
1503 579 1591 631 est
1610 576 1859 632 exterior
1877 575 2043 630 ablu-

395 666 497 733 tio,
531 667 602 722 ab
634 666 1017 722 exterioribus
1065 666 1357 733 sordibus,
1392 667 1459 721 ﬁt
1488 683 1556 721 ex
1605 682 1759 737 aqua
1807 666 2041 737 quando

397 754 618 815 scilicet
647 755 820 810 homo
851 759 939 810 ter
964 755 1022 808 in
1045 772 1112 810 ea
1135 755 1417 827 mergitur
1439 755 1496 810 in
1521 755 1756 811 nomine
1775 755 1960 810 Patris
1986 757 2044 808 et

399 845 522 901 Filii
555 850 612 901 et
642 845 893 918 Spiritus
925 845 1340 900 sanc'ti.Amen.
1361 845 1694 901 Purificatio
1725 862 1858 900 vero
1894 846 2041 900 inte-

396 934 515 989 rior
542 951 575 989 a
605 933 858 1005 peccatis
892 934 955 988 ﬁt
985 951 1018 987 a
1050 933 1266 1006 Spiritu
1292 934 1675 989 sancto.Nihil
1697 935 1892 1006 itaque
1911 951 2043 990 con-

395 1023 507 1079 fert
520 1023 767 1078 exterior
782 1023 1002 1078 ablutio
1018 1023 1142 1078 sine
1160 1022 1711 1088 interiori,videlicet
1729 1027 1793 1078 ut
1807 1024 2040 1095 quando

395 1113 634 1169 adultus
666 1113 795 1167 ficte
824 1111 908 1167 vel
948 1106 1213 1167 indevote
1261 1113 1331 1167 ad
1384 1113 1744 1184 baptismum
1795 1113 2036 1168 accedit.

394 1203 504 1260 Sed
558 1219 663 1257 nec
711 1201 952 1256 interior
1001 1201 1125 1256 sine
1183 1201 1449 1258 exteriori
1503 1201 1624 1256 ﬁeri
1675 1206 1888 1274 potest,
1925 1201 2040 1256 nisi

394 1292 630 1365 quando
661 1291 867 1347 eil‘usio
899 1289 1208 1364 sanguinis
1240 1291 1475 1363 supplet
1505 1291 1686 1346 vicem
1736 1291 2036 1362 baptismi.

393 1381 612 1438 Deinde
643 1381 792 1435 inter
811 1381 1061 1450 primam
1081 1383 1138 1434 et
1157 1381 1474 1435 secundam
1499 1379 1859 1435 nativitatem
1884 1380 2042 1435 diffe-

393 1471 640 1528 rentiam
673 1469 938 1542 assignat
963 1485 1096 1524 cum
1128 1469 1269 1524 dicit
1293 1485 1305 1525 ε
1331 1469 1479 1537 Quod
1500 1471 1746 1525 nascitur
1764 1487 1834 1525 ex
1852 1485 2037 1535 carne,

392 1577 520 1618 earo
548 1567 644 1626 est,
675 1567 727 1616 et
753 1559 894 1631 quod
921 1561 1170 1614 nascitur
1199 1575 1269 1614 ex
1295 1561 1519 1630 spiritu,
1551 1561 1778 1630 spiritus
1826 1568 1922 1614 est.
1960 1560 2040 1614 Ex

393 1649 630 1707 homine
661 1648 814 1704 enim
849 1645 1360 1713 carnali,nascitur
1389 1665 1492 1720 per
1513 1647 1808 1702 carnalem
1830 1663 2039 1703 concu-

392 1738 736 1814 piscentiam
768 1737 942 1793 homo
974 1737 1246 1792 carnalis.
1283 1737 1361 1792 Ex
1392 1736 1601 1809 spiritu
1651 1754 1783 1792 vero
1833 1741 2037 1793 sancto

394 1829 655 1886 nascitur
687 1845 787 1900 per
815 1825 1174 1898 baptismum
1203 1825 1376 1882 homo
1410 1825 1756 1899 Spiritualis.
1787 1826 1892 1882 Per
1921 1825 2040 1898 pri-

393 1935 551 1976 mam
575 1917 934 1972 nativitatem
958 1915 2037 1983 naScimurﬁliihominisveterisAdaa,

394 2025 498 2082 per
517 2007 836 2064 secundam
861 2004 1222 2061 renascimur
1243 2005 1344 2060 filii
1369 2005 1499 2061 novi
1522 2005 1777 2061 hominis
1801 2004 2037 2061 Christi.

393 2095 656 2153 Carnalis
687 2094 865 2152 etiam
899 2094 1171 2150 nativitas
1213 2098 1302 2149 est
1348 2098 1610 2166 tempore
1657 2094 1837 2166 prior,
1866 2093 2040 2166 spiri-

392 2185 571 2243 tualis
601 2184 905 2258 posterior.
940 2183 1225 2248 Quoniam
1259 2182 1372 2240 nisi
1423 2183 1600 2240 fuerit
1651 2183 1814 2256 prius
1865 2187 2040 2238 natus

393 2275 568 2332 homo
597 2272 908 2330 carnaliter
937 2289 1005 2327 ex
1032 2273 1240 2340 Adam,
1274 2289 1389 2328 non
1422 2277 1614 2344 potest
1659 2271 2042 2344 Spiritualiter

394 2363 556 2420 nasci
585 2379 655 2418 ex
675 2361 1095 2418 Christo.Unde
1114 2361 1426 2432 Apostolus
1453 2378 1464 2416 :
1491 2364 1616 2417 Non
1637 2361 2036 2433 enim,inquit,

391 2461 470 2512 est
496 2454 652 2524 prius
681 2449 821 2522 quod
845 2456 923 2505 est
951 2450 1272 2520 spirituale;
1307 2450 1416 2505 imo
1459 2451 1618 2522 prius
1664 2457 1742 2505 est
1787 2449 1927 2521 quod
1963 2456 2044 2504 est

393 2541 655 2608 animale,
690 2538 884 2595 deinde
913 2538 1052 2611 quod
1081 2546 1160 2594 est
1204 2539 1494 2610 spiritualc
1524 2540 1570 2612 (I
1593 2538 1712 2594 Cor.
1747 2537 1860 2609 xv).
1895 2537 2038 2593 Hinc

393 2635 485 2688 est
507 2630 662 2703 quod
693 2628 889 2684 infans
921 2627 979 2683 in
1012 2631 1176 2683 utero
1208 2626 1412 2682 matris
1444 2644 1559 2682 non
1595 2630 1782 2699 potest
1803 2643 2040 2700 regene-

394 2721 747 2777 rari.Postea
775 2718 1139 2774 demonstrat
1169 2716 1401 2788 qualem
1432 2715 1756 2788 spiritualis
1800 2733 2038 2789 genera-

393 2813 476 2868 tio
503 2809 876 2876 efﬁciat,cum
902 2806 1101 2862 subdit
1125 2823 1137 2862 :
1161 2807 1403 2878 Spiritus
1424 2809 1573 2863 enim
1595 2807 1692 2862 ubi
1711 2807 1828 2862 vult
1843 2808 2037 2878 spirat,

394 2900 454 2958 id
485 2904 573 2956 est
603 2899 774 2970 cujus
803 2913 902 2953 cor
927 2895 1055 2951 vult
1083 2894 1358 2952 illustrat.
1392 2898 1455 2952 Et
1484 2913 1663 2952 vocem
1691 2897 1808 2968 ejus
1855 2895 2036 2962 audis,

393 2988 486 3046 vel
515 3005 617 3062 per
648 2986 1137 3058 Scripturas,quzc
1166 2984 1225 3040 in
1257 2984 1478 3057 Spiritu
1501 2984 1602 3040 Dei
1628 2988 1766 3040 sunt
1788 2983 2038 3056 scriptae,

393 3079 483 3137 vel
512 3076 688 3134 etiam
719 3093 822 3150 per
848 3074 1149 3131 hominem
1179 3073 1235 3130 in
1270 3073 1491 3147 Spiritu
1531 3073 1633 3129 Dei
1677 3073 2038 3146 loquentem.

2153 491 2371 563 gradiri
2402 491 2707 548 incurvum
2730 510 2891 549 more
2911 494 3194 562 bestiae,et
3215 511 3330 550 non
3354 493 3559 567 potius
3585 500 3825 549 rectum

2154 585 2308 636 stare
2338 581 2657 645 hominem,
2692 587 2748 638 et
2777 599 2980 655 sapere
3029 599 3154 655 quis
3203 600 3441 640 sursum
3489 587 3673 650 sunt,
3710 600 3824 639 non

2153 686 2278 741 quae
2331 687 2508 742 super
2561 671 2819 727 terram?
2849 672 3075 741 (Coloss.
3109 676 3219 742 ιιι.)
3269 679 3462 739 Amen,
3493 690 3697 740 auten,
3733 672 3822 727 iu-

2151 759 2298 832 quit,
2330 759 2450 816 dico
2487 762 2591 816 tibi
2637 763 2768 832 quia
2813 761 2954 832 quod
2993 763 3195 817 scimus
3238 762 3556 834 loquimur;
3589 771 3652 816 et
3681 762 3822 832 quod

2149 849 2388 905 vidimus
2428 852 2489 905 in
2535 850 2759 916 occulto,
2792 857 3056 906 testamur
3099 859 3283 922 aperte
3313 851 3449 923 (49),
3483 859 3538 907 et
3566 853 3819 906 testimo-

2150 941 2308 994 nium
2335 947 2587 995 nostrum
2612 955 2724 995 non
2752 940 3207 1010 accipitis.ldem,
3238 939 3668 1000 fratres.hodie
3689 955 3816 994 con-

2150 1027 2338 1101 tingit,
2372 1027 2649 1100 quoniam
2681 1044 2816 1083 cum
2847 1027 3181 1100 spirituales
3213 1029 3482 1102 magistri
3504 1029 3734 1084 docent
3753 1045 3814 1083 ea

2149 1133 2276 1188 quas
2309 1115 2693 1190 spiritualiter
2721 1116 2937 1187 sciunt,
2969 1121 3027 1172 et
3053 1121 3347 1173 testantur
3377 1134 3447 1173 ea
3477 1135 3612 1190 quae
3642 1117 3815 1190 spiri~

2147 1205 2409 1262 tualibus
2464 1204 2650 1262 oculis
2709 1205 2997 1272 viderunt,
3030 1205 3305 1262 hestiales
3364 1205 3646 1262 homines
3700 1224 3812 1260 non

2149 1296 2395 1352 credunt
2415 1294 2752 1350 testimonio
2772 1294 3127 1350 eorum.Non
3145 1295 3304 1351 enim
3328 1295 3585 1352 credunt
3609 1295 3812 1368 aliqua

2147 1401 2294 1450 esse,
2327 1384 2443 1439 nisi
2473 1401 2601 1456 qum
2633 1383 2968 1440 carnalibus
3001 1383 3187 1440 oculis
3217 1389 3471 1457 possunt
3499 1385 3731 1440 videre.
3751 1389 3813 1441 Si

2145 1476 2314 1540 enim,
2348 1473 2558 1545 inquit,
2592 1481 2809 1529 terrena
2836 1473 2962 1528 dixi
2990 1474 3160 1539 vobis,
3199 1481 3251 1529 et
3291 1490 3404 1529 non
3447 1474 3712 1538 creditis,
3753 1480 3810 1528 ut

2145 1560 2293 1616 illud
2319 1578 2331 1614 :
2354 1562 2558 1617 Solvite
2603 1561 2865 1632 templum
2913 1563 3030 1626 hoc,
3063 1570 3114 1617 et
3141 1563 3201 1616 in
3229 1563 3407 1618 tribus
3431 1563 3630 1619 diebus
3661 1567 3809 1618 em-

2147 1652 2268 1707 tabo
2300 1651 2440 1706 illud
2470 1652 2645 1719 (Joan.
2672 1650 3034 1722 ii),quomodo
3062 1653 3115 1706 si
3140 1651 3333 1706 dixero
3361 1653 3516 1707 vobis
3543 1653 3807 1723 celestis,

2146 1741 2370 1797 credetis
2389 1745 2412 1796 ξ’
2427 1741 2528 1795 Est
2557 1743 2754 1794 autem
2784 1743 3198 1811 argumentum
3215 1757 3250 1795 a
3267 1741 3806 1807 minori.0uoniam

2149 1830 2250 1902 qui
2291 1847 2406 1886 non
2455 1827 2641 1884 credit
2691 1827 2962 1894 terrenis,
2991 1845 3118 1900 quas
3151 1845 3186 1884 a
3213 1827 3434 1885 ratisne
3488 1830 3806 1887 hominum

2150 1923 2374 1974 remota
2403 1934 2519 1973 non
2550 1919 2710 1984 sunt,
2743 1916 3036 1989 quomodo
3066 1917 3263 1973 credet
3291 1916 3662 1988 caelestibus,
3683 1937 3808 1992 qua:

2149 2007 2470 2063 humanam
2503 2006 2789 2062 rationem
2816 2005 3142 2060 excedunt?
3157 2005 3332 2061 Porro
3352 2007 3426 2062 de
3445 2007 3809 2065 Ascensione

2149 2113 2258 2152 sua
2286 2093 2529 2152 instruit
2557 2093 2844 2150 Dominus
2868 2093 3254 2150 Nicodamum
3285 2111 3420 2150 cum
3454 2096 3670 2152 subdit
3699 2116 3721 2152 :
3751 2099 3810 2153 Et

2147 2202 2308 2242 nemo
2338 2183 2579 2240 ascendit
2609 2184 2671 2238 in
2698 2183 3030 2250 caelummisi
3053 2191 3106 2238 et
3133 2184 3231 2255 qui
3257 2183 3536 2241 descendit
3567 2185 3806 2252 decreto,

2148 2276 2328 2333 Filius
2359 2274 2598 2330 hominis
2628 2273 2725 2344 qui
2741 2279 2820 2328 est
2846 2273 2908 2327 in
2935 2272 3173 2328 calo.De
3202 2288 3265 2328 se
3285 2277 3578 2346 tanquam
3600 2276 3677 2331 de
3697 2276 3805 2332 alio

2147 2363 2426 2436 loquitur,
2459 2366 2525 2418 ut
2555 2361 2886 2433 exemplum
2929 2361 3184 2432 prebeat
3233 2362 3404 2418 nobis
3452 2367 3802 2438 armgantin

2149 2453 2493 2510 devitandas.
2516 2453 2596 2506 Ac
2627 2451 2677 2506 si
2709 2450 2862 2506 dicat
2889 2467 2902 2504 :
2937 2449 2999 2504 Si
3029 2449 3117 2506 vis
3149 2451 3206 2505 in
3239 2467 3488 2524 regnum
3519 2453 3802 2510 caelorum

2149 2542 2482 2608 ascendere,
2515 2539 2812 2595 adhazreas
2843 2555 2946 2611 per
2976 2538 3280 2595 charitatis
3321 2540 3609 2597 unionem
3660 2541 3800 2597 Filio

2147 2627 2616 2700 hominibus,qui
2631 2627 2792 2684 solus
2808 2644 2945 2684 cum
2963 2627 3244 2684 membris
3259 2628 3383 2685 suis
3399 2632 3798 2687 ascenditJla-

2150 2737 2284 2794 que,
2321 2720 2527 2774 fratres
2560 2717 2693 2786 mei,
2728 2717 2778 2773 si
2805 2718 2865 2772 in
2899 2733 3145 2790 regnum
3177 2717 3455 2774 caelorum
3488 2722 3798 2777 ascendere

2149 2807 2622 2880 volumus,capiti
2651 2810 2848 2863 nostro
2878 2806 3126 2863 Domino
3159 2811 3358 2864 nostro
3377 2807 3523 2864 Jesu
3547 2808 3796 2872 Christo,

2151 2901 2265 2956 ﬁde
2295 2903 2352 2954 et
2380 2897 2664 2954 charitate
2694 2896 3118 2964 adhaereamus,
3152 2896 3434 2968 quoniam
3479 2898 3584 2970 qui
3623 2915 3800 2954 mem-

2150 2990 2323 3046 brum
2355 2987 2615 3059 corporis
2645 2985 2854 3041 Christi
2887 3002 3002 3041 non
3035 2987 3221 3053 est,ad
3245 3001 3498 3059 regnum
3523 2986 3798 3044 caelorum

2151 3077 2466 3134 ascendere
2489 3091 2860 3147 nequaquam
2882 3073 3263 3147 potest.Unde
3284 3074 3410 3148 ipse
3430 3075 3584 3132 dicit
3607 3094 3622 3132 :
3647 3077 3800 3133 Nm

393 3169 460 3224 Et
481 3167 653 3224 nescis
682 3165 826 3222 unde
853 3165 1055 3230 veniat,
1080 3163 1163 3219 vel
1193 3179 1297 3236 quo
1324 3163 1506 3231 vadat,
1539 3162 1599 3218 id
1629 3167 1719 3218 est
1746 3167 1810 3218 tu
1840 3179 2042 3218 carna-
2071 3150 2114 3216 C
2152 3168 2300 3225 venit
2325 3166 2395 3222 ad
2417 3167 2638 3222 Patrem
2665 3166 2781 3220 nisi
2801 3180 2910 3237 per
2933 3180 3020 3220 me
3049 3165 3226 3231 (Joan.
3256 3163 3391 3236 xxv).
3417 3166 3556 3238 Ipse
3589 3167 3798 3239 quippe

395 3256 468 3314 lis
499 3255 735 3329 ignoras
765 3253 920 3310 unde
949 3252 1137 3326 gratia
1166 3251 1268 3307 illa
1298 3251 1360 3306 in
1391 3251 1690 3308 hominem
1721 3251 1934 3318 veniat,
1951 3244 2040 3307 vel

397 3347 470 3403 ad
501 3347 790 3418 quantum
822 3343 1042 3399 bonum
1073 3357 1208 3396 eum
1242 3341 1534 3396 ducat.Sic
1563 3341 1893 3412 cst,inquit,
1926 3357 2040 3396 om-

395 3437 487 3492 nis
507 3436 605 3507 qui
618 3439 784 3488 natus
798 3439 959 3488 estea:
971 3429 1410 3502 Spiritu.Qualis
1428 3430 1643 3502 quippe
1659 3435 1748 3486 est
1764 3429 2039 3501 Spiritus,

394 3524 574 3581 talem
595 3521 776 3579 efficit
795 3519 963 3575 illum
987 3536 1160 3591 quem
1184 3519 1593 3592 aspirat.Sicut
1612 3519 1768 3575 enim
1791 3519 2042 3592 Spiritus

397 3617 488 3671 est
510 3611 676 3678 liber,
692 3609 925 3682 spirans
957 3607 1056 3662 ubi
1088 3607 1228 3675 vult,
1260 3608 1342 3663 ita
1371 3607 1507 3663 facit
1535 3607 1834 3664 hominem
1866 3625 2042 3680 quem

399 3701 640 3774 aspirat,
669 3699 941 3766 liberum,
974 3697 1228 3753 liberans
1275 3715 1376 3770 per
1424 3697 1674 3772 gratiam
1723 3699 1852 3768 ejus
1890 3695 2042 3752 arbi-

397 3791 599 3855 trium,
627 3793 712 3855 ut,
745 3787 979 3860 quando
1007 3785 1164 3851 velit,
1191 3785 1376 3858 possit
1391 3786 1577 3842 facere
1607 3785 2044 3841 bonum.Malus

401 3878 698 3952 quippe,et
727 3876 776 3932 si
807 3876 984 3932 habet
1011 3875 1319 3931 arbitrium
1351 3893 1385 3930 a
1406 3875 1750 3931 necessitate
1772 3873 2042 3941 liberum,

400 3974 599 4026 tamen
633 3983 749 4023 non
780 3965 958 4022 habet
977 3964 1123 4020 illud
1147 3982 1250 4036 per
1269 3964 1518 4038 gratiam
1537 3981 1569 4019 a
1586 3969 1821 4036 peccato
1842 3963 2048 4019 libera-

401 4059 717 4116 tum.Sicut
747 4072 979 4128 quoque
1011 4053 1265 4126 Spiritus
1297 4071 1401 4126 per
1429 4070 1627 4110 vocem
1650 4070 1745 4109 ese
1767 4052 2043 4117 declarat,

402 4149 484 4204 ita
499 4147 799 4203 hominem
817 4160 992 4216 quem
1010 4143 1396 4214 illustrat,per
1414 4143 1568 4198 bona
1581 4142 1758 4198 verba
1772 4146 1830 4197 et
1851 4157 2045 4214 opera,

403 4242 725 4307 ceteraque
755 4232 1036 4290 exteriora
1065 4231 1234 4304 signa
1255 4233 1487 4303 justum
1520 4247 1647 4287 esse
1687 4230 2046 4285 manifestat.

403 4326 566 4384 Sicut
593 4324 750 4380 enim
782 4321 969 4378 nescit
1001 4321 1176 4376 homo
1206 4319 1457 4376 carnalis
1489 4320 1641 4376 unde
1671 4320 1925 4391 Spiritus
1954 4335 2048 4374 ve-

403 4416 654 4483 niat,aut
679 4429 794 4484 quo
817 4410 1098 4478 vadat,ita
1118 4409 1304 4465 nescit
1333 4409 1488 4481 quod
1521 4409 1696 4465 homo
1726 4407 2051 4481 spiritualis

2148 3261 2238 3314 est
2267 3256 2484 3312 ostium
2509 3273 2524 3323 ;
2555 3253 2682 3326 ipse
2710 3256 2801 3309 est
2831 3252 3128 3319 ostiarius,
3155 3252 3280 3324 ipse
3299 3253 3473 3310 nobis
3495 3258 3592 3310 est
3614 3255 3732 3311 dux
3748 3259 3798 3310 et

2151 3344 2484 3403 sublevator
2513 3343 2585 3398 ad
2617 3357 2863 3414 regnum
2895 3340 3364 3408 coelorum.Quod
3390 3345 3598 3398 autem
3627 3343 3794 3400 Filius

2151 3433 2407 3490 hominis
2440 3432 2498 3486 in
2532 3429 2744 3486 caelum
2775 3430 3077 3496 ascendat,
3109 3430 3318 3502 probat
3365 3448 3435 3487 ex
3483 3431 3600 3488 hoc
3650 3433 3792 3505 quod

2150 3522 2276 3596 ipse
2305 3525 2395 3577 est
2429 3519 2588 3576 idem
2638 3519 2698 3574 in
2745 3535 2996 3590 persona
3042 3519 3184 3576 Filio
3234 3519 3351 3586 Dei,
3383 3521 3490 3593 qui
3536 3523 3615 3578 de
3666 3521 3796 3578 calo

2151 3609 2475 3677 descendit,
2509 3609 2611 3664 sed
2642 3609 2798 3680 quod
2829 3607 3163 3679 expressius
3192 3607 3526 3676 cst,Filium
3548 3610 3796 3666 hominis

2153 3700 2314 3766 dicit,
2347 3699 2407 3754 in
2437 3698 2642 3754 eodem
2671 3701 2932 3770 tempore
2962 3696 3022 3752 in
3053 3715 3169 3770 quo
3199 3697 3322 3754 haec
3361 3697 3721 3770 loquebatur
3745 3701 3795 3755 in

2155 3795 2330 3858 terra,
2364 3803 2492 3844 esse
2516 3787 2574 3842 in
2609 3785 2772 3842 caalo.
2806 3786 2918 3842 Sed
2951 3803 3086 3843 cum
3133 3789 3444 3860 sequentia
3493 3788 3796 3846 locutionis

2155 3879 2426 3951 exigeret,
2461 3880 2526 3931 ut
2567 3876 2856 3931 diceretur
2906 3875 3117 3931 Filium
3167 3876 3266 3932 Dei
3324 3877 3726 3945 descendisse,
3750 3883 3798 3933 et

2157 3967 2364 4025 Filium
2398 3964 2656 4020 hominis
2687 3964 3047 4034 ascendisse,
3078 3965 3219 4037 quia
3247 3969 3446 4022 tamen
3499 3983 3622 4022 non
3669 3985 3798 4040 pre-

2149 4057 2381 4129 judicat
2433 4054 2662 4118 veritati
2710 4053 3000 4109 dictorum
3050 4054 3484 4127 inconsequens
3525 4056 3802 4126 junctum

2157 4142 2605 4213 dictionum,hic
2637 4143 2878 4199 confuse
2909 4142 3128 4199 dicitur
3157 4143 3315 4200 idem
3341 4143 3530 4200 Filius
3551 4144 3804 4201 hominis

2158 4239 2217 4292 et
2247 4231 2618 4290 descendisse
2642 4235 2699 4288 et
2729 4231 3084 4301 ascendisse,
3119 4235 3176 4287 et
3205 4232 3266 4287 in
3293 4235 3452 4288 terra
3481 4232 3736 4306 loqui,et
3751 4234 3804 4289 in

2159 4323 2302 4380 caelo
2332 4325 2554 4390 esse,ut
2578 4321 2812 4393 penitus
2833 4320 3180 4394 explodatur
3199 4321 3600 4394 hiememque:
3623 4323 3808 4379 Chris-

2157 4411 2376 4468 tumin
2426 4411 2576 4466 duas
2623 4408 2879 4465 dividere
2936 4426 3218 4482 personas
3274 4411 3610 4466 attentavit.
3647 4411 3806 4467 Fides

403 4522 472 4562 ex
501 4504 616 4560 Deo
647 4505 820 4558 natus
849 4501 944 4567 sit,
976 4503 1032 4555 et
1057 4499 1208 4588 quod
1240 4499 1313 4553 ad
1345 4515 1589 4588 regnum
1623 4497 1902 4588 caelorum
1924 4502 2051 4552 ton-
2083 4523 2128 4588 Ι)
2159 4501 2314 4558 enim
2332 4497 2684 4588 catholicain
2698 4497 2926 4554 Christo
2944 4498 3237 4570 geminam
3255 4498 3496 4588 quidem
3517 4505 3806 4564 naturam,

405 4594 527 4650 dat.
560 4593 869 4662 Propterea
890 4606 1012 4655 vos,
1047 4587 1275 4655 fratres,
1310 4587 1410 4659 qui
1433 4587 1770 4660 spirituales
1800 4587 1962 4654 estis,
1996 4592 2054 4642 et

406 4698 660 4755 quorum
690 4679 808 4734 vita
851 4677 1191 4734 abscondita
1233 4681 1322 4732 est
1369 4693 1504 4732 cum
1549 4675 1778 4732 Christo
1828 4675 1888 4731 in
1938 4680 2052 4732 Deo

409 4773 630 4845 (Coloss.
665 4769 770 4840 ιιι),
803 4785 874 4823 ne
906 4765 1199 4823 miremini
1231 4765 1279 4821 si
1311 4765 1575 4820 carnales
1608 4781 1709 4820 vos
1749 4763 2050 4833 irrideant,

409 4861 458 4918 si
489 4877 591 4917 vos
619 4861 1016 4924 contemnant,
1048 4855 1097 4912 si
1129 4872 1229 4911 vos
1261 4871 1362 4926 pro
1396 4853 1578 4909 nihilo
1612 4853 1886 4909 habeant.
1912 4857 2058 4920 Quo-

411 4951 570 5007 niam
619 4947 893 5005 animalis
941 4947 1136 5012 homo,
1170 4963 1288 5001 non
1338 4945 1587 5018 percipit
1635 4961 1704 5000 ea
1750 4962 1876 5016 quae
1920 4948 2058 5000 sunt

412 5039 656 5112 spiritus
686 5036 786 5093 Dei
814 5039 863 5109 (Ι
892 5037 1012 5093 Cor.
1047 5039 1127 5105 ιι).
1164 5034 1299 5092 Sola
1345 5035 1502 5090 enim
1551 5037 1782 5089 terrena
1819 5033 1971 5105 sapit
2002 5037 2060 5089 et

415 5126 640 5202 quaerit.
670 5127 813 5180 Cum
844 5130 1038 5182 autem
1073 5125 1422 5181 Nicodamus
1453 5128 1737 5196 quzereret
1765 5124 2058 5194 quomodo

414 5219 654 5292 possent
681 5215 800 5271 haec
831 5214 976 5285 ﬁeri,
1011 5214 1233 5270 audivit
1264 5230 1278 5270 ε
1314 5215 1388 5268 Tu
1417 5229 1471 5268 es
1496 5213 1759 5281 magister
1789 5214 1847 5267 in
1869 5213 2056 5280 Israel,

412 5315 464 5366 et
487 5307 607 5363 haec
625 5306 846 5374 ignoras
865 5304 892 5358 Ἰ
918 5304 979 5358 In
1005 5319 1117 5375 quo
1135 5302 1393 5359 ostendit
1409 5301 1690 5357 Dominus
1710 5302 2058 5374 magistrum

413 5393 681 5456 Ecclesiae
704 5390 1033 5464 spiritualia
1053 5391 1381 5448 ministeria
1401 5408 1516 5446 non
1537 5391 1746 5446 debere
1768 5389 2056 5464 ignorare.

485 5571 598 5648 (49)
627 5569 798 5644 Vulg.
835 5584 951 5627 non
984 5566 1160 5626 habet
1189 5571 1250 5627 in
1279 5570 1482 5626 occulto
1514 5585 1618 5626 nec
1648 5576 1849 5642 aperte.

2163 4591 2264 4647 sed
2283 4605 2461 4645 unam
2484 4587 2670 4646 solam
2691 4588 3002 4644 conﬁtetur
3022 4587 3510 4659 personam.Hinc
3530 4592 3623 4644 est
3637 4589 3808 4661 quod,

2163 4677 2431 4753 quamvis
2461 4677 2969 4748 inconsequenter,
3005 4679 3202 4732 tamen
3251 4676 3532 4732 audacter
3581 4682 3644 4732 et
3688 4694 3810 4734 vere

2165 4769 2535 4833 confitemur,
2558 4769 2616 4822 et
2646 4764 2858 4822 Filium
2889 4764 3148 4821 nominis
3178 4765 3466 4821 mundum
3503 4771 3813 4834 creasse,et

2164 4856 2376 4912 Filium
2408 4853 2508 4910 Dei
2539 4871 2607 4910 ex
2635 4853 2873 4926 Virgine
2922 4856 3148 4925 natum,
3179 4860 3238 4909 et
3275 4855 3429 4926 quod
3481 4853 3683 4926 majus
3729 4859 3814 4912 est

2167 4950 2464 5002 mortuum
2495 4959 2644 5000 esse.
2678 4942 2757 4999 De
2789 4942 3060 5014 passione
3091 4959 3198 4998 sua
3227 4959 3360 4999 eum
3394 4941 3664 5011 instruit,
3683 4959 3810 4999 eum

2167 5033 2402 5092 subdit:
2437 5034 2502 5089 Et
2527 5034 2670 5088 sicut
2701 5037 2910 5104 Moyses
2937 5031 3202 5088 exultavit
3229 5039 3534 5104 serpentem
3562 5034 3626 5088 in
3643 5047 3811 5088 erm

2171 5125 2282 5198 (50)
2319 5140 2331 5179 :
2365 5125 2444 5178 ita
2470 5121 2711 5178 exaluiri
2738 5128 2944 5192 oportet
2984 5121 3197 5177 Filium
3241 5121 3502 5188 hominis,
3537 5133 3598 5175 ut
3647 5122 3812 5178 mis

2170 5215 2266 5286 qui
2293 5212 2466 5268 credit
2491 5214 2552 5268 in
2582 5227 2708 5268 eum
2736 5227 2846 5266 non
2869 5217 3072 5282 pereat,
3104 5209 3198 5266 sed
3223 5210 3420 5266 habent
3449 5211 3628 5265 vitam
3663 5218 3812 5268 aeter-

2168 5321 2317 5359 nam.
2343 5303 2414 5358 Et
2433 5300 2675 5374 pulchre
2701 5299 3057 5372 magistrum
3079 5298 3356 5372 legis,per
3373 5298 3630 5371 ﬁguram
3651 5297 3810 5371 legis,

2169 5393 2240 5448 de
2261 5409 2369 5450 sua
2387 5390 2629 5446 instruit
2649 5387 3349 5462 passione,innueus;tam
3371 5387 3483 5444 hoc
3505 5403 3691 5460 quam
3713 5386 3814 5443 alia

2241 5571 2354 5643 (50)
2382 5567 2556 5642 Vulg.
2586 5569 2822 5626 Deserto.

3917 219 3924 262 τ

3921 449 3935 544 ι.

3933 1027 3935 1104 l
