3982 6082
181 321 206 380 1
220 319 343 380 953

826 318 1178 381 HOMILLE
1222 319 1300 380 IN
1345 319 1597 380 EPIST.
1645 317 1743 378 ΕΤ
1786 314 2082 378 EVANG.
2128 317 2476 378 DOMINIC.
2513 351 2589 363 —
2620 320 2823 381 PARS
2869 321 2945 382 Il.

3429 323 3586 384 1954

180 451 246 506 in
278 451 402 524 lege
433 449 492 506 in
523 450 772 523 ﬁguram
803 450 897 508 sui
929 452 1525 525 praecessisseﬁgnitis
1542 451 1698 507 enim
1723 467 1831 507 ser-
1863 451 1919 519 Α
1948 449 2138 517 diligit
2190 451 2476 518 mundum,
2535 467 2648 507 non
2681 521 2689 531 _
2720 461 2797 507 est
2871 454 3108 509 charitas
3174 456 3355 511 Patris
3409 457 3470 511 in
3527 473 3587 512 eo

185 539 462 614 pentibus
485 539 636 595 ﬁlios
671 539 844 596 Israel
877 541 936 595 in
967 542 1194 597 deserto
1225 541 1836 612 necantibus,jubente

186 629 695 702 Domino,Moyses
717 629 897 684 erexit
917 634 1248 703 serpentem
1268 647 1492 686 aeneum
1506 630 1565 686 in
1585 630 1735 703 palo,
1763 631 1834 685 ad

187 735 367 790 quem
398 717 874 790 respicientes,ab
900 719 1102 792 ignitis
1129 719 1838 792 serpentibusliberaban-

187 811 289 862 tur
317 807 844 879 (Num.xx1).Porro
876 809 1103 881 Moyses
1133 801 1524 882 prmﬁguravit
1554 809 1836 882 populum

187 894 786 969 Judaicum.Serpens
817 913 1012 953 zeneus
1042 897 1300 953 elevatus
1329 897 1388 953 in
1421 897 1563 954 ccelo
1592 898 1650 954 in
1683 897 1838 970 palo,

188 982 605 1041 exaltationem
655 985 870 1041 Christi
919 987 977 1041 in
1034 986 1192 1059 ligno
1240 987 1532 1059 ﬁguravit.
1578 987 1645 1042 Et
1694 987 1839 1042 bene

188 1070 463 1129 Christus
493 1090 597 1145 per
624 1090 850 1130 tensum
883 1079 1214 1148 serpentem
1245 1076 1837 1149 ﬁguratur,quoniam

190 1161 348 1218 sicut
379 1179 575 1219 aeneus
605 1179 846 1236 serpens
877 1164 1162 1237 serpentis
1191 1165 1366 1220 habet
1389 1165 1838 1221 similitudinem

187 1255 250 1306 et
280 1267 395 1306 non
418 1250 650 1318 rem,ita
678 1251 946 1309 Christus
965 1253 1173 1309 habuit
1188 1253 1634 1310 similitudinem
1649 1253 1840 1310 carnis

187 1341 436 1412 peccati,
470 1357 586 1396 non
617 1345 812 1398 autem
844 1358 1078 1398 carnem
1111 1343 1437 1416 peccati.Et
1465 1343 1616 1399 sicut
1646 1361 1841 1400 ωηερε

189 1445 601 1501 serpens,cum
632 1445 875 1502 serpens
904 1431 1345 1497 videretur,erat
1376 1431 1756 1504 imputribilis
1789 1437 1845 1488 et

189 1515 602 1583 durabilis,ita
632 1518 1084 1586 dominus,cum
1115 1520 1289 1576 homo
1311 1520 1576 1577 mortalis
1607 1538 1844 1594 appare-

191 1611 306 1672 ret,
340 1610 538 1662 tamen
569 1608 895 1663 secundum
927 1607 1289 1665 divinitatem
1323 1615 1575 1667 aeternus
1621 1615 1744 1666 erat
1789 1616 1845 1666 et

191 1695 570 1752 immortalis.
623 1696 786 1753 Sicut
833 1702 1031 1754 autem
1075 1699 1450 1771 respicientes
1497 1701 1566 1755 ad
1618 1717 1844 1756 aeneum

193 1789 533 1858 serpentem
565 1801 679 1841 non
703 1785 1122 1842 occidebantur
1136 1788 1208 1843 ab
1228 1787 1428 1861 ignitis
1453 1789 1842 1862 serpentibus,

195 1874 304 1929 sed
336 1873 712 1943 vivebant,ita
743 1875 1078 1948 quicunque
1098 1893 1232 1932 vera
1251 1876 1363 1932 ﬁde
1380 1881 1437 1932 et
1455 1877 1762 1933 dilectione
1773 1877 1846 1932 ad

195 1962 500 2018 Christum
531 1963 872 2019 cruciﬁxum
905 1965 1246 2037 respiciunt,
1282 1983 1396 2021 non
1441 1966 1788 2022 occiduntur
1816 1984 1850 2022 a

196 2051 556 2124 serpentinis
585 2052 1008 2110 tentationibus
1038 2053 1389 2123 diaboli,sed
1425 2055 1640 2111 habent
1670 2056 1847 2111 vitam

197 2145 499 2196 aeternam.
533 2142 635 2196 Est
662 2158 798 2215 ergo
830 2159 897 2198 ac
927 2142 975 2198 si
1005 2143 1234 2199 dicatur
1262 2145 1574 2200 Nicodemo
1605 2145 1692 2200 vel
1724 2145 1848 2199 cui-

197 2229 347 2285 libet
375 2229 530 2285 ﬁdeli
563 2249 580 2284 :
613 2230 672 2285 Si
704 2231 792 2287 vis
826 2232 897 2286 ab
923 2231 1154 2288 insidiis
1185 2232 1399 2288 diaboli
1431 2233 1684 2298 liberari,
1707 2240 1762 2288 et
1790 2234 1850 2289 in

201 2317 417 2374 caalum
469 2335 603 2375 cum
656 2319 798 2377 Filio
848 2320 1108 2378 hominis
1156 2323 1489 2393 ascendere,
1541 2325 1612 2378 ad
1655 2324 1850 2396 ipsum

203 2407 547 2464 cruciﬁxum
579 2425 812 2481 semper
848 2410 1091 2482 respice.
1125 2411 1386 2483 Respice,
1421 2412 1683 2484 inquam,
1720 2414 1853 2484 ﬁde,

204 2495 431 2569 respice
462 2495 792 2567 dilectione,
826 2498 1049 2570 respice
1097 2499 1440 2555 imitatione.
1473 2501 1650 2556 Juxta
1699 2503 1851 2575 quod

207 2585 334 2658 ipse
366 2584 504 2641 alibi
535 2591 774 2642 monet:
809 2589 920 2656 Qui
960 2589 1078 2644 vult
1124 2591 1308 2644 venire
1351 2598 1468 2662 post
1495 2607 1599 2660 me,
1633 2592 1859 2662 abneget

206 2683 555 2746 semettpsum
600 2683 653 2730 et
703 2675 858 2731 tollat
903 2693 1118 2732 crucem
1158 2695 1318 2733 suam
1363 2687 1413 2734 et
1469 2687 1727 2751 sequatur
1771 2697 1858 2736 me

211 2765 366 2834 (Luc.
398 2764 493 2832 ιχ).
527 2763 658 2820 Haec
697 2768 787 2820 est
832 2764 1010 2836 enim,
1043 2766 1251 2822 fratres
1300 2767 1413 2822 mei
1458 2767 1568 2835 via,
1601 2769 1721 2823 haec
1769 2773 1860 2824 est

214 2852 376 2910 scala
405 2854 757 2910 ascendendi
789 2855 859 2909 ad
901 2871 1146 2928 regnum
1195 2855 1494 2912 ccslorum.
1528 2858 1652 2913 Non
1701 2858 1856 2914 enim

217 2959 322 3015 per
351 2941 603 3012 divitias,
637 2959 752 2998 non
784 2959 888 3016 per
919 2943 1191 3013 honores,
1224 2962 1339 3000 non
1383 2963 1486 3018 per
1531 2945 1859 3020 voluptates

215 3032 337 3088 itur
366 3033 438 3088 ad
471 3049 718 3106 regnum
739 3031 1038 3100 caelorum,
1074 3035 1174 3090 sed
1205 3052 1308 3107 per
1333 3052 1527 3091 veram
1556 3037 1862 3109 ﬁdem,per

211 3137 409 3177 veram
442 3121 543 3178 Dei
573 3126 628 3177 et
659 3122 902 3194 proximi
937 3121 1326 3191 dilectionem,
1361 3141 1464 3196 per
1492 3142 1686 3181 rerum
1718 3130 1860 3180 tem-

1948 537 1996 608 (I
2038 540 2194 594 Joan.
2244 539 2327 610 ιι).
2390 540 2606 612 Itaque,
2670 541 2898 609 fratres,
2959 542 3258 598 imitemur
3315 545 3589 616 antiquos

1946 627 2166 692 Patres,
2198 628 2298 700 qui
2329 645 2420 684 res
2450 633 2712 685 terrenas
2755 648 2868 686 non
2909 633 3350 704 concupierunt,
3383 639 3440 688 et
3486 635 3590 688 ha-

1945 716 2119 783 bitas,
2154 734 2270 773 non
2301 717 2647 785 dilexerunt,
2681 723 2736 774 et
2763 719 2892 776 ideo
2924 722 3163 794 perdere
3204 721 3335 778 illas
3367 738 3480 778 non
3513 722 3590 778 ti-

1948 811 2244 874 muerunt,
2279 807 2418 879 quin
2469 808 2663 880 potius
2693 809 2819 865 sine
2859 828 3097 866 rancore
3128 829 3225 867 eas
3267 812 3591 885 derelique-

1949 900 2104 964 runt,
2121 900 2178 951 et
2203 885 2332 953 lzcte
2362 913 2460 952 eas
2491 899 2848 970 pauperibus
2881 902 3596 973 erogaverunt.lmitemur

1947 985 2187 1040 beatum
2217 985 2347 1054 Job,
2381 987 2481 1059 qui
2513 991 2598 1042 tot
2625 992 2682 1043 et
2711 993 2907 1044 tantas
2947 989 3177 1046 divitias
3225 991 3350 1048 sine
3399 1008 3595 1048 amore

1949 1072 2173 1140 habuit,
2207 1073 2333 1130 sine
2362 1075 2572 1132 timore
2602 1079 2881 1149 possedit,
2917 1078 3042 1134 sine
3074 1077 3274 1136 dolore.
3320 1081 3592 1154 perdidit.

1950 1162 2134 1219 Istum
2148 1180 2284 1236 ergo
2299 1165 2666 1220 mundanum
2680 1166 2886 1223 vitiosu
2898 1185 3072 1240 mque
3087 1169 3357 1225 timorem
3378 1187 3411 1225 a
3429 1169 3599 1226 nobis

1949 1251 2328 1324 cxpellamus,
2364 1253 2664 1310 discamus
2717 1259 2945 1311 terrena
2993 1261 3384 1326 contemnere,
3429 1263 3486 1314 et
3533 1275 3602 1314 ea

1950 1340 2190 1396 ridendo
2229 1341 2496 1398 amittere
2543 1343 2632 1398 vel
2682 1344 2878 1416 potius
2932 1362 3189 1418 erogare.
3221 1347 3422 1403 Timor
3467 1364 3600 1404 vero

1951 1447 2131 1502 pcenzn
2162 1430 2249 1486 vel
2284 1431 2939 1502 mortis,naturalisest,
2957 1439 3014 1490 et
3044 1435 3172 1491 ideo
3202 1436 3314 1491 nisi
3347 1453 3603 1494 excesse-

1953 1519 2047 1587 rit,
2082 1537 2196 1575 non
2229 1525 2317 1575 est
2343 1519 2608 1577 vitiosus.
2643 1522 2807 1578 Unde
2854 1527 2911 1578 et
2963 1524 3268 1590 Dominus,
3303 1525 3404 1598 qui
3455 1525 3602 1582 nihil

1953 1608 2066 1664 nisi
2089 1609 2306 1664 bonum
2340 1610 2732 1678 habuit,hunc
2751 1630 2854 1684 pro
2877 1613 3045 1668 nobis
3066 1613 3390 1669 voluntarie
3411 1631 3605 1671 susce-

1956 1696 2266 1769 pit,timuit
2296 1699 2452 1753 enim
2487 1704 2818 1769 mortem,et
2844 1706 3082 1774 propter
3111 1719 3239 1758 eam
3263 1703 3450 1760 tristis
3471 1704 3601 1760 fuit.

1957 1785 2062 1851 Qui
2093 1791 2288 1842 tamen
2323 1787 2590 1844 hortatur
2618 1807 2758 1846 suos
2791 1807 2861 1846 ne
2894 1791 3142 1847 timeant
3171 1798 3418 1849 mortem
3447 1810 3459 1847 :
3496 1795 3605 1849 No-

1958 1874 2073 1942 lite,
2110 1875 2323 1947 inquit,
2359 1879 2550 1934 timere
2577 1895 2665 1934 eos
2693 1881 2790 1951 qui
2836 1880 3086 1936 occidunt
3112 1897 3326 1952 corpus,
3360 1883 3608 1938 animam

1957 1971 2140 2018 autem
2167 1981 2277 2019 non
2302 1975 2527 2036 possunt
2553 1967 2811 2024 occidere.
2843 1967 2946 2024 Sed
2989 1971 3171 2040 potius
3210 1971 3379 2025 illum
3427 1973 3609 2028 timete

1959 2054 2056 2124 qui
2098 2061 2273 2124 potest
2316 2056 2563 2110 animam
2608 2064 2662 2111 et
2699 2073 2892 2129 corpus
2935 2057 3160 2128 perdere
3207 2060 3269 2113 in
3307 2060 3610 2131 gehennam

1959 2140 2170 2208 (Matth.
2205 2143 2278 2214 χ).
2312 2143 2490 2207 Quasi
2530 2145 2746 2200 diceret
2780 2162 2792 2199 :
2847 2146 3122 2211 Quamvis
3165 2146 3489 2204 humanum
3535 2148 3612 2204 sit

1961 2229 2165 2286 timere
2215 2235 2484 2298 mortem,
2516 2235 2710 2288 tamen
2761 2251 2862 2290 vos
2910 2239 3145 2308 propter
3191 2235 3463 2293 timorem
3514 2237 3610 2294 Dei

1961 2318 2205 2374 vincatis
2237 2320 2506 2376 timorem
2549 2323 2776 2378 mortis.
2813 2323 2958 2379 Hinc
2997 2328 3086 2379 est
3135 2326 3290 2396 quod
3341 2327 3612 2398 quamvis

1964 2407 2304 2480 apostoli,ut
2328 2409 2617 2478 homines,
2635 2413 2908 2467 timerent
2929 2418 3174 2469 mortem
3192 2413 3611 2472 clamattamen

1964 2496 2380 2570 Paulus:(.‘upio
2408 2499 2635 2554 dissolvi
2664 2508 2852 2556 etesse
2878 2518 3003 2556 cum
3033 2503 3251 2558 Christo
3281 2504 3610 2578 (Philippa).

1969 2585 2034 2638 Et
2064 2587 2324 2640 Andreas
2359 2604 2371 2641 :
2409 2588 2536 2668 «.(0
2578 2605 2720 2643 crux
2770 2590 3158 2660 desiderata!)
3193 2614 3220 2640 »
3252 2593 3413 2657 Quod
3455 2593 3612 2648 enim

1967 2677 2176 2729 natura
2207 2676 2266 2729 in
2298 2677 2382 2731 eis
2416 2677 2852 2743 reformidabat,
2870 2678 2980 2733 hoc
3008 2679 3278 2736 voluntas
3308 2680 3616 2754 amplecte-

1966 2763 2157 2818 batur.
2192 2764 2308 2819 Nos
2337 2781 2492 2837 ergo,
2528 2766 2757 2832 fratres,
2786 2771 2844 2822 et
2873 2766 2922 2822 si
2955 2784 3087 2824 caro
3119 2773 3316 2825 nostra
3348 2771 3613 2827 reformi-

1967 2851 2065 2905 dat
2098 2869 2327 2924 pmnam
2359 2853 2445 2908 vel
2481 2859 2864 2922 mortem,nos
2897 2861 3092 2912 tamen
3134 2863 3287 2914 recte
3334 2859 3611 2931 viventes,

1967 2941 2086 3011 pati
2117 2938 2203 2996 vel
2236 2943 2382 2997 mori
2415 2943 2759 3016 proChristo
2773 2945 3262 3004 desideremus.Si
3280 2949 3436 3004 enim
3456 2965 3614 3006 mors

1967 3029 2229 3085 timenda
2275 3036 2382 3099 est,
2430 3037 2666 3105 propter
2727 3035 3144 3106 consequentia
3193 3036 3454 3094 timenda
3501 3042 3612 3094 est.

1967 3121 2120 3174 Mors
2149 3120 2367 3192 quippe
2415 3138 2548 3176 cum
2601 3123 2678 3178 sit
2727 3127 3156 3197 momentanea,
3188 3142 3402 3198 magna
3446 3143 3617 3199 pcena
3677 3171 3680 3175 .

215 3209 530 3283 poralium,
563 3215 621 3266 et
650 3211 825 3267 etiam
856 3210 1071 3283 proprii
1107 3212 1364 3285 corporis
1395 3213 1858 3270 abrenuntiatio-
1891 3196 1932 3263 Ε
1974 3225 2088 3263 non
2120 3210 2345 3266 estSed
2380 3228 2559 3283 poenae
2591 3229 2717 3284 quae
2750 3217 3078 3285 sequuntur
3102 3196 3368 3282 mortem,
3389 3196 3614 3288 magna

141 3298 146 3302 ”
219 3316 484 3372 nem,per
512 3299 905 3356 humilitatem
929 3305 984 3356 et
1006 3300 1484 3374 patientiam.Per
1504 3320 1679 3376 quam
1707 3303 1859 3358 viam

219 3389 317 3444 det
347 3388 515 3446 nobis
531 3405 593 3445 se
609 3389 775 3462 sequi
803 3394 861 3445 et
881 3391 1158 3463 consequi
1177 3391 1461 3448 Dominus
1479 3397 1676 3448 noster
1690 3393 1721 3448 J
1727 3409 1862 3448 esus

218 3476 507 3543 Christus,
541 3476 640 3550 qui
671 3494 805 3533 eum
855 3478 1020 3534 Patre
1049 3484 1108 3535 et
1138 3479 1358 3550 Spiritu
1389 3484 1592 3536 sancto
1638 3480 1780 3535 vivit
1808 3483 1865 3536 et

218 3570 423 3639 regnat
451 3567 606 3622 Deus
636 3583 739 3640 per
767 3567 966 3622 omnia
1006 3567 1218 3624 saecula
1256 3568 1622 3625 saeculorum.
1654 3571 1858 3626 Amen.

815 3673 1122 3730 HOMILIA
1170 3675 1264 3731 III.

588 3763 645 3801 ΙΝ
684 3763 854 3802 FESTO
892 3763 1120 3802 SANCTE
1153 3765 1487 3804 TRlNlTATlS.

294 3837 440 3891 Time
502 3840 696 3903 Deum,
749 3843 799 3891 et
857 3836 1121 3892 mandata
1180 3837 1298 3908 ejus
1342 3838 1580 3894 observa.
1633 3839 1738 3894 Hoc
1788 3845 1867 3894 est

218 3926 394 3981 omnis
421 3925 578 3980 homo
609 3925 800 3994 (Eccle.
831 3927 960 3993 xu).
995 3925 1057 3981 In
1089 3925 1198 3981 hac
1241 3925 1397 3982 brevi
1429 3926 1714 3995 clausula,
1748 3927 1863 3983 fra-

219 4017 340 4068 tres
371 4012 726 4080 charissimi,
759 4013 947 4069 forma
976 4017 1033 4068 et
1071 4013 1320 4069 eruditio
1367 4015 1546 4070 totius
1592 4015 1864 4070 humana;

217 4102 347 4157 vitae
377 4100 1062 4174 comprehenditur.Cum
1093 4101 1248 4157 enim
1281 4102 1553 4159 Salomon
1576 4105 1648 4159 de
1679 4102 1862 4159 diver-

219 4207 419 4247 sorum
451 4190 758 4246 sententiis
786 4193 844 4245 et
872 4190 1247 4263 opinionibus
1270 4191 1458 4247 multa
1486 4192 1864 4249 concionatus

218 4285 396 4348 esset,
428 4279 500 4334 ad
539 4283 864 4336 extremum
891 4279 1178 4336 conclusit
1208 4280 1358 4336 hanc
1388 4281 1734 4338 sententiam
1765 4299 1865 4338 ve-

221 4368 434 4424 riorem
468 4371 526 4424 et
552 4367 777 4424 homini
819 4367 1009 4442 magis
1057 4370 1467 4425 necessariam.
1501 4369 1618 4426 Vos
1664 4369 1862 4444 igitur,

222 4457 450 4526 fratres,
470 4456 521 4512 si
551 4474 667 4513 non
699 4457 941 4530 potestis
973 4457 1190 4514 multas
1220 4457 1551 4530 Scripturas
1583 4457 1790 4533 legere,
1816 4459 1865 4516 si

223 4562 338 4601 non
363 4545 606 4618 potestis
632 4545 851 4603 multas
871 4547 1471 4613 sententiasretinere,
1494 4546 1701 4604 saltem
1714 4548 1866 4604 hanc
1894 4568 1941 4632 Β

221 4634 628 4690 brevissimam
648 4635 1126 4691 sententiolamin
1143 4641 1337 4692 mente
1361 4637 1861 4709 semperretinete.

221 4724 381 4780 Hanc
425 4723 745 4798 adimplere
793 4725 1061 4798 satagite,
1106 4724 1382 4798 quoniam
1433 4725 1554 4782 haec
1603 4726 1868 4782 faciendo

220 4814 400 4869 vitam
451 4813 893 4885 consequemini
946 4814 1386 4887 sempiternam.
1430 4814 1640 4870 Videre
1689 4815 1869 4887 igitur

222 4901 448 4959 debetis
477 4903 769 4975 quomodo
800 4903 878 4958 sit
895 4901 1192 4959 timendus
1216 4903 1688 4976 Deus,quomodo
1702 4920 1866 4959 man-

223 4992 358 5047 data
386 4991 514 5062 ejue
544 4991 926 5060 observanda,
958 4996 1014 5048 et
1061 4992 1352 5064 quomodo
1403 4992 1496 5048 hic
1547 4992 1624 5049 sit
1673 4993 1865 5048 omnis

221 5079 443 5136 homo:
500 5082 664 5150 Time,
713 5081 924 5153 inquit.
969 5081 1160 5137 Deum.
1191 5083 1270 5136 Ac
1316 5081 1364 5136 si
1414 5086 1611 5154 aperte
1660 5081 1863 5138 dicat:

221 5168 349 5226 Noli
382 5168 590 5225 timere
621 5169 1001 5226 amissionem
1033 5187 1227 5226 rerum
1281 5170 1714 5243 temporalium,
1749 5169 1868 5226 noli

220 5258 426 5314 timere
458 5275 690 5331 pcenam
720 5259 808 5316 vel
840 5264 1088 5317 mortem
1119 5259 1522 5332 temporalem,
1547 5261 1647 5317 sed
1679 5259 1868 5316 solum

219 5347 401 5403 Deum
432 5347 594 5404 time.
624 5349 826 5405 Timor
852 5349 1010 5405 enim
1039 5349 1237 5405 damni
1259 5348 1870 5422 temporalis,vitiosus

219 5441 328 5494 est.
355 5435 457 5493 llle
488 5437 644 5494 enim
680 5438 842 5495 solus
873 5438 1042 5494 timet
1073 5439 1339 5495 amittere
1369 5437 1732 5512 temporalia,
1769 5438 1868 5511 qui

219 5542 289 5585 ea
319 5525 497 5583 nimis
527 5529 706 5582 amat.
741 5527 1035 5600 Scriptum
1067 5533 1158 5585 est
1187 5528 1342 5584 enim
1380 5545 1392 5584 :
1427 5529 1604 5584 Nolite
1639 5528 1871 5598 diligere

217 5616 506 5686 mundum,
532 5631 707 5690 neque
735 5632 800 5676 ea
828 5632 956 5690 qua“:
983 5619 1045 5674 in
1072 5618 1275 5678 mundo
1303 5626 1450 5690 sunt,
1477 5620 1610 5693 quia
1657 5619 1710 5674 si
1747 5620 1869 5692 quis

1971 3303 2028 3352 et
2055 3302 2280 3353 aeterna:
2313 3304 2471 3365 sunt,
2505 3305 2560 3355 et
2601 3300 2730 3355 ideo
2784 3302 2973 3374 magis
3020 3301 3312 3359 timendis.
3347 3305 3617 3361 Timeant

1970 3403 2107 3459 ergo
2156 3392 2403 3443 mortem
2467 3389 2568 3461 qui
2617 3389 2839 3445 faciunt
2882 3391 3036 3446 unde
3089 3391 3294 3448 timere
3344 3393 3613 3450 debeant.

1971 3475 2240 3530 Timeant
2270 3481 2518 3533 mortem
2552 3477 2821 3546 adulteri,
2857 3479 3101 3535 timeant
3139 3485 3385 3538 mortem
3438 3483 3613 3552 fures,

1970 3563 2297 3632 homicidae,
2340 3566 2516 3634 avari,
2576 3567 2820 3640 perjuri,
2868 3569 3174 3642 cmterique
3229 3570 3439 3644 iniqui.
3501 3571 3617 3628 Nos

1971 3670 2128 3726 ergo,
2199 3655 2427 3723 fratres,
2496 3655 2544 3711 si
2607 3661 2758 3712 recte
2806 3657 3076 3726 vivimus,
3137 3659 3184 3715 si
3251 3659 3435 3715 Deum
3494 3664 3617 3716 toto

1972 3744 2144 3798 corde
2201 3743 2523 3817 diligimus,
2585 3744 2634 3800 si
2693 3746 2969 3801 mandata
3027 3748 3156 3818 ejus
3213 3747 3615 3816 observamus,

1973 3836 2219 3888 mortem
2278 3851 2395 3889 non
2453 3833 2736 3889 debemus
2785 3835 3011 3900 timere,
3063 3835 3181 3891 imo
3237 3853 3366 3892 eam
3424 3837 3616 3894 securi

1973 3926 2374 3994 exspectantes
2400 3922 2576 3977 etiam
2603 3921 2952 3991 desiderare,
2981 3929 3047 3978 ut
3077 3941 3178 3995 per
3206 3941 3334 3980 eam
3363 3927 3434 3981 de
3464 3926 3619 3983 exsi-

1972 4009 2049 4066 lio
2081 4011 2154 4066 ad
2186 4011 2457 4084 patriam,
2492 4011 2562 4066 de
2595 4011 2832 4066 tristitia
2863 4013 2932 4067 ad
2965 4013 3350 4085 gaudium,de
3383 4015 3621 4070 miseria

1974 4099 2044 4154 ad
2079 4099 2499 4155 beatitudinem
2531 4099 3618 4172 transeamus.1taque,fratres,solum-

1975 4187 2146 4242 modo
2180 4187 2362 4242 Deum
2395 4187 2733 4243 timeamus.
2768 4187 2896 4258 Ipse
2926 4187 3083 4244 enim
3133 4189 3194 4245 in
3245 4190 3520 4246 omnibus
3564 4194 3622 4248 et

1973 4276 2174 4331 omnia
2203 4276 2262 4331 in
2293 4277 2420 4348 ipso
2451 4281 2590 4331 sunt
2613 4275 3185 4341 timenda.Quoniam
3205 4294 3310 4334 nec
3327 4278 3617 4349 diabolus,

1975 4381 2078 4420 nec
2111 4364 2430 4428 homo,nec
2461 4365 2601 4431 fera,
2625 4382 2730 4421 nec
2761 4364 2984 4437 aliquid
3017 4365 3196 4437 aliud,
3221 4366 3333 4424 nisi
3364 4366 3492 4440 ipso
3523 4383 3618 4424 vo-

1971 4453 2144 4522 lente,
2171 4453 2341 4509 nobis
2372 4458 2561 4526 potest
2589 4453 2995 4510 nocere.Unde
3029 4455 3262 4527 sapiens
3293 4456 3373 4510 ait
3405 4473 3418 4510 :
3453 4479 3479 4506 «
3514 4456 3619 4522 Qui

1973 4543 2139 4599 timet
2170 4543 2376 4609 Deum,
2410 4543 2608 4598 omnia
2633 4542 2802 4598 timet
2833 4560 2966 4598 eum
3002 4559 3015 4598 :
3049 4548 3106 4600 et
3137 4545 3236 4616 qui
3289 4561 3402 4599 non
3453 4544 3623 4601 timet

1975 4633 2355 4698 Deum,timet
2383 4632 2638 4688 omnia.»
2674 4634 2775 4688 Est
2804 4635 2997 4687 autem
3031 4632 3208 4688 timor
3234 4633 3333 4688 Dei
3365 4632 3572 4706 triplex
3606 4651 3618 4690 :

1977 4722 2232 4788 Servilis,
2267 4721 2530 4789 initialis,
2564 4726 2620 4776 et
2650 4720 2868 4776 ﬁlialis.
2903 4721 3076 4776 Porro
3124 4720 3409 4778 serviliter
3454 4721 3624 4778 timet

1977 4811 2181 4879 Deum,
2215 4811 2315 4883 qui
2346 4810 2616 4866 conscius
2649 4816 3016 4882 peccatorum
3050 4827 3312 4877 suorum,
3338 4827 3452 4866 non
3485 4809 3623 4866 dili-

1976 4900 2062 4973 git
2091 4901 2273 4956 Deum
2309 4904 2373 4954 ut
2402 4900 2653 4966 Patrem,
2689 4899 2790 4955 sed
2822 4899 2992 4955 timet
3042 4904 3108 4955 ut
3147 4899 3428 4972 judicem,
3463 4916 3622 4956 more

1976 4989 2124 5045 servi
2156 4989 2340 5061 iniqui
2375 4988 2475 5060 qui
2507 4989 2675 5043 timet
2705 4987 3010 5042 dominum
3048 5005 3246 5056 suum,
3273 5004 3377 5044 nec
3410 4987 3619 5061 diligit.

1975 5079 2091 5134 Hoc
2107 5078 2312 5134 timore
2336 5076 2606 5133 diabolus
2627 5082 2682 5132 et
2697 5076 2884 5148 iniqui
2908 5077 3174 5133 homines
3193 5077 3620 5133 timentDeum.

1981 5168 2092 5225 Iste
2123 5168 2316 5235 timor,
2341 5167 2400 5220 in
2431 5170 2719 5238 quantum
2753 5165 2988 5237 quidem
3021 5171 3112 5222 est
3141 5166 3500 5234 initialis,est
3529 5167 3625 5223 bo-

1978 5257 2178 5326 nus;in
2203 5259 2490 5329 quantum
2511 5271 2644 5310 vero
2663 5259 2753 5310 est
2775 5254 3119 5323 servilis,est
3137 5255 3525 5312 malus.Hunc
3547 5257 3626 5311 ti-

1980 5362 2200 5402 morem
2232 5361 2366 5401 vera
2395 5343 2625 5400 dilectio
2659 5346 2814 5400 foras
2846 5345 3495 5418 mittit,quoniam,cum
3520 5344 3625 5400 ali-

1980 5436 2113 5508 quis
2144 5434 2336 5491 malus
2366 5450 2678 5491 conversas
2707 5433 2914 5507 incipit
2950 5434 3137 5490 Deum
3183 5452 3316 5492 vere
3363 5431 3625 5504 diligere,

1979 5525 2186 5597 incipit
2217 5541 2351 5582 cum
2383 5541 2497 5580 non
2531 5522 2816 5580 serviliter
2844 5524 3074 5580 timere.
3109 5522 3275 5578 Unde
3321 5520 3580 5576 Joannes
3611 5537 3626 5576 :

1981 5616 2160 5672 Timor
2188 5615 2368 5686 enim,
2394 5613 2607 5687 inquit,
2630 5628 2741 5670 non
2763 5621 2843 5672 est
2878 5614 2941 5670 in
2959 5613 3258 5683 charitate,
3281 5609 3372 5668 sed
3397 5609 3636 5682 perfecta
