3974 6076
158 271 313 332 1961

159 407 396 480 penitus
427 405 691 463 excludet
720 406 1012 475 timorem,
1045 406 1133 462 vel
1165 409 1230 460 ut
1259 405 1498 460 omnino
1543 422 1657 461 non
1706 404 1804 474 sit,
1834 405 1889 471 Α

154 494 245 549 vel
277 499 343 549 ut
373 512 488 550 non
521 494 737 552 efﬁciat
766 495 1065 551 hominem
1110 495 1482 560 timorosum,
1518 493 1617 548 sed
1651 509 1806 548 reve-

157 583 584 650 rentem.Quod
614 584 770 639 enim
803 583 1034 656 legitur,
1050 583 1190 656 quia
1219 583 1394 640 timor
1427 581 1656 638 Domini
1680 597 1808 638 san-

159 677 309 738 ctus,
344 676 648 745 permanet
675 673 733 728 in
767 672 1049 729 saeculum
1077 671 1274 728 saeculi
1304 673 1476 744 (Psal.
1505 670 1684 741 xvm),
1718 669 1808 726 vel

158 762 233 816 de
266 761 413 817 bono
436 763 508 816 ad
542 763 696 834 quod
724 761 889 818 duxit
918 761 1112 830 timor,
1145 761 1235 818 vel
1266 762 1338 817 de
1368 759 1688 816 reverentia
1718 759 1807 814 in-

157 849 540 924 telligendum
571 855 679 906 est.

231 939 508 1011 Sequitur
537 956 672 1012 pars
705 939 929 1011 quinta,
966 939 1024 994 in
1057 957 1176 1011 qua
1205 955 1312 994 nos
1337 939 1606 994 hortatur
1635 938 1706 992 ad
1730 935 1810 991 di-

156 1027 464 1085 lectionem
513 1027 614 1084 Dei
663 1029 862 1084 dicens
897 1046 910 1084 :
943 1029 1048 1084 Nos
1091 1045 1220 1098 ergo
1267 1028 1570 1101 diligamus
1617 1027 1806 1094 Deum,

155 1120 424 1191 quoniam
453 1120 563 1189 ipse
591 1117 786 1173 dilexit
802 1119 1077 1174 nos.Tres
1109 1122 1250 1172 sunt
1278 1117 1567 1189 praecipue
1597 1132 1807 1182 causae,

157 1207 367 1262 fratres
398 1206 533 1273 mei,
566 1211 802 1279 propter
831 1223 979 1278 quas
1019 1207 1334 1262 Dominum
1366 1205 1606 1278 diligere
1634 1205 1808 1260 debe~

158 1313 314 1352 mus.
349 1295 542 1351 Prima
572 1300 662 1351 est
710 1294 849 1367 quia
879 1296 939 1350 in
971 1312 1032 1351 se
1063 1296 1254 1351 bonus
1286 1299 1342 1351 et
1373 1294 1648 1350 amabilis
1679 1296 1804 1362 est;

158 1402 336 1458 quam
360 1401 599 1440 causam
622 1385 842 1441 notavit
865 1385 1136 1456 superius
1165 1401 1302 1440 cum
1327 1383 1428 1448 ait,
1451 1385 1589 1439 Deus
1618 1383 1805 1438 chari-

158 1484 242 1530 tas
265 1482 362 1531 est.
395 1474 666 1531 Secunda
693 1473 950 1546 estquia
990 1473 1150 1546 diligi
1202 1473 1437 1542 meruit,
1473 1489 1600 1545 quae
1633 1488 1810 1528 causa

157 1563 256 1619 hic
287 1567 522 1619 notatur
551 1579 685 1618 cum
717 1562 958 1618 dicitur:
991 1565 1139 1633 Quia
1165 1564 1279 1634 ipse
1295 1563 1452 1633 prior
1469 1561 1667 1616 dilexit
1688 1576 1804 1615 nos.

160 1651 356 1708 Tertia
399 1655 488 1706 est
535 1650 673 1723 quia
721 1650 1102 1724 diligentibus
1135 1668 1196 1706 se
1227 1650 1535 1723 praemium
1581 1653 1806 1705 aeterne}

160 1739 541 1797 beatitudinis
571 1739 763 1808 dabit;
790 1757 968 1811 quam
991 1757 1228 1796 causam
1263 1739 1483 1794 notavit
1511 1738 1802 1811 superius,

161 1846 294 1886 cum
327 1827 470 1884 dixit
501 1845 516 1883 :
553 1830 616 1886 Ut
662 1829 924 1898 fiduciam
972 1829 1269 1886 habeamus
1301 1831 1362 1884 in
1391 1829 1622 1884 adventu
1667 1828 1802 1899 ejus.

159 1917 347 1983 Quare
375 1921 538 1973 tanta
567 1917 785 1973 amoris
823 1917 1203 1974 incitamenta
1234 1923 1486 1974 mentem
1520 1921 1803 1983 nostram,

161 2009 366 2064 fratres
397 2006 752 2074 charissimi,
783 2007 854 2063 ad
889 2006 1252 2078 diligendum
1291 2008 1476 2064 Deum
1510 2024 1624 2062 non
1655 2006 1804 2062 exci-

159 2096 332 2152 tant?
359 2097 430 2152 Et
459 2095 508 2151 si
540 2095 896 2168 negligimus
927 2113 1058 2151 eum
1094 2095 1358 2168 diligere,
1385 2112 1450 2152 eo
1476 2095 1630 2166 quod
1662 2095 1722 2149 in
1744 2111 1806 2150 se

158 2187 347 2242 bonus
367 2189 424 2243 et
444 2183 715 2241 amabilis
731 2188 840 2250 est,
858 2201 1038 2256 quare
1059 2185 1118 2239 in
1141 2183 1542 2241 misericordia
1571 2181 1808 2253 ejus,di-

158 2274 421 2334 lectionis
451 2273 732 2330 beneﬁcia
763 2273 934 2329 nobis
951 2273 1210 2346 quotidie
1233 2273 1698 2345 exhibita,quare
1714 2272 1808 2328 de-

159 2363 730 2422 siderabiliaazternze
752 2362 1152 2429 beatitudinis,
1172 2380 1298 2434 quae
1326 2363 1495 2418 nobis
1519 2377 1806 2433 praepara-

158 2453 505 2526 vit,prazmia
524 2469 630 2508 nos
652 2453 722 2508 ad
742 2451 1102 2524 diligendum
1120 2469 1254 2506 eum
1273 2469 1388 2507 non
1409 2449 1806 2506 inﬂammant?

231 2541 509 2614 Sequitur
535 2558 674 2614 pars
703 2545 885 2607 sexta,
919 2540 979 2596 in
1023 2557 1140 2613 qua
1185 2540 1442 2597 ostendit
1490 2536 1806 2612 Apostolus

163 2635 342 2688 Deum
377 2647 492 2685 non
528 2647 698 2702 posse
730 2647 860 2686 vere
889 2629 1052 2702 diligi
1083 2630 1210 2685 sine
1241 2631 1520 2700 proximo,
1555 2628 1754 2683 dicens
1789 2643 1802 2680 :

159 2721 222 2776 Si
250 2722 374 2792 quis
406 2719 543 2778 dicit
571 2721 704 2790 quia
733 2719 903 2790 diligo
933 2719 1119 2785 Deum,
1146 2727 1197 2773 et
1224 2720 1454 2790 fratrem
1482 2733 1644 2772 suum
1672 2715 1804 2784 odit,

159 2809 396 2866 mendax
424 2808 664 2864 est.Non
688 2807 768 2863 ait
787 2807 1092 2863 inimicum
1124 2806 1211 2863 vel
1241 2807 1510 2879 iniquum
1534 2805 1673 2877 quia
1702 2804 1808 2861 ini-

161 2897 445 2954 micitiam
472 2895 561 2952 vel
589 2895 959 2968 iniquitatem
991 2896 1277 2952 debemus
1307 2912 1537 2967 semper
1557 2894 1687 2950 odio
1709 2893 1806 2950 ba-

158 2987 317 3054 bere,
338 2989 558 3042 naturis
579 3001 711 3040 vero
735 2985 1156 3042 fraternitatem
1180 2984 1440 3057 diligere.
1456 2985 1525 3038 Et
1544 2984 1653 3040 hoc
1675 3001 1807 3040 con-

158 3080 249 3132 tra
279 3074 412 3131 illos
458 3079 548 3131 est
593 3073 693 3146 qui
738 3073 827 3128 vel
885 3079 1122 3146 propter
1177 3073 1495 3130 amicitiam
1549 3073 1804 3129 hominis

811 273 1168 336 HOMILUE
1211 274 1286 333 IN
1330 271 1578 332 EPIST.
1627 272 1727 332 ET
1771 270 2056 332 EVANG.
2105 271 2451 333 DOMINIG.
2484 305 2560 316 --
2587 273 2786 334 PARS
2831 273 2908 334 II.

3407 269 3566 337 4962

2533 406 2838 464 llOMILlA
2877 411 2945 463 V.

2202 509 2479 549 DOMINICA
2517 511 2696 550 PRIMA
2742 513 2882 552 POST
2915 509 3278 553 TRINITATBM.

1989 582 2145 637 Dixit
2163 583 2334 638 Jesus
2355 582 2661 654 discipulis
2682 584 2807 639 suis
2829 584 3166 656 parabolam
3187 585 3340 641 hanc
3365 601 3378 640 :
3405 587 3569 644 Homo

1917 671 2143 742 quidam
2168 679 2288 727 erat
2313 671 2460 726 dives
2490 677 2600 728 etc.
2643 673 2793 742 (Luc.
2826 673 2963 746 xvr.)
2991 674 3135 729 Cum
3168 676 3226 730 in
3260 675 3370 732 hac
3397 689 3567 748 para-

1918 759 2069 828 bola,
2106 761 2312 815 fratres
2343 760 2892 828 charissimi,etiam
2925 779 3136 818 nomen
3167 765 3442 836 pauperis
3473 781 3572 837 po-

1918 853 2112 916 natur,
2138 853 2298 920 patet
2320 850 2459 922 quia
2479 867 2594 906 non
2617 850 2810 906 solum
2835 851 3132 924 parabole,
3155 853 3255 908 sed
3276 853 3452 909 etiam
3474 853 3566 910 hi-

1918 938 2097 993 storia
2128 944 2234 994 est.
2267 941 2336 993 Et
2383 939 2660 1011 parabole
2709 941 2947 1012 quidem
3004 946 3112 1008 est,
3144 941 3421 1014 quoniam
3465 959 3568 1015 per

1918 1026 2366 1082 similitudinem
2399 1027 2536 1099 quid
2581 1028 2934 1095 faciendum,
2968 1029 3179 1102 quidve
3224 1029 3566 1102 fugiendum

1918 1117 1997 1173 sit
2028 1117 2486 1172 demonstratur.
2520 1117 2776 1173 Historia
2830 1135 2963 1174 vero
3021 1130 3130 1186 est,
3164 1118 3442 1190 quoniam
3475 1119 3568 1176 res

1917 1210 2082 1278 gesta
2109 1222 2236 1262 esse
2260 1223 2330 1261 ex
2357 1223 2632 1278 paupere,
2665 1207 2899 1280 proprio
2952 1206 3191 1263 nomine
3239 1207 3567 1282 designato,

1917 1296 2349 1367 comprobatur.
2378 1296 2490 1351 Sed
2517 1313 2716 1369 quare,
2751 1297 2960 1352 fratres
3009 1297 3146 1369 mei,
3177 1312 3402 1353 nomen"
3423 1311 3568 1370 pau-

1915 1382 2072 1455 peris
2128 1382 2386 1456 ponitur,
2429 1401 2562 1440 cum
2613 1401 2826 1441 nomen
2884 1385 3081 1441 divitis
3137 1390 3421 1455 taceatur,
3452 1386 3570 1448 nisi

1917 1471 2056 1544 quia
2105 1489 2327 1545 pauper
2373 1490 2476 1545 per
2541 1474 2882 1531 electionem
2931 1491 2965 1531 a
3011 1475 3126 1532 Deo
3171 1473 3566 1550 cognoscitur.

1917 1561 2087 1618 Dives
2145 1579 2279 1618 vero
2333 1579 2436 1634 per
2493 1564 2959 1634 reprobationem
2990 1565 3170 1621 aDeo
3217 1565 3568 1638 ignoratur?

1916 1651 2062 1707 Hinc
2090 1651 2274 1722 Moysi
2295 1651 2475 1708 electo
2508 1653 2752 1708 dicitur:
2785 1653 2922 1710 Novi
2948 1663 2997 1710 te
3023 1669 3093 1710 ex
3119 1657 3342 1712 nomine
3372 1655 3564 1726 (Exod.

1913 1744 2131 1808 xxxm).
2165 1741 2231 1795 Et
2261 1741 2522 1812 reprobis
2570 1741 2630 1796 in
2677 1742 2872 1798 futuro
2917 1759 2952 1797 a
2999 1742 3246 1798 Domino
3287 1742 3563 1800 dicetur:

1915 1835 2088 1885 Amen
2118 1829 2237 1885 dico
2269 1831 2440 1895 vobis,
2470 1832 2651 1886 nescio
2679 1847 2770 1887 vos
2801 1831 2971 1903 (Matt.
3002 1834 3154 1900 xxv).
3190 1831 3253 1887 In
3283 1847 3422 1904 quo,
3451 1831 3566 1888 fra-

1915 1922 2056 1985 tres,
2089 1917 2468 1973 confunditur
2523 1919 2872 1990 perversitas
2927 1924 3150 1989 nostra,
3183 1919 3286 1993 qui
3327 1919 3568 1978 nomina

1915 2006 2162 2063 divitum
2194 2012 2250 2063 et
2282 2010 2588 2078 potentum
2637 2007 2976 2064 memoriter
3005 2012 3295 2078 tenemus,
3328 2007 3569 2068 nomine

1913 2113 2047 2152 vero
2079 2112 2405 2168 pauperum
2437 2095 2584 2152 scire
2617 2096 3076 2169 negligimus.Et
3097 2099 3253 2154 unde
3281 2097 3430 2155 hoc?
3451 2097 3567 2156 nisi

1915 2186 2054 2258 quia
2083 2189 2414 2256 acceptores
2445 2202 2652 2241 sumus
2683 2190 3164 2257 personarum,et
3178 2187 3388 2244 divites
3417 2197 3566 2261 quos

1916 2274 2070 2330 Deus
2093 2273 2344 2346 ignorat,
2367 2274 2610 2339 scimus,
2635 2291 2920 2347 pauperes
2949 2292 3082 2332 vero
3114 2292 3263 2349 quos
3292 2277 3448 2334 Deus
3465 2293 3568 2335 no-

1913 2364 2016 2432 vit,
2039 2361 2418 2436 ignoramus?
2434 2364 2706 2418 Attamen
2737 2363 2986 2436 legimus
3008 2365 3078 2421 de
3098 2366 3267 2423 beato
3295 2365 3559 2424 Clemen-

1915 2459 1970 2510 te
1985 2453 2137 2525 quod
2161 2467 2446 2524 pauperes
2467 2452 2771 2525 regionum
2795 2453 3140 2512 nominatim
3154 2455 3404 2514 habebat
3424 2456 3563 2514 scri-

1915 2547 2067 2615 ptos.
2102 2542 2275 2597 Porro
2324 2541 2632 2613 propositae
2681 2541 2968 2613 parabolae
3019 2559 3118 2599 sex
3155 2550 3296 2601 sunt
3328 2551 3560 2618 partes;

1915 2631 2104 2703 primo
2151 2630 2304 2684 enim
2337 2630 2575 2700 ponitur
2604 2631 2878 2686 meritum
2911 2631 3124 2704 divitis,
3157 2634 3412 2690 secundo
3441 2647 3564 2690 me-

1916 2721 2093 2775 ritum
2125 2719 2424 2792 pauperis,
2459 2719 2626 2775 tertio
2673 2720 2981 2792 prmmium
3029 2723 3322 2795 pauperis,
3356 2725 3564 2796 quarto

1914 2827 2086 2881 poena
2116 2807 2333 2875 divitis,
2368 2809 2574 2880 quinto
2625 2808 2786 2864 dives
2838 2814 2966 2865 orat
3012 2827 3117 2883 pro
3147 2827 3230 2880 se,
3263 2817 3424 2869 sexto
3457 2813 3562 2885 pro

1915 2897 2060 2964 suis,
2083 2914 2189 2953 nec
2219 2897 2548 2953 exauditur.
2591 2897 2786 2954 Primo
2813 2897 2995 2970 igitur
3021 2899 3262 2970 ponitur
3288 2901 3565 2958 meritum

1913 2987 2108 3042 divitis
2138 3003 2274 3042 cum
2306 2985 2537 3054 dicitur,
2563 2987 2802 3057 Quidam
2829 2989 2984 3044 homo
3012 2997 3130 3044 erat
3151 2988 3300 3046 dives
3324 3007 3338 3059 ;
3369 2993 3564 3047 osten-

1915 3075 2076 3131 ditur
2090 3079 2288 3130 autem
2309 3073 2404 3131 hic
2426 3092 2556 3131 esse
2573 3092 2775 3131 verum
2788 3075 2934 3131 illud
2953 3077 3109 3149 quod
3121 3077 3408 3134 Dominus
3424 3076 3564 3134 alibi

161 3164 415 3238 diligunt
461 3165 588 3236 ejus
630 3162 1020 3235 iniquitatem,
1051 3163 1138 3219 vel
1171 3168 1404 3236 propter
1431 3162 1799 3234 iniquitatem
1831 3151 1874 3217 C
1913 3165 2074 3230 dicit,
2100 3163 2320 3220 scilicet
2349 3165 2502 3236 quod
2536 3164 2696 3220 dives
2717 3164 2955 3221 difﬁcile
2974 3165 3215 3222 intrabit
3233 3166 3294 3222 in
3313 3173 3561 3240 regnum

160 3253 420 3312 hominis
447 3253 654 3309 odiunt
699 3253 828 3323 ejus
878 3257 1171 3308 naturam.
1204 3253 1424 3308 Deinde
1455 3253 1662 3324 probat
1691 3253 1803 3307 du-

163 3342 298 3416 plici
318 3345 663 3415 argumento
676 3341 854 3396 Deum
872 3358 987 3396 non
1002 3358 1172 3413 posse
1185 3340 1349 3413 diligi
1372 3341 1497 3396 sine
1521 3340 1801 3412 proximo.

163 3431 352 3488 Primo
380 3434 725 3502 argumento
753 3434 990 3502 sumpto
1016 3447 1050 3484 a
1081 3429 1292 3485 minori
1323 3447 1455 3485 cum
1488 3429 1656 3485 dicit:
1691 3432 1807 3502 Qui

156 3522 306 3578 enim
344 3520 678 3590 nondiligit
731 3522 960 3590 fratrem
1016 3535 1178 3575 suum
1227 3534 1386 3590 quem
1431 3518 1593 3586 videt,
1626 3523 1806 3574 Deum

157 3625 314 3683 quem
342 3626 453 3666 non
484 3609 647 3674 videt,
672 3607 930 3680 quomodo
956 3615 1126 3680 potest
1155 3609 1386 3676 diligere
1410 3611 1431 3662 Ξ)
1457 3609 1536 3662 Ac
1569 3608 1618 3663 si
1651 3607 1804 3662 dice-

157 3703 244 3754 ret
275 3715 290 3752 :
323 3696 693 3754 Nullomodo.
729 3696 924 3752 Minus
971 3697 1188 3769 quippe
1218 3701 1307 3752 est
1338 3696 1580 3768 diligere
1613 3697 1805 3768 proxi-

158 3803 324 3842 mum
355 3789 622 3842 nostrum
664 3801 838 3857 quem
888 3786 1149 3858 quotidie
1205 3785 1492 3853 videmus,
1525 3802 1658 3840 cum
1689 3801 1804 3857 quo

157 3873 364 3932 nutriti
385 3873 714 3943 sumus,cui
727 3891 834 3931 nos
857 3873 1184 3930 similitudo
1206 3878 1264 3930 et
1286 3873 1652 3930 familiaritas
1665 3874 1808 3930 ami-

160 3968 270 4022 cat.
296 3963 488 4036 Majus
501 3981 635 4020 vero
651 3967 740 4020 est
758 3964 942 4020 Deum
961 3963 1225 4036 diligere,
1250 3980 1424 4035 quem
1445 3963 1608 4019 nullo
1629 3980 1807 4020 sensu

158 4051 590 4127 cognoscimus,
625 4053 726 4108 sed
771 4051 897 4108 sola
937 4052 1050 4108 ﬁde
1080 4051 1394 4108 credimus.
1429 4052 1572 4107 Item
1603 4053 1806 4109 subse-

161 4144 409 4214 quenter
454 4139 662 4213 probat
710 4143 1054 4212 argumento
1099 4143 1336 4210 sumpto
1367 4139 1438 4194 ab
1471 4138 1812 4196 auctoritate

164 4228 448 4298 mandati,
472 4244 609 4284 cum
639 4227 876 4283 subdit:
903 4230 968 4284 Et
994 4227 1316 4283 mandatum
1344 4227 1601 4284 habemus
1622 4243 1657 4284 a
1683 4229 1807 4297 Deo,

161 4326 224 4374 ut
269 4319 368 4390 qui
412 4317 597 4388 diligit
639 4317 830 4385 Deum,
861 4317 1058 4388 diligat
1095 4324 1146 4373 et
1193 4317 1425 4387 fratrem
1469 4333 1650 4373 suum.
1683 4318 1810 4374 Non

163 4405 322 4462 enim
364 4420 497 4460 vere
545 4408 737 4477 potest
781 4405 915 4478 quis
966 4404 1208 4479 diligere
1255 4410 1459 4472 Deum,
1493 4405 1606 4462 nisi
1639 4405 1814 4464 faciat

161 4495 291 4586 ejus
313 4493 688 4586 mandatum.
723 4495 882 4550 Unde
907 4494 1060 4550 idem
1091 4494 1151 4550 in
1183 4495 1490 4567 Evangelia
1525 4511 1545 4586 :7
1574 4495 1639 4552 Si
1665 4497 1808 4567 quis,
1840 4521 1887 4586 D

159 4582 375 4656 inquit,
407 4581 594 4653 diligit
639 4599 744 4650 me,
784 4600 1084 4640 sermonem
1131 4600 1316 4639 meum
1369 4585 1606 4640 servabit
1633 4586 1808 4655 (Joan.

158 4673 295 4745 xxv).
329 4671 552 4743 Itaque,
601 4672 812 4728 fratres
859 4671 994 4740 mei,
1028 4671 1077 4728 si
1128 4672 1401 4730 volumus
1450 4675 1510 4728 in
1557 4675 1812 4730 adventu

161 4760 383 4818 summi
440 4760 666 4818 Judicis
719 4761 933 4818 habere
991 4761 1268 4817 ﬁduciam
1316 4767 1374 4817 et
1413 4761 1810 4831 securitatem,

162 4849 482 4923 diligamus
541 4850 778 4906 interim
839 4850 1024 4906 Deum
1077 4855 1134 4907 et
1189 4851 1567 4922 proximum:
1629 4853 1815 4908 Deum

161 4941 398 5010 propter
445 4937 707 5009 seipsum
757 4942 814 4993 et
853 4954 1032 5010 super
1070 4937 1286 5004 omnia,
1319 4938 1648 5010 proximum
1682 4955 1814 5011 pro-

161 5032 292 5100 pter
323 5031 524 5096 Deum,
558 5031 615 5082 et
645 5027 801 5083 sicut
829 5044 936 5083 nos
971 5044 984 5082 :
1019 5027 1136 5082 Nec
1165 5027 1480 5098 diligamus
1507 5028 1682 5084 verbo
1714 5045 1815 5085 ue-

165 5133 282 5188 que
311 5115 532 5188 lingua,
567 5117 668 5172 sed
699 5132 874 5189 opere
902 5120 960 5172 et
986 5116 1227 5172 veritate
1260 5117 1306 5186 (l
1323 5121 1487 5172 Joan.
1513 5116 1828 5188 m),Chris.

163 5209 293 5261 tum
307 5203 366 5259 in
381 5203 664 5261 famelicis
677 5205 1068 5276 pascentes,in
1082 5204 1258 5261 nudis
1270 5205 1669 5273 vestientcs,in
1683 5205 1822 5263 hos-

1913 3253 2282 3318 cmlorum,et
2310 3253 2451 3325 quia
2479 3253 2708 3309 facilius
2737 3258 2826 3310 est
2854 3253 3145 3310 eamelum
3177 3270 3280 3328 per
3298 3255 3560 3314 foramen

1913 3359 2054 3398 acus
2082 3341 2354 3408 transire,
2379 3358 2556 3413 quam
2580 3341 2818 3397 divitem
2843 3342 3064 3399 intrare
3094 3343 3155 3399 in
3186 3358 3434 3418 regnum
3455 3358 3564 3402 cm-

1913 3431 2102 3486 lorum
2137 3431 2485 3502 (Luc.xvm).
2519 3430 2738 3486 Divitize
2771 3431 2987 3504 quippe
3017 3432 3170 3490 male
3200 3449 3339 3502 usae,
3374 3432 3564 3490 solent

1914 3519 2104 3576 multa
2131 3521 2270 3575 vitia
2301 3536 2596 3592 generare,
2629 3537 2841 3576 vanam
2881 3521 3150 3594 gloriam,
3179 3521 3561 3596 voluptatem,

1913 3609 2404 3682 superﬂuitatem,
2433 3609 2768 3681 superbiam
2787 3615 2844 3666 et
2865 3611 3456 3684 contemptum.Quod
3470 3627 3564 3667 vai-

1913 3715 2051 3754 nam
2106 3697 2352 3770 gloriam
2385 3703 2684 3771 generent,
2717 3699 3046 3756 ostenditur
3073 3717 3209 3756 cum
3241 3699 3518 3757 subditur
3545 3717 3562 3759 :

1913 3791 2012 3860 qui
2066 3788 2398 3843 induebatur
2446 3803 2696 3859 purpura
2745 3795 2798 3843 et
2851 3788 3024 3860 bysso.
3081 3791 3244 3856 Quod
3301 3789 3566 3862 pretiosa

1913 3877 2072 3933 enim
2102 3879 2292 3932 vestes
2321 3876 2392 3930 ad
2425 3875 2668 3947 gloriam
2703 3881 3058 3947 querantur,
3075 3877 3210 3934 inde
3231 3882 3390 3951 patet
3408 3877 3565 3952 quod

1915 3965 2116 4022 nullus
2164 3964 2389 4038 appetit
2418 3980 2480 4020 se
2508 3963 2782 4035 pretiosis
2806 3965 3068 4023 vestibus
3099 3966 3285 4036 indui,
3318 3967 3432 4024 nisi
3463 3968 3566 4025 ubi

1915 4054 2026 4110 scit
2057 4072 2092 4110 a
2119 4052 2390 4127 pluribus
2420 4052 2622 4108 videri.
2643 4053 2700 4109 Si
2721 4053 2876 4110 enim
2908 4054 2970 4110 in
3000 4053 3140 4112 luxu
3167 4056 3420 4112 vestium
3440 4073 3568 4129 pec-

1917 4146 2112 4198 catum
2157 4158 2273 4198 non
2318 4145 2493 4208 esset,
2521 4157 2895 4214 nequaquam
2944 4143 3231 4200 Dominus
3277 4145 3566 4202 Joannem

1919 4231 2236 4303 Baptistam
2267 4232 2338 4287 de
2368 4230 2684 4304 asperitate
2721 4231 2976 4288 vestium
3021 4234 3479 4304 commendaret,
3509 4239 3570 4291 et

1918 4318 2064 4376 alios
2095 4320 2166 4374 de
2196 4319 2440 4376 mollitie
2480 4320 2945 4393 reprehenderet,
2977 4321 3178 4378 dicens
3211 4338 3224 4379 :
3257 4319 3406 4395 Quid
3445 4323 3568 4380 exi-

1918 4411 2019 4466 stis
2050 4411 2107 4464 in
2127 4408 2402 4464 desertum
2427 4410 2610 4466 videre
2629 4413 2655 4464 9
2678 4411 2960 4467 Hominem
2987 4410 3249 4468 mollibus
3274 4415 3528 4469 vestitum
3543 4413 3574 4470 Ρ

1919 4499 2050 4554 Ecce
2077 4498 2174 4570 qui
2203 4498 2462 4554 mollibus
2499 4501 2826 4568 vestiuntur,
2861 4501 2921 4555 in
2949 4499 3200 4557 domibus
3227 4517 3422 4571 regum
3442 4509 3574 4558 sunt

1922 4587 2125 4661 (Matth.
2144 4587 2222 4658 ιι).
2241 4587 2402 4652 Quod
2433 4586 2790 4659 voluptatem
2823 4593 2882 4644 et
2911 4588 3203 4645 luxuriam
3227 4589 3438 4645 divitia
3469 4593 3574 4663 ges

1922 4680 2146 4743 nerant,
2163 4675 2492 4731 ostenditur
2504 4693 2636 4732 cum
2652 4677 2950 4734 subditur:
2967 4679 3033 4734 Et
3049 4679 3376 4750 epulabatur
3395 4679 3574 4751 quatit

1921 4766 2010 4820 die
2023 4763 2322 4836 splendide.
2333 4764 2393 4818 In
2409 4765 2638 4820 duobus
2655 4767 3120 4838 reprehenditur,
3136 4771 3192 4823 et
3202 4767 3340 4840 quia
3351 4765 3576 4823 festivis

1924 4852 2202 4910 conviviis
2233 4851 2652 4922 delectabatur,
2671 4859 2728 4910 et
2757 4855 3022 4926 quotidie
3046 4875 3058 4924 ;
3092 4855 3493 4912 delectabatur
3513 4870 3575 4911 es

1922 4943 2067 4998 tiam
2081 4943 2139 4998 in
2159 4942 2431 5015 pretio,in
2446 4947 2810 5014 apparetu,et
2823 4945 2880 5000 in
2895 4945 3136 5018 crapula
3145 4945 3431 5014 ciborum,
3448 4957 3577 5017 qum

1926 5032 2214 5089 Dominus
2268 5031 2570 5103 prohibuit
2624 5031 2869 5088 dicens:
2907 5034 3113 5104 Cavete,
3173 5051 3243 5091 ne
3285 5046 3579 5106 graventur

1933 5121 2096 5177 corda
2131 5129 2310 5176 vestra
2359 5121 2606 5191 crapula,
2639 5129 2690 5176 et
2716 5122 2990 5189 ebrietate,
3025 5131 3078 5180 et
3103 5127 3251 5180 curis
3280 5125 3446 5197 hujus
3469 5136 3578 5182 says

1933 5211 2066 5266 culi.
2088 5213 2242 5278 (Luc.
2264 5209 2404 5280 xxx.)
2429 5209 2692 5274 Quotidie
2721 5210 2898 5266 etiam
2931 5210 3038 5267 hoc
3060 5212 3364 5270 factitabat
3394 5230 3408 5270 :
3442 5217 3500 5269 et
3525 5209 3581 5270 sl

163 5292 390 5366 pi'tibus
403 5292 816 5364 suscipientes,
833 5294 892 5349 in
907 5294 1160 5350 inﬁrmis
1179 5293 1506 5360 visitantes,
1521 5297 1585 5349 ut
1601 5295 1673 5350 ab
1695 5295 1824 5368 ipso
1934 5299 2090 5356 enim
2110 5299 2462 5371 quandoque
2479 5297 2844 5369 splendidius
2864 5304 2922 5356 et
2941 5300 3213 5357 emollius
3229 5302 3584 5360 cenandum

164 5396 504 5436 mereamur
532 5380 734 5436 audire
759 5398 772 5436 :
802 5383 1003 5450 Venite,
1030 5383 1298 5440 benedicti
1325 5385 1510 5439 Patris
1539 5385 1667 5448 mei,
1699 5401 1824 5456 per-
1933 5393 2040 5456 est,
2069 5391 2157 5443 vel
2213 5391 2449 5460 propter
2504 5388 2744 5456 festum,
2771 5387 2859 5444 vel
2903 5394 3140 5463 propter
3181 5389 3461 5463 hospites,
3493 5389 3584 5448 vel

161 5469 328 5540 cipite
353 5477 735 5541 praeparatum
763 5471 918 5528 uobis
947 5489 1178 5543 regnum
1204 5491 1238 5530 a
1266 5474 1646 5530 constitutione
1667 5490 1824 5532 mun-
1929 5483 2167 5551 propter
2213 5476 2642 5544 inﬁrmitatem,
2677 5476 2787 5534 hoc
2831 5481 3029 5536 tamen
3088 5478 3349 5553 quotidie
3396 5477 3587 5538 facere

161 5557 226 5616 di
255 5557 458 5634 (Matth.
489 5561 644 5628 xxv).
675 5560 882 5616 Amen.
1929 5568 2150 5644 grande
2178 5567 2390 5626 vitium
2423 5567 2713 5636 εει.ουοά
2729 5583 2864 5625 vero
2885 5567 3349 5644 superﬂuitatem
3372 5568 3588 5630 divitia

489 5686 757 5752 Ριιτιιοι..
803 5687 974 5753 CLV.
3185 5689 3264 5761 62
