3974 6076
451 284 609 346 1963

1443 282 1843 344 ADDENDA.
1881 313 1956 328 --
1989 280 2392 346 BADULPHI
2435 280 2857 349 ABDENTIS.

3719 280 3858 347 1961

451 418 747 492 generent,
775 414 1103 471 ostenditur
1130 414 1191 470 in
1220 418 1489 488 utroque,
1511 414 1650 487 quia
1680 413 1902 471 scilicet
1931 418 1989 471 et
2005 432 2100 471 su-
2127 418 2182 484 Α
2211 433 2315 489 per
2361 417 2576 473 durum
2626 417 3020 474 ministerium
3062 417 3387 476 crudelium
3416 418 3787 486 daemonum,
3814 398 3858 474 εί

453 506 674 582 perﬂue
720 504 1076 561 vestiebatur
1112 508 1170 560 et
1198 504 1491 577 superflue
1538 503 1903 577 epulabatur.
1937 504 2099 571 Quod

452 594 789 668 superbiam
811 597 869 650 et
884 597 1288 666 contemptum
1307 597 1604 666 generent,
1628 592 1897 648 innuitur
1911 610 1979 649 ex
1993 593 2103 649 hoc

454 685 610 760 quod
631 685 792 741 dives
814 684 873 739 in
892 682 1111 739 divitiis
1139 699 1203 739 se
1233 682 1525 748 eﬂ‘erebat,
1539 687 1596 737 et
1611 683 1946 739 mendicum
1968 686 2103 739 ante

444 776 693 848 januam
725 789 896 830 suam
926 774 1265 845 pereuntem
1295 771 1667 844 despiciebat.

528 863 804 936 Sequitur
832 877 970 935 pars
1000 861 1280 930 secunda,
1311 860 1370 916 in
1402 877 1520 933 qua
1547 860 1898 917 describitur
1927 859 2100 916 meri-

455 957 584 1011 tum
632 949 926 1025 pauperis,
978 966 1114 1006 cum
1170 948 1551 1022 subjungitur
1581 966 1595 1005 :
1627 950 1694 1005 Et
1717 957 1835 1005 erat
1878 948 2105 1021 quidam

452 1041 752 1111 mendicus,
792 1041 1014 1097 nomine
1062 1040 1327 1105 Lazarus,
1361 1040 1458 1111 qui
1493 1038 1712 1110 jacebat
1759 1038 1829 1095 ad
1866 1039 2103 1110 januam

451 1133 589 1206 ejus,
620 1130 896 1188 ulceribus
919 1129 1136 1201 plenus,
1168 1129 1391 1200 cupiens
1425 1130 1674 1184 saturari
1698 1127 1763 1183 de
1789 1128 1948 1183 micis
1977 1141 2103 1199 quae

452 1220 718 1278 cadebant
743 1219 809 1274 de
831 1234 1019 1274 mensa
1047 1217 1490 1286 divitis,etnemo
1520 1218 1612 1272 illi
1638 1217 1821 1272 dabat.
1843 1218 2103 1282 Quatuor

455 1310 849 1369 ostenduntur
879 1306 1080 1363 Lazari
1110 1306 1380 1374 miseriae,
1417 1306 1555 1378 quia
1601 1310 1728 1361 erat
1774 1304 2098 1372 mendicus,

457 1398 599 1473 quia
614 1397 908 1462 infirmus,
923 1395 1064 1468 quia
1083 1411 1257 1451 nemo
1276 1394 1335 1450 in
1358 1391 1606 1466 utroque
1625 1397 1677 1451 ei
1699 1392 2097 1461 subveniebat,

456 1487 595 1562 quia
604 1489 739 1544 ante
753 1487 1001 1559 januam
1014 1483 1211 1540 divitis
1224 1482 1704 1556 jacens,multam
1717 1482 2100 1539 tentationem

455 1593 526 1635 ex
542 1574 918 1651 prementium
947 1572 1170 1630 visione
1201 1571 1542 1628 deliciarum
1571 1570 1918 1627 sustinebat.
1938 1569 2103 1625 Sicut

419 1718 426 1725 .
454 1666 611 1724 enim
642 1663 950 1738 prasentia
994 1661 1248 1718 mendici
1297 1661 1516 1716 inﬁrmi
1546 1660 1656 1715 fuit
1679 1660 1906 1716 occasio
1937 1657 2097 1714 diviti

420 1806 429 1815 .
455 1753 699 1829 majoris
727 1750 1146 1818 damnationis,
1161 1750 1243 1806 ita
1262 1749 1574 1822 praesentia
1602 1747 1945 1805 deliciarum
1962 1745 2101 1802 divi-

2133 1795 2180 1862 Il

2214 507 2565 563 transfertur
2582 507 2641 562 in
2664 506 2981 577 infernum,
2995 508 3067 563 de
3080 512 3408 582 purpuraet
3421 508 3604 582 bysso
3626 508 3689 563 in
3714 525 3859 581 aspe-

2210 594 2416 652 ritates
2438 596 2909 663 tenebrarum,de
2922 595 3248 669 splendidis
3268 596 3641 665 conviviis,in
3656 597 3857 652 famem

2211 687 2268 739 et
2288 683 2447 740 sitim
2468 688 2831 757 perpetuam,
2855 686 2993 741 etde
3012 684 3165 741 inter
3183 684 3433 743 blandas
3452 684 3858 757 manuslacry—

2215 772 2502 828 mantium
2528 772 2873 841 amicorum,
2888 772 3042 828 inter
3055 773 3235 829 duras
3251 790 3463 830 manus
3484 771 3855 829 stridentium

2211 860 2653 917 daemoniorum.
2685 862 2751 917 Et
2785 878 2963 934 quare
2984 861 3012 917 Ἰ
3042 862 3169 918 Non
3200 862 3341 936 quia
3367 862 3605 935 legatur
3643 861 3854 934 aliquid

2212 950 2478 1022 rapuisse
2503 950 2596 1007 vel
2624 950 3139 1018 defraudasse,sed
3155 950 3294 1024 quia
3322 968 3431 1007 sua
3459 951 3764 1024 superﬂue
3778 967 3853 1007 e1-

2210 1038 2520 1111 pendebat,
2555 1042 2615 1095 et
2670 1040 2911 1112 pauperi
2969 1039 3117 1095 nihil
3169 1040 3366 1096 dabat.
3396 1040 3454 1096 Si
3485 1039 3593 1106 sic,
3634 1040 3845 1108 fratres,

2210 1127 2568 1183 damnantur
2587 1129 2687 1201 qui
2720 1145 2837 1184 non
2860 1130 3002 1185 dant
3022 1146 3149 1197 sua,
3174 1129 3313 1203 quid
3339 1130 3647 1203 patientur
3660 1127 3850 1202 quira-

2210 1215 2381 1287 piunt
2402 1216 2593 1273 aliena
2609 1216 2638 1273 ?
2655 1218 2886 1274 Elevans
2913 1227 3097 1275 autem
3123 1219 3303 1275 oculos
3328 1234 3455 1275 suos
3481 1234 3615 1274 cum
3644 1227 3778 1275 esset
3799 1220 3847 1274 in

2209 1307 2661 1375 tormentis,vidit
2670 1307 2942 1364 Abraham
2951 1326 2987 1363 a
2998 1309 3302 1378 longe,tam
3315 1307 3442 1364 loco
3452 1324 3639 1380 quam
3652 1307 3846 1364 aﬂ'ectu

2209 1394 2374 1467 (quia
2394 1394 2509 1452 Deo
2531 1396 2901 1467 conjunctus,
2915 1395 3075 1453 aliud
3096 1413 3272 1470 quam
3292 1397 3448 1453 Deus
3462 1395 3615 1453 velle
3630 1413 3750 1454 non
3768 1413 3849 1470 po-

2207 1483 2344 1556 test)
2356 1487 2692 1541 etLazarum
2708 1488 2769 1541 in
2784 1487 2917 1541 sinu
2930 1486 3066 1559 ejus.
3081 1487 3257 1542 Porro
3288 1502 3422 1542 cum
3443 1487 3599 1559 justi
3632 1502 3849 1559 semper

2211 1572 2446 1629 videant
2473 1575 2750 1647 reprobos
2766 1573 2825 1629 in
2844 1575 3032 1647 pmnis
3048 1575 3120 1630 ad
3150 1579 3536 1650 augmentum
3564 1575 3850 1649 gaudii,et

2209 1661 2283 1716 ad
2314 1661 2796 1734 glorificationem
2828 1662 2919 1719 sui
2951 1662 3189 1731 laboris,
3215 1663 3444 1737 reprobi
3472 1666 3715 1719 tantum
3735 1668 3849 1719 ante

2207 1749 2404 1806 videre
2419 1754 2669 1822 possunt
2683 1750 2918 1821 electos,
2942 1753 3043 1808 sed
3065 1755 3216 1825 post,
3240 1769 3353 1808 non
3372 1770 3386 1821 ;
3411 1751 3551 1825 quia
3574 1751 3849 1826 scriptum

452 1845 532 1902 tis
562 1843 674 1900 fuit
691 1840 920 1899 occasio
941 1838 1208 1896 mendico
1229 1856 1452 1895 corona:
1483 1838 1832 1911 grandioris.
1863 1836 1921 1891 Si
1944 1835 2100 1892 enim
2138 1835 2179 1862 ⁸⁵
2211 1841 2300 1893 est
2331 1855 2345 1892 :
2381 1861 2409 1890 ‹‹
2442 1839 2707 1895 Tollatur
2737 1841 2976 1913 impius,
3005 1858 3078 1897 ne
3105 1840 3299 1897 videat
3325 1840 3573 1914 gloriam
3609 1843 3733 1898 Dei.
3768 1865 3795 1893 ι

452 1934 614 1991 dives
636 1948 754 1988 non
772 1930 1013 1987 haberet
1035 1932 1381 2002 praesentem
1402 1924 2100 1996 mendicum,divitiarum

453 2037 697 2081 suarum
724 2019 1020 2076 videretur
1049 2016 1265 2073 habere
1295 2015 1835 2072 excusationem.Et
1855 2013 1904 2069 si
1936 2030 2099 2068 men-

451 2111 621 2169 dicus
647 2109 923 2166 infirmus
953 2124 988 2163 a
1015 2105 1238 2163 visione
1267 2104 1610 2162 deliciarum
1643 2106 1902 2160 remotus
1921 2106 2096 2170 esset,

452 2203 681 2258 tantam
708 2194 1051 2255 tentationis
1070 2211 1332 2268 pugnam
1353 2210 1469 2249 non
1490 2192 1824 2249 sustineret.
1839 2193 2100 2258 Quantas

451 2304 731 2362 namque,
760 2286 972 2341 fratres
1006 2284 1146 2355 mei,
1178 2283 1402 2356 putatis
1432 2287 1710 2338 Lazarum
1743 2280 2098 2337 sustinuisse

449 2377 823 2444 tentationes,
855 2390 990 2430 cum
1043 2373 1350 2429 mendicus
1399 2371 1619 2428 videret
1665 2370 1927 2444 quotidie
1964 2371 2101 2426 ante

451 2466 655 2524 oculos
685 2480 825 2523 suos
854 2463 1091 2519 divitem
1119 2464 1177 2518 et
1205 2478 1343 2518 suos
1372 2461 1430 2516 in
1462 2460 1683 2516 divitiis
1731 2458 2097 2532 superabun-

452 2556 678 2623 dantes,
694 2569 830 2610 cum
858 2551 1134 2607 inﬁrmus
1165 2550 1385 2607 videret
1414 2549 1649 2605 divitem
1672 2553 1729 2605 et
1750 2565 1889 2604 suos
1906 2546 1966 2602 in
1988 2564 2098 2603 sua

449 2644 702 2704 sanitate
729 2640 1108 2709 exsultantes,
1140 2656 1276 2695 cum
1306 2637 1572 2695 esuriens
1608 2637 1830 2694 videret
1858 2637 2095 2692 divitem

447 2737 506 2793 et
542 2750 705 2801 suos,
734 2748 804 2788 ex
850 2729 1037 2786 nimia
1080 2726 1385 2785 saturitate
1439 2731 1793 2794 eructantes,
1826 2743 1960 2783 cum
2006 2729 2097 2783 tot

448 2821 705 2881 miseriis
732 2836 972 2895 pressus
1000 2817 1220 2874 videret
1273 2818 1534 2890 quotidie
1582 2816 1818 2873 divitem
1867 2820 1925 2871 et
1955 2832 2095 2872 suos

443 2917 534 2971 tot
553 2908 1039 2986 prosperitatibus
1069 2906 1498 2980 praeﬂorentes?
1519 2906 1766 2978 Magnus
1796 2908 1951 2961 certe
1974 2908 2098 2962 erat

446 3002 560 3061 iste
590 3002 863 3067 Lazarus,
887 2996 987 3071 qui
1014 3000 1103 3053 tot
1132 2994 1565 3052 calamitatibus
1595 2993 1968 3067 premebatur
1988 3011 2096 3051 nec

448 3089 908 3165 opprilnebatur,
931 3084 1031 3159 qui
1052 3088 1137 3141 tot
1157 3083 1383 3157 patiens
1404 3084 1515 3138 fuit
1534 3082 1961 3156 patiens,quem
1984 3083 2094 3140 etsi

2280 1926 2559 2001 Sequitur
2604 1947 2741 2002 pars
2798 1930 3025 2003 quinta,
3060 1930 3118 1985 in
3151 1947 3267 2002 qua
3294 1930 3453 1987 dives
3484 1935 3617 1987 orat
3647 1948 3752 2005 pro
3777 1949 3847 2000 se,

2209 2033 2317 2073 nec
2346 2018 2674 2074 exauditur.
2703 2018 2866 2075 Unde
2898 2022 2957 2074 et
2986 2018 3261 2075 subditur
3292 2035 3307 2076 :
3338 2022 3417 2074 Et
3445 2022 3561 2093 ipse
3588 2022 3845 2093 clamas,

2209 2105 2398 2180 magis
2428 2106 2635 2163 aﬂ‘ectu
2668 2124 2846 2180 quam
2871 2124 3033 2176 voce,
3059 2109 3166 2164 ait:
3192 2109 3355 2165 Pater
3384 2109 3679 2175 Abraham,
3704 2112 3848 2167 mite-

2206 2211 2326 2251 rere
2354 2197 2483 2251 mei.
2514 2196 2744 2252 Patrem
2774 2200 2961 2265 vocat,
2994 2213 3169 2269 quem
3218 2196 3477 2254 ﬁlialiter
3504 2198 3726 2254 imitari
3754 2217 3847 2256 no-

2208 2282 2337 2350 luit,
2357 2288 2413 2339 et
2434 2284 2531 2357 qui
2552 2284 2749 2341 vivens
2770 2284 2830 2341 in
2853 2285 3077 2342 deliciis
3106 2290 3165 2342 et
3192 2285 3491 2343 miseriam
3521 2287 3845 2360 ignorabat,

2206 2390 2362 2428 nunc
2393 2373 2454 2429 in
2482 2374 2791 2431 tormentis
2821 2374 3049 2447 positus
3079 2374 3287 2449 incipit
3316 2375 3463 2432 scire
3479 2376 3625 2449 quid
3644 2376 3845 2434 habeat

2206 2461 2346 2518 mali
2377 2462 2631 2532 miseria,
2656 2459 2723 2520 ‘et
2751 2464 2895 2536 quid
2926 2463 3063 2520 boni
3095 2463 3517 2521 misericordia.
3553 2469 3676 2522 Vos
3717 2483 3844 2541 ergo

2203 2550 2432 2618 divites,
2478 2567 2551 2607 ne
2600 2552 2874 2608 similiter
2918 2553 3083 2609 vobis
3134 2554 3454 2627 contingat,
3486 2554 3717 2622 discite,
3750 2573 3845 2629 per

2203 2639 2693 2713 compassionem,
2714 2641 2869 2697 inter
2883 2641 3116 2697 divitias
3131 2642 3432 2698 miseriam
3452 2646 3514 2698 et
3532 2643 3845 2701 misericor-

2203 2728 2538 2801 diam,quia
2556 2746 2673 2785 non
2703 2730 2957 2787 inveniet
2985 2730 3044 2786 in
3077 2730 3191 2787 alia
3216 2730 3339 2787 vita
3366 2731 3839 2801 misericordiam,

2203 2818 2306 2890 qui
2336 2818 2396 2874 in
2427 2819 2543 2875 ista
2570 2836 2690 2875 non
2720 2818 2993 2876 habuerit
3020 2836 3170 2876 eam.
3204 2820 3368 2877 Unde
3395 2820 3684 2879 Jacobus:
3704 2823 3841 2880 Iudi-

2201 2909 2351 2963 cium
2377 2909 2499 2964 sinc
2527 2908 2909 2965 misericordia
2935 2909 3025 2980 ﬁet
3052 2911 3109 2965 ei
3135 2911 3232 2982 qui
3269 2926 3377 2966 non
3417 2913 3615 2983 fecerit
3636 2914 3840 2969 miseri-

2202 2996 2446 3053 cordiam
2474 2999 2609 3067 (Jac.
2644 3001 2726 3066 n).
2759 2999 2825 3054 Et
2850 3000 3023 3065 mitte,
3055 2998 3269 3072 inquit,
3318 3003 3615 3069 Lazarum,
3667 3010 3729 3057 ut
3764 3004 3841 3057 in-

2202 3088 2383 3156 tingat
2429 3094 2734 3144 extremum
2781 3087 2949 3157 digiti
2991 3089 3083 3144 sui
3127 3089 3189 3144 in
3225 3105 3448 3161 aquam,
3481 3098 3544 3145 ut
3572 3093 3844 3163 refrigeret

446 3183 535 3237 tot
553 3175 785 3250 ﬂagella
811 3178 1127 3240 torserunt,
1159 3177 1356 3229 tamen
1387 3172 1725 3245 patientiam
1755 3189 1873 3227 non
1903 3176 2090 3228 extor-
2121 3167 2165 3234 C
2204 3178 2457 3246 linguam
2477 3193 2675 3244 meam,
2700 3179 2835 3250 quia
2855 3179 3072 3233 crucior
3091 3179 3148 3233 in
3174 3177 3277 3234 hac
3302 3180 3552 3249 ﬂamma.
3573 3179 3719 3237 Ecce
3740 3180 3842 3236 rm.

444 3263 954 3337 serunt.Exemplo
964 3262 1065 3334 huj
1076 3279 1144 3319 us
1164 3261 1390 3318 discant
1411 3276 1697 3334 pauperes
1718 3265 1774 3317 et
1794 3261 2015 3316 inﬁrmi
2030 3261 2092 3317 in

444 3356 570 3416 suis
590 3351 1044 3412 adversitatibus
1055 3366 1169 3406 non
1184 3366 1693 3417 murmurare,non
1716 3350 1921 3406 divites
1934 3351 2092 3407 dam-

442 3461 606 3516 nare,
629 3443 733 3501 sed
752 3442 938 3498 Deum
967 3438 1328 3507 benedicere,
1351 3442 1408 3494 et
1436 3437 1663 3511 ﬂagella
1696 3438 1945 3512 peccatis
1965 3439 2091 3496 suis

439 3533 751 3594 ascribere.
766 3531 1000 3587 Etnemo
1020 3528 1112 3584 illi
1129 3527 1314 3594 dabat,
1329 3528 1467 3600 quia
1489 3526 1641 3584 sicut
1660 3528 2092 3586 divesimmise—

440 3623 625 3680 ricors
644 3619 876 3687 erat,ita
896 3622 954 3673 et
978 3616 1474 3673 immisericordes
1491 3615 1794 3673 ministros
1814 3617 2087 3685 habebat,

432 3713 606 3784 juxta
616 3708 760 3765 illud
774 3704 1124 3763 Salomonis:
1139 3707 1345 3778 Impius
1349 3707 1604 3778 princeps
1615 3721 1798 3761 omnes
1807 3707 2089 3764 ministros

441 3801 602 3856 habet
619 3798 820 3870 impios
840 3796 1201 3868 (Prov.xx1x).
1226 3825 1292 3835 —
1313 3794 1416 3850 Sed
1445 3802 1497 3850 et
1523 3810 1683 3850 canes
1701 3795 2005 3865 veniebant,
2038 3804 2093 3854 et

440 3889 723 3961 lingebant
751 3887 936 3942 ulcera
963 3887 1099 3958 ejus.
1124 3883 1231 3940 Ubi
1253 3882 1429 3940 homo
1450 3899 1612 3939 servo
1635 3883 1735 3939 Dei
1756 3884 2091 3943 ministrare

438 3976 869 4044 contemnebat,
904 3974 1109 4041 bestia,
1142 3976 1317 4046 prout
1344 3976 1588 4045 poterat,
1622 3973 1929 4029 serviebat.

510 4066 792 4140 Sequitur
820 4081 957 4137 pars
984 4062 1175 4130 tertia,
1208 4061 1268 4117 in
1300 4077 1418 4133 qua
1463 4060 1737 4134 pauperis
1779 4064 2085 4135 praemium

440 4154 812 4222 describitur,
852 4169 987 4209 cum
1042 4150 1316 4207 subditur
1347 4167 1360 4206 :
1391 4153 1614 4207 Factum
1665 4160 1746 4207 est
1791 4160 1973 4209 autem
2026 4161 2091 4211 ut

434 4251 740 4304 moreretur
773 4241 1075 4307 mendicus,
1107 4247 1159 4295 et
1183 4245 1494 4310 portaretur
1522 4240 1597 4295 ab
1627 4241 1839 4309 angelis
1869 4243 1930 4296 in
1957 4243 2087 4298 sinu

433 4332 693 4391 Abrahae.
751 4330 982 4387 Fratres
1041 4325 1393 4395 cbarissimi,
1449 4328 1573 4399 quis
1623 4329 1766 4384 sicut
1820 4330 2084 4386 Dominus

429 4426 580 4483 Deus
606 4428 788 4479 noster
815 4419 912 4492 qui
940 4418 999 4473 in
1043 4417 1172 4473 altis
1219 4416 1449 4485 habitat,
1480 4424 1533 4473 et
1572 4416 1808 4472 humilia
1860 4421 2084 4491 respicit

2198 3270 2318 3322 tres
2349 3282 2529 3338 quam
2560 3264 2840 3322 terribilis
2868 3268 2960 3323 est
2980 3270 3133 3323 Deus
3151 3265 3209 3321 in
3226 3265 3489 3324 consiliis
3508 3284 3693 3341 super
3706 3267 3842 3326 ﬁlios

2200 3355 2508 3411 hominum
2541 3355 2709 3427 (Psal.
2744 3356 2891 3427 va).
2928 3355 3112 3424 Dives,
3147 3356 3249 3427 qui
3298 3355 3482 3412 micas
3531 3357 3605 3413 de
3653 3374 3843 3415 mensa

2199 3461 2309 3503 sua
2333 3444 2608 3501 cadentes
2633 3443 2912 3500 esurienti
2944 3444 3084 3501 dare
3116 3443 3353 3502 nolebat
3382 3449 3619 3514 Lazaro,
3644 3447 3715 3502 ad
3746 3447 3843 3503 hoc

2190 3534 2354 3605 justo
2368 3531 2591 3604 judicio
2614 3533 2904 3589 adductus
2925 3537 3015 3590 est
3033 3536 3100 3589 ut
3116 3533 3329 3590 ardens
3349 3538 3579 3607 guttam
3602 3552 3767 3608 aqua
3782 3536 3842 3592 de

2198 3622 2378 3697 digito
2411 3621 2610 3677 Lazari
2640 3626 2882 3694 peteret,
2913 3626 2971 3679 et
3018 3639 3134 3679 non
3183 3622 3489 3695 acciperet.
3526 3624 3638 3689 Qui
3687 3624 3735 3681 si
3763 3624 3839 3681 vel

2198 3710 2380 3767 micas
2410 3711 2461 3767 ei
2493 3727 2597 3784 per
2626 3711 3089 3769 misericordiam
3119 3712 3399 3781 dedisset,
3433 3710 3676 3785 aliquod
3694 3714 3839 3770 refri-

2196 3800 2422 3873 gerium
2453 3799 2513 3855 in
2544 3799 2732 3873 poenis
2764 3801 3070 3857 inveniret.
3107 3802 3648 3874 Itaque,fratres,si
3679 3803 3837 3859 vultis

2195 3889 2658 3946 misericordiam
2672 3888 2949 3959 invenire,
2967 3889 3431 3946 misericordiam
3453 3890 3839 3958 facite,vocato

2193 3993 2481 4051 pauperes
2511 3978 2582 4033 ad
2615 3976 2878 4034 convivia
2904 3982 3114 4048 vestra,
3132 3977 3221 4035 vel
3244 3978 3455 4035 saltem
3476 3980 3615 4037 date
3636 3997 3837 4037 mensae

2190 4070 2394 4123 vestrae
2452 4065 2755 4139 reliquias,
2801 4067 2933 4122 date
2979 4067 3067 4122 vel
3121 4067 3393 4123 cadentes
3452 4069 3665 4139 micas,
3699 4087 3771 4126 ne
3796 4068 3837 4125 si
3900 4078 3909 4085 ‘

2193 4154 2301 4212 has
2360 4156 2507 4211 forte
2563 4155 2702 4211 dare
2755 4153 3138 4228 negligeritis,
3171 4156 3540 4229 refrigerium
3599 4158 3663 4213 in
3716 4159 3836 4231 igne

2191 4261 2309 4301 non
2339 4243 2668 4300 inveniatis.
2703 4245 2813 4301 Sed
2847 4260 2953 4301 cur
2988 4243 3150 4302 dives
3198 4245 3397 4317 potius
3424 4244 3484 4301 in
3518 4245 3729 4320 lingua
3756 4264 3836 4303 ar-

2191 4333 2341 4389 sisse
2369 4336 2751 4401 memoratur,
2786 4331 2900 4389 nisi
2944 4332 3084 4404 quia
3141 4333 3555 4390 comessationi
3585 4338 3649 4389 et
3678 4334 3835 4391 socie

2189 4422 2317 4493 ejus
2345 4419 2684 4493 loquacitati
2716 4420 3042 4477 servierat?
3058 4422 3124 4476 Et
3144 4423 3228 4478 ait
3248 4422 3340 4477 illi
3371 4422 3669 4477 Abraham
3689 4423 3832 4490 :Fﬂi,

428 4513 494 4569 in
520 4512 650 4568 creto
677 4517 729 4568 et
757 4510 815 4565 in
848 4516 1016 4574 terra,
1045 4506 1319 4562 suscitans
1367 4522 1403 4561 a
1449 4513 1595 4562 terra
1651 4507 1884 4578 inopem,
1927 4515 1979 4563 et
2015 4506 2081 4563 de
2107 4541 2156 4606 Β
2186 4507 2488 4577 recordare,
2521 4509 2653 4579 quia
2706 4509 2962 4580 recepisti
3018 4511 3159 4564 bona
3204 4510 3265 4564 in
3293 4510 3409 4565 vita
3434 4516 3550 4579 tua,
3580 4517 3639 4565 et
3669 4511 3833 4567 Laza-

425 4606 665 4658 stercore
705 4599 922 4668 erigens
965 4611 1261 4668 pauperem
1280 4598 1306 4650 ?
1335 4595 1508 4676 (Psal.
1540 4597 1697 4664 ειη.)
1725 4595 1869 4651 Ecce
1901 4610 2077 4668 quem

425 4689 604 4747 homo
648 4688 942 4755 abhorret,
973 4684 1329 4756 dedignatur
1354 4687 1410 4740 et
1440 4682 1691 4757 refugit;
1725 4683 1859 4757 pius
1899 4701 2078 4757 super

425 4778 628 4838 omnia
638 4775 922 4835 Dominus
936 4791 1039 4847 per
1051 4772 1446 4829 ministerium
1468 4789 1711 4829 suorum
1738 4777 2074 4830 sanctorum

424 4866 790 4941 angelorum,
818 4863 1016 4922 visitat
1045 4866 1101 4919 ct
1130 4861 1398 4934 suscipit,
1430 4862 1789 4919 transferens
1828 4862 1899 4918 de
1933 4866 2075 4919 ster-

424 4955 673 5027 quilinio
712 4954 1088 5030 margaritam
1133 4951 1470 5025 pretiosam,
1498 4954 1555 5007 et
1584 4950 1644 5006 in
1675 4952 1844 5007 beata
1871 4952 2073 5024 requie

420 5058 667 5101 suorum
682 5040 1430 5100 collocanselectorum.Est
1442 5045 1633 5095 autem
1650 5040 1814 5095 sinus
1825 5039 2069 5096 Abrahae

411 5129 580 5189 locus
610 5132 671 5189 in
700 5131 986 5205 superiori
1018 5129 1248 5186 inferno
1280 5128 1729 5201 tranquillus,in
1754 5145 1868 5201 quo
1891 5128 2067 5201 quiin

408 5218 526 5277 ﬁde
543 5220 789 5278 Abrahae
801 5218 1221 5285 moriebantur,
1243 5234 1379 5275 cum
1394 5218 1857 5290 requiescebant,
1871 5234 2069 5290 exspe-

403 5309 642 5368 ctabant
658 5307 958 5365 Christum
983 5307 1083 5380 qui
1106 5307 1190 5364 eis
1216 5324 1463 5380 regnum
1490 5306 1767 5362 caelorum
1791 5307 2062 5380 aperiret.

472 5397 756 5472 Sequitur
805 5412 942 5468 pars
1004 5399 1237 5468 quarta,
1267 5396 1327 5452 in
1358 5413 1476 5468 qua
1506 5395 1857 5452 describitur
1896 5412 2069 5468 paena

408 5485 608 5545 divitis
637 5502 773 5543 cum
804 5484 1088 5543 subditur
1119 5500 1132 5538 :
1163 5484 1405 5541 Mortuus
1435 5494 1513 5541 est
1541 5494 1725 5541 autem
1753 5493 1804 5541 et
1833 5485 2066 5552 dives,et

409 5574 652 5647 sepultus
680 5581 761 5631 est
787 5576 849 5630 in
875 5574 1182 5644 infernum.
1205 5573 1349 5628 Ecce
1370 5589 1546 5644 quem
1568 5574 1740 5629 turba
1762 5573 2078 5630 ministro»

415 5675 553 5741 rum
566 5664 625 5741 9t
643 5660 967 5741 amicorum
990 5657 1441 5719 circumfovebat
1461 5663 1518 5717 et
1536 5659 2064 5737 palpabat,rapitur

567 5734 596 5742 ”
677 5738 683 5742 ’
734 5739 827 5764 Ὧδ’]

2186 4613 2281 4652 rus
2308 4596 2571 4652 similiter
2614 4597 2783 4652 mala.
2845 4597 3002 4652 Nunc
3054 4613 3180 4654 vero
3237 4598 3567 4663 consolatur,
3599 4606 3667 4655 tu
3722 4615 3833 4657 om

2183 4686 2471 4741 cruciaris.
2498 4683 2727 4751 Nullus,
2760 4683 2969 4742 fratres
3023 4684 3377 4756 cbarissimi,
3437 4686 3585 4743 adeo
3648 4687 3833 4745 malus

2182 4778 2271 4831 est
2317 4774 2461 4847 quin
2510 4772 2732 4846 aliquid
2780 4773 2921 4829 boni
2969 4773 3285 4847 aliquando
3337 4774 3534 4832 faciat.
3568 4775 3692 4833 Nec
3734 4776 3831 4833 ali-

2181 4863 2316 4936 quis
2346 4863 2488 4919 adeo
2518 4860 2578 4917 in
2609 4862 2718 4918 hac
2764 4861 2885 4918 vita
2939 4866 3182 4919 sanctus
3236 4866 3326 4921 est
3371 4863 3518 4936 quin
3566 4864 3833 4939 aliquan-

2180 4952 2254 5010 do
2283 4955 2585 5025 peccatum
2618 4949 2811 5007 faciat.
2844 4951 2999 5008 Dens
3028 4956 3224 5009 autem
3263 4954 3468 5025 justus
3487 4953 3683 5025 judex
3710 4954 3831 5011 nul-

2178 5040 2305 5096 lum
2335 5040 2553 5097 bonum
2584 5039 2865 5113 relinquit
2903 5040 3419 5109 irremuneratum,
3453 5059 3564 5099 nec
3594 5044 3827 5118 aliquod

2176 5134 2480 5202 peccatum
2504 5129 2881 5202 impunitum.
2899 5129 3099 5202 Itaque
3110 5129 3270 5186 dives
3282 5130 3333 5187 si
3354 5130 3497 5203 quid
3521 5132 3669 5189 boni
3691 5135 3829 5190 inter

2176 5217 2363 5275 multa
2383 5217 2540 5275 mala
2560 5218 2792 5287 fecerat,
2810 5223 3182 5275 remunerate
3202 5224 3342 5275 sunt
3362 5220 3413 5275 ei
3436 5219 3497 5275 in
3520 5220 3826 5279 collatione

2176 5307 2516 5381 temporalis
2566 5306 2971 5379 prosperitatis
3000 5324 3180 5381 quam
3211 5309 3468 5365 amabat.
3501 5310 3578 5367 Et
3606 5311 3665 5368 si
3696 5310 3825 5385 quid

2174 5396 2316 5453 mali
2348 5399 2599 5453 Lazarus
2627 5395 2781 5451 inter
2808 5397 3652 5471 ﬁdem,3pem,constantiam,
3669 5405 3825 5474 etpa-

2172 5486 2435 5542 tienliam
2487 5490 2839 5559 craterasque
2887 5485 3131 5542 virtutes
3179 5486 3413 5555 fecerat,
3447 5492 3648 5545 totum
3684 5490 3821 5565 ignis

2171 5574 2514 5648 temporalis
2546 5573 2941 5631 tribulationis
2970 5573 3240 5648 expiavit.
3276 5576 3349 5631 Et
3374 5582 3647 5650 econtra,
3680 5578 3821 5637 male

2171 5663 2368 5720 divitis
2396 5662 2603 5741 punita
2631 5667 2772 5722 sunt
2798 5662 2861 5722 in
2885 5668 3102 5724 aeterna
3127 5681 3323 5743 pinna,
3356 5669 3419 5726 et
3437 5666 3605 5729 bona
3628 5667 3816 5729 Lazari

3948 150 3951 183 |

3938 216 3951 269 ἦ
