3974 6076
214 321 369 382 1965

873 321 1227 385 HOMILIJE
1267 323 1344 382 IN
1389 323 1640 384 EPlST.
1686 321 1787 381 ET
1829 319 2119 383 EVANG.
2166 321 2520 385 DOMINIC.
2549 357 2602 367 —
2657 324 2856 386 PARS
2898 324 2975 386 ll.

3463 322 3620 385 £966

211 457 585 511 remunerate
612 457 752 511 sunt
776 454 838 511 in
867 458 1085 511 aeterna
1110 456 1247 512 vita.
1281 455 1426 510 Hinc
1456 454 1687 511 discant
1715 452 1859 509 divi-
1884 454 1940 521 Α
1969 468 2137 526 peres
2168 453 2339 510 nobis
2369 455 2586 512 amicos
2614 460 2673 513 et
2700 456 3115 514 intercessores
3145 455 3353 523 facere,
3385 459 3452 511 ut
3479 470 3618 513 cum

210 545 300 600 tes
328 543 558 613 timere,
592 544 734 600 dum
760 543 845 600 eis
866 544 1012 601 bene
1042 545 1304 601 succedit
1330 544 1391 600 in
1414 544 1525 600 hac
1552 543 1692 609 vita,
1716 543 1859 599 dum

210 632 419 689 ﬂorent
447 637 505 689 et
535 633 856 699 abundant,
883 650 955 690 ne
986 634 1150 703 forte,
1174 637 1409 707 propter
1438 632 1598 688 illam
1620 649 1859 706 prospe-

208 720 463 790 ritatem,
496 722 650 778 bona
677 739 786 779 sua
812 722 872 778 in
923 722 1033 779 hoc
1063 721 1275 778 saeculo
1306 726 1771 789 remunerentur,
1802 724 1861 779 et

208 814 447 882 peccata
475 827 586 867 sua
603 811 725 884 igni
745 816 963 868 aeterno
994 815 1379 867 reserventur.
1414 811 1480 866 Et
1505 813 1740 867 econtra
1769 810 1857 881 di-

208 905 375 957 scant
404 916 692 973 pauperes
722 905 779 957 et
798 900 998 957 afflicti
1020 902 1165 957 bene
1187 916 1444 973 sperare,
1464 900 1605 955 dum
1639 916 1855 973 paupe-

207 988 312 1058 rie,
344 989 655 1046 afﬂictione
684 993 742 1047 et
769 990 1009 1047 miseria
1036 990 1384 1063 puniuntur,
1430 989 1530 1061 qui
1562 1006 1664 1062 per
1692 987 1856 1045 illam

206 1079 617 1136 adversitatem
664 1083 901 1152 peccata
945 1095 1169 1149 eorum,
1220 1079 1269 1136 si
1309 1078 1598 1151 patienter
1645 1078 1853 1147 ferant,

208 1172 556 1243 purgantur,
595 1172 654 1225 et
696 1169 853 1225 bona
881 1185 1084 1226 eorum
1139 1173 1368 1225 internae
1397 1167 1857 1225 remunerationi

206 1261 594 1315 reservantur.
622 1259 689 1314 Et
733 1260 878 1314 inter
919 1260 1039 1316 haec
1064 1258 1200 1330 (52),
1232 1259 1379 1314 inter
1414 1273 1513 1314 nos
1539 1265 1590 1314 et
1622 1273 1712 1314 vos
1736 1274 1856 1313 ma-

202 1364 374 1419 gnum
417 1348 580 1404 chaos
625 1345 914 1420 ﬁrmatum
940 1353 1042 1415 est,
1072 1354 1134 1403 ut
1167 1349 1267 1419 qui
1291 1347 1422 1403 hinc
1449 1346 1586 1402 illuc
1615 1347 1858 1403 transire

206 1437 414 1505 volunt,
446 1452 557 1494 non
582 1438 807 1509 possint,
830 1452 1003 1510 neque
1033 1436 1158 1492 inde
1187 1436 1292 1491 huc
1315 1443 1669 1492 transmeare.
1705 1435 1857 1491 Sane

207 1527 257 1583 si
286 1525 373 1582 illi
405 1526 506 1599 qui
524 1525 582 1581 in
606 1526 917 1582 tormentis
948 1529 1087 1582 sunt
1110 1525 1181 1581 ad
1206 1524 1467 1597 requiem
1498 1523 1749 1581 transire
1766 1540 1856 1581 ve~

203 1615 336 1685 lint,
368 1632 485 1671 non
513 1617 605 1671 est
650 1613 890 1682 mirum,
941 1615 1053 1671 Sed
1102 1614 1394 1686 quomodo
1434 1612 1535 1686 qui
1564 1613 1624 1669 in
1656 1612 1855 1686 requie

204 1708 346 1762 sunt
372 1704 445 1762 ad
491 1720 592 1761 eos
638 1703 738 1776 qui
769 1703 829 1758 in
860 1703 1169 1760 tormentis
1196 1706 1336 1760 sunt
1364 1706 1728 1760 transmeare
1755 1718 1853 1759 vo-

200 1794 334 1853 lunt
362 1798 419 1850 et
446 1809 563 1850 non
592 1792 877 1866 possunt?
898 1793 1042 1848 Puto
1072 1792 1227 1865 quod
1259 1792 1446 1849 sancti
1477 1808 1582 1865 per
1609 1807 1853 1849 consue-

200 1889 322 1941 tam
347 1881 815 1956 compassionem
846 1886 903 1938 et
922 1881 1221 1955 pietatem,
1243 1898 1391 1954 quas
1411 1881 1471 1937 in
1501 1881 1612 1938 hoc
1641 1880 1853 1938 saeculo

201 1973 553 2040 habuerunt,
585 1969 802 2028 vellent
827 1970 1157 2027 miserendo
1178 1970 1427 2027 transire
1447 1970 1519 2025 ad
1540 1986 1640 2026 eos
1661 1970 1763 2042 qui
1790 1968 1851 2025 in

201 2062 390 2135 pcenis
413 2064 573 2128 sunt,
597 2058 713 2115 nisi
731 2064 929 2117 essent
944 2058 1028 2115 ita
1042 2058 1250 2114 divina;
1271 2059 1568 2131 conjuncti
1583 2057 1850 2132 justitiaa,

203 2156 271 2208 ut
301 2149 459 2207 aliud
483 2165 660 2223 quam
689 2149 845 2205 Deus
867 2148 1011 2205 velle
1034 2147 1195 2204 nulla
1222 2152 1463 2221 possent
1491 2148 1853 2204 ratione.Ne-

202 2242 317 2314 qué
343 2238 505 2296 enim
534 2238 595 2294 in
624 2242 840 2295 aeterna
863 2237 1246 2307 beatitudine,
1278 2237 1378 2294 ubi
1409 2237 1574 2294 dolor
1602 2254 1715 2294 non
1738 2239 1847 2306 est,

203 2328 533 2403 compassio
562 2343 693 2384 esse
721 2325 933 2400 poterit
962 2343 1089 2399 quae
1119 2325 1246 2383 sine
1269 2325 1468 2383 dolore
1498 2344 1614 2383 non
1644 2331 1753 2383 est.

273 2417 553 2491 Sequitur
579 2432 718 2489 pars
746 2419 927 2484 sexta,
963 2415 1023 2472 in
1054 2432 1170 2489 qua
1198 2415 1359 2472 dives
1389 2433 1492 2488 pro
1537 2414 1669 2472 aliis
1699 2419 1846 2482 orat,

201 2523 309 2565 nec
339 2504 669 2573 exauditur,
702 2520 837 2561 cum
870 2503 1146 2562 subditur
1173 2521 1187 2560 :
1238 2505 1382 2576 Rogo
1408 2521 1558 2576 ergo,
1590 2513 1642 2562 te
1663 2512 1845 2577 pater,

197 2602 263 2654 ut
290 2597 478 2652 mittas
502 2610 629 2651 eum
658 2594 722 2650 in
739 2593 959 2650 domum
974 2596 1153 2666 patris
1179 2596 1319 2662 mei;
1342 2595 1511 2651 habeo
1528 2596 1677 2650 enim
1690 2596 1850 2668 quin-

198 2701 301 2761 que
325 2686 545 2757 fratres,
575 2690 640 2739 ut
665 2690 888 2739 testetur
914 2683 1033 2739 illis
1060 2698 1131 2739 ne
1157 2691 1210 2739 et
1238 2684 1347 2756 ipsi
1362 2685 1588 2740 veniant
1614 2685 1673 2738 in
1704 2684 1850 2739 hunc

200 2776 380 2833 locum
406 2780 819 2831 tormentorum.
852 2772 1190 2829 Frustratus
1219 2772 1290 2829 de
1319 2789 1403 2838 se,
1436 2775 1563 2828 orat
1593 2789 1697 2846 pro
1728 2773 1848 2829 fra-

198 2863 412 2931 tribus,
446 2865 504 2919 et
532 2877 689 2917 nunc
709 2859 918 2933 incipit
944 2861 1174 2917 animas
1203 2860 1451 2917 aliorum
1485 2860 1725 2934 diligere
1747 2862 1848 2935 qui

194 2951 397 3009 vivens
426 2967 595 3008 suam
626 2966 741 3005 non
773 2948 990 3006 dilexit.
1033 2949 1119 3005 Ad
1148 2949 1451 3006 cumulum
1485 2950 1700 3024 quippe
1728 2953 1849 3007 tor-

198 3045 463 3097 mentum
515 3037 868 3111 relinquitur
897 3038 972 3106 ei,
1002 3041 1060 3094 et
1089 3038 1362 3111 cognitio,
1396 3043 1453 3094 et
1482 3039 1765 3095 memoria
1793 3043 1852 3096 et

197 3128 547 3202 compassio.
573 3127 710 3183 Plus
741 3127 895 3182 enim
919 3130 1223 3199 torquetur
1241 3143 1311 3183 ex
1330 3127 1440 3184 hoc
1459 3129 1617 3200 quod
1640 3145 1850 3202 cogno-

198 3217 309 3274 scit
330 3218 613 3273 Lazarum
635 3232 790 3272 nunc
805 3214 1196 3289 gloriﬁcatum
1214 3233 1390 3289 super
1404 3234 1486 3285 se,
1511 3234 1685 3290 quem
1705 3218 1845 3274 olim
1876 3195 1920 3263 (1

198 3306 425 3364 viderat
441 3305 554 3363 sub
574 3322 637 3363 se
652 3304 956 3362 miserum.
983 3303 1118 3361 Plus
1133 3305 1309 3361 etiam
1330 3310 1637 3379 torquetur
1653 3323 1723 3363 ex
1741 3307 1850 3364 hoc

202 3396 357 3469 quod
386 3395 728 3451 recordatur
747 3392 1041 3451 felicitatis
1070 3410 1210 3462 suae,
1243 3411 1422 3466 quam
1452 3396 1511 3450 in
1544 3396 1717 3452 domo
1747 3413 1849 3469 pa-

202 3484 311 3542 tris
341 3484 433 3540 sui
457 3484 757 3557 quondam
780 3499 916 3539 cum
938 3483 1217 3538 fratribus
1238 3484 1361 3539 suis
1382 3483 1687 3541 habuerat.
1713 3484 1851 3543 Plus

202 3590 435 3647 quoque
456 3576 764 3646 torquetur
779 3590 849 3629 ex
873 3572 984 3628 hoc
1012 3572 1169 3644 quod
1193 3573 1546 3645 compatitur
1573 3574 1851 3632 fratribus

202 3661 348 3730 suis,
380 3678 530 3736 quos
547 3661 704 3719 videt
723 3677 827 3735 per
845 3661 1111 3718 eamdem
1132 3660 1331 3738 vitam,
1354 3661 1413 3716 in
1436 3664 1702 3720 eamdem
1718 3681 1851 3720 ven-

200 3755 366 3809 turos
410 3750 872 3808 damnationem.
921 3751 998 3805 Et
1025 3751 1105 3806 ait
1137 3750 1229 3805 illi
1274 3751 1549 3809 Abraham
1579 3771 1599 3810 :
1646 3754 1855 3812 Habent

199 3840 412 3915 lloysen
441 3848 495 3897 et
515 3840 824 3912 prophetas,
857 3839 1097 3896 audiant
1144 3839 1290 3896 illos.
1324 3845 1403 3898 Ac
1431 3841 1480 3897 si
1512 3841 1700 3900 dicat:
1737 3844 1851 3900 Lex

200 3934 258 3987 et
286 3929 582 4003 prophetae
613 3928 823 3986 docent
853 3927 1148 4000 quomodo
1178 3931 1393 3985 aeterna
1422 3930 1723 3988 damnatio
1749 3949 1851 4004 po-

198 4021 316 4075 test
343 4016 569 4075 evitari.
598 4020 723 4074 Non
745 4025 922 4089 pater,
974 4017 1175 4089 inquit,
1206 4018 1500 4085 Abraham,
1531 4020 1624 4076 sed
1650 4023 1703 4077 si
1728 4024 1853 4094 quis

196 4122 268 4163 ea:
290 4106 523 4162 mortuis
552 4106 681 4161 ierit
704 4104 777 4160 ad
804 4120 916 4172 eos,
940 4106 1321 4176 paenitentiam
1347 4115 1527 4178 agent,
1558 4109 1699 4181 quia
1727 4111 1853 4184 ipse

201 4192 538 4265 Scripturss
575 4196 1024 4266 contempserat.
1075 4193 1248 4250 Tales
1293 4198 1432 4251 sunt
1460 4195 1633 4253 hodie
1681 4198 1851 4256 multi

200 4279 338 4338 falsi
360 4278 702 4348 Christiani,
725 4279 824 4353 qui
855 4282 1038 4339 sacris
1067 4281 1386 4355 Scripturis
1405 4300 1519 4340 non
1553 4287 1853 4345 credentes

201 4369 447 4426 dicunt:
482 4368 622 4432 Quis
652 4372 742 4425 est
770 4385 1072 4443 regressus
1092 4370 1166 4427 ab
1184 4369 1410 4439 inferis,
1442 4373 1541 4445 qui
1572 4375 1741 4433 nobis
1768 4380 1852 4433 te-

203 4456 553 4514 stimonium
574 4457 759 4514 ferat?
780 4457 838 4513 in
861 4475 977 4531 quo
998 4474 1062 4516 se
1077 4476 1205 4517 esse
1226 4460 1492 4518 inﬁdeles
1513 4465 1850 4535 ostendunt,

1969 543 2376 610 defecerimus,
2430 543 2714 617 recipiant
2742 562 2850 602 nos
2882 545 2942 601 in
2974 548 3189 602 aeterna
3238 543 3621 603 tabernacula

1967 633 2119 699 (Luc.
2152 632 2292 704 xw.)
2341 633 2485 689 Ecce
2534 633 2752 690 multos
2801 635 3047 692 Lazaros
3078 632 3338 707 quotidie
3367 636 3502 690 ante
3524 634 3617 707 ja-

1968 738 2118 779 nuas
2147 724 2381 779 nostras
2407 722 2696 789 videmus,
2731 738 2793 779 se
2835 722 3167 796 importune
3194 722 3490 795 ingemat,
3524 740 3619 780 ro-

1966 814 2107 883 gant
2137 811 2237 883 qui
2271 809 2462 884 rogari
2492 810 2840 867 debuerunt.
2872 811 2937 867 In
2968 811 3203 884 quibus,
3235 810 3446 869 fratres
3475 811 3615 883 mei,

1967 898 2016 955 si
2050 900 2195 955 forte
2217 900 2483 973 quaedam
2515 899 2861 978 corrigenda
2886 898 3175 972 videmus,
3209 916 3327 956 non
3356 901 3487 958 ideo
3514 916 3617 959 eos

1966 996 2432 1058 contemnamus,
2457 989 2597 1062 quia
2627 989 2779 1062 quod
2809 991 2899 1045 est
2917 986 2979 1044 in
3008 988 3094 1045 eis
3112 988 3397 1062 piandum
3423 990 3620 1064 expiat

1964 1076 2120 1151 ignis
2150 1077 2613 1134 tribulationum.
2647 1076 2709 1134 Si
2739 1077 2877 1135 boni
2909 1081 3068 1147 sunt,
3100 1077 3417 1151 recipiendi
3454 1083 3614 1151 sunt,

1966 1170 2030 1222 ut
2061 1167 2268 1223 fratres
2297 1170 2355 1224 et
2401 1168 2816 1225 intercessores
2847 1167 3056 1224 nostri.
3106 1166 3211 1224 Sin
3255 1166 3475 1237 minus,
3507 1169 3616 1226 du-

1965 1254 2175 1328 plicem
2207 1255 2573 1329 praebeamus
2600 1256 2686 1313 eis
2711 1255 3165 1330 eleemosynam.
3197 1255 3417 1314 Demus
3444 1256 3529 1314 eis
3558 1260 3619 1316 et

1964 1361 2175 1417 panem
2205 1344 2584 1418 corporalem,
2618 1349 2676 1401 et
2696 1361 2909 1419 panem
2937 1345 3098 1402 verbi
3129 1343 3518 1419 spiritualem,
3550 1349 3618 1403 ut

1964 1433 2255 1507 duplicem
2278 1434 2413 1491 inde
2433 1426 2785 1507 recipiamus
2804 1434 3157 1503 mercedem,
3179 1437 3264 1505 ut,
3288 1450 3424 1491 cum
3442 1450 3616 1491 vene-

1963 1523 2039 1578 rit
2069 1540 2290 1596 pauper
2314 1539 2640 1596 pauperum
2656 1523 2810 1580 Deus
2833 1527 2890 1580 et
2917 1522 3202 1582 Dominus
3222 1527 3424 1581 noster
3438 1522 3615 1582 Jesus

1963 1612 2250 1681 Christus,
2282 1611 2524 1687 recipiat
2552 1629 2660 1670 nos
2686 1612 2749 1669 in
2779 1616 2996 1670 aeterna
3023 1610 3419 1671 tabernacula.

2564 1718 2873 1777 HOMILIA
2907 1719 3000 1776 VI.

2210 1806 2483 1847 DOIINICA
2519 1807 2776 1847 SECUNDA
2824 1807 2965 1847 POST
2996 1806 3361 1848 TRINITATEM.

2034 1879 2381 1949 Charissimi,
2412 1880 2584 1937 nolite
2609 1881 2812 1936 mirari
2832 1882 2886 1936 si
2911 1878 3026 1937 odit
3052 1895 3142 1937 vos
3168 1878 3409 1937 mundus
3438 1882 3547 1938 etc.
3565 1881 3618 1954 (Ι

1957 1970 2117 2027 Joan.
2137 1968 2246 2040 111.)
2265 1967 2698 2041 Quadripertita
2711 1972 2802 2025 est
2820 1968 2941 2025 haec
2956 1966 3148 2037 lectio,
3172 1967 3381 2026 fratres
3395 1968 3614 2029 charis-

1960 2058 2120 2114 simi.
2144 2055 2336 2113 Primo
2358 2057 2501 2112 dicit
2520 2074 2635 2113 non
2656 2073 2785 2114 esse
2807 2057 3143 2114 mirandum
3166 2057 3216 2116 si
3242 2057 3383 2115 mali
3406 2075 3611 2118 exosos

1958 2146 2215 2204 habeant
2261 2146 2466 2203 bonos.
2515 2146 2780 2203 Secundo
2828 2146 3085 2203 ostendit
3114 2162 3214 2204 eos
3262 2146 3365 2221 qui
3394 2147 3613 2208 habent

1959 2235 2302 2293 charitatem
2351 2235 2561 2302 vivere,
2593 2238 2651 2291 et
2697 2251 2797 2292 eos
2828 2234 2930 2308 qui
2981 2238 3183 2293 carent
3210 2237 3379 2294 mori.
3413 2236 3609 2296 Tertio

1958 2323 2221 2398 exemplo
2243 2323 2459 2381 Christi
2476 2339 2583 2380 nos
2600 2323 2672 2380 ad
2694 2323 3025 2381 dilectionis
3046 2325 3457 2399 pertectionem
3478 2325 3610 2385 hor-

1957 2418 2134 2471 tatur.
2167 2412 2382 2479 Quarto
2413 2430 2448 2470 a
2470 2411 2619 2470 falsa
2648 2412 2958 2470 dilectione
2984 2414 3191 2471 mundi
3213 2431 3321 2473 nos
3339 2414 3608 2474 dehorta-

1954 2506 2070 2559 tur.
2099 2502 2193 2558 Ait
2220 2502 2419 2576 itaque
2448 2501 2659 2576 primo,
2689 2502 2873 2559 Nolite
2888 2504 3091 2559 mirari
3115 2505 3170 2560 si
3194 2503 3309 2562 odit
3329 2521 3422 2562 vos
3440 2521 3605 2562 mun-

1953 2592 2076 2661 dus,
2107 2592 2165 2648 id
2214 2595 2305 2649 cst
2349 2595 2642 2648 amatores
2691 2591 2920 2648 mundi.
2972 2596 3095 2649 Duo
3140 2592 3302 2662 dicit,
3344 2598 3403 2650 et
3447 2595 3604 2667 quod

1956 2682 2218 2738 mundus
2238 2680 2361 2737 odit
2365 2682 2585 2753 justos,
2607 2683 2665 2736 et
2679 2681 2836 2753 quod
2858 2679 2992 2737 inde
3008 2696 3123 2737 non
3141 2684 3230 2739 est
3244 2680 3604 2741 mirandum.

1956 2771 2026 2827 Et
2054 2788 2173 2843 qua
2200 2770 2272 2826 de
2300 2786 2478 2826 causa
2498 2769 2776 2839 mundus,
2802 2769 2859 2826 id
2882 2773 2972 2826 est
2991 2768 3132 2827 mali
3153 2770 3609 2844 odiuntjustos?

1956 2858 2216 2930 Triplici.
2251 2858 2446 2914 Prima
2472 2862 2562 2916 est
2590 2857 2730 2930 quia
2756 2857 3185 2930 vitajustorum
3207 2860 3499 2917 contraria
3516 2862 3609 2918 est

1953 2948 2083 3004 vita:
2114 2947 2424 3004 malorum.
2458 2948 2687 3013 Quanta
2732 2946 2892 3003 enim
2925 2947 3309 3005 contrarietas
3337 2951 3428 3005 est
3454 2947 3608 3006 inter

1955 3036 2151 3109 ignem
2182 3040 2239 3092 et
2255 3052 2490 3108 aquam,
2512 3035 2667 3091 inter
2683 3035 2873 3092 lucem
2895 3040 2953 3092 et
2974 3035 3266 3105 tenebras,
3289 3039 3454 3094 tanta
3473 3053 3607 3094 con-

1954 3126 2223 3182 trarietas
2252 3129 2341 3180 est
2369 3125 2520 3180 inter
2530 3125 2827 3197 justitiam
2856 3128 2915 3181 et
2942 3124 3316 3198 injustitiam,
3346 3124 3500 3183 inter
3517 3142 3609 3185 ca-

1957 3215 2213 3271 stitatem
2244 3218 2302 3269 et
2326 3213 2642 3280 luxuriam,
2672 3212 2827 3270 inter
2853 3217 3091 3270 caeteras
3116 3213 3362 3272 virtutes
3389 3218 3448 3271 et
3463 3214 3608 3273 vitia

1957 3304 2043 3361 eis
2073 3302 2385 3359 contraria.
2436 3301 2746 3374 Propterea
2792 3301 2944 3358 inter
2990 3301 3245 3360 cultores
3271 3302 3519 3361 istarum
3546 3307 3608 3362 et

1957 3392 2210 3449 cultores
2238 3390 2474 3447 illorum
2504 3407 2616 3463 pax
2645 3394 2705 3447 et
2745 3391 3058 3448 concordia
3085 3408 3215 3450 esse
3243 3409 3362 3450 non
3391 3396 3603 3467 potest.

1955 3481 2223 3538 Secunda
2241 3496 2420 3536 causa
2439 3483 2528 3535 est
2556 3480 2696 3552 quia
2716 3480 2848 3536 boni
2874 3479 3083 3537 odiunt
3099 3481 3281 3538 vitam
3310 3481 3605 3540 malorum

1957 3575 2016 3627 et
2042 3571 2344 3627 damnant.
2396 3569 2592 3625 Tertia
2637 3572 2727 3625 est
2756 3568 2897 3641 quia
2939 3586 3040 3627 eos
3088 3569 3524 3644 reprehendunt
3550 3574 3610 3629 st

1958 3659 2278 3733 corrigunt,
2312 3656 2614 3730 cupientes
2641 3673 2743 3714 eos
2789 3658 3016 3715 auferre
3044 3657 3276 3716 diabolo
3304 3662 3362 3716 et
3390 3657 3606 3716 lucrari

1957 3753 2094 3806 Deo.
2127 3748 2331 3819 Itaque
2361 3762 2494 3803 cum
2526 3745 2664 3801 boni
2684 3746 2872 3803 malos
2894 3747 3046 3804 bono
3067 3748 3201 3805 odio
3222 3746 3443 3818 odiant,
3466 3746 3612 3806 mall

1958 3855 2058 3895 eos
2091 3836 2294 3909 iniquo
2323 3835 2455 3892 odio
2484 3839 2942 3908 persequuntur,
2958 3836 3131 3909 juxta
3159 3835 3305 3894 illud
3331 3838 3610 3911 :Perfecto

1958 3928 2080 3985 odio
2137 3926 2355 3983 oderam
2410 3923 2563 3991 illos,
2622 3925 2840 3981 inimici
2893 3926 3031 3997 facti
3083 3934 3215 3983 sunt
3265 3926 3412 3983 mihi
3440 3926 3608 4001 (Psal.

1958 4016 2214 4088 cxxxiii.)
2263 4014 2590 4070 Perfectum
2636 4013 2852 4086 quippe
2880 4013 3083 4071 odium
3120 4018 3231 4085 est,
3263 4016 3499 4089 quando
3528 4017 3614 4077 ita

1959 4105 2196 4163 odimus
2214 4102 2424 4159 vitium
2443 4100 2650 4174 iniqui,
2672 4101 2825 4175 quod
2843 4102 2973 4174 ejus
2992 4107 3266 4159 naturam
3282 4102 3609 4178 diligimus,

1960 4195 2121 4260 Quod
2149 4210 2265 4250 non
2296 4192 2517 4259 odium,
2546 4191 2648 4248 sed
2669 4190 2864 4263 potius
2886 4190 3120 4248 dilectio
3139 4196 3247 4250 est.
3271 4192 3437 4250 Unde
3456 4193 3613 4253 Psal-

1961 4284 2173 4340 mista:
2219 4285 2527 4339 Posuerunt
2568 4279 2859 4337 adversum
2900 4297 2989 4338 me
3030 4282 3183 4338 mala
3223 4299 3325 4355 pro
3375 4283 3530 4342 bonis
3556 4291 3610 4343 et

1960 4374 2147 4431 odium
2171 4387 2274 4445 pro
2319 4371 2606 4427 dilectione
2631 4386 2756 4426 mea
2802 4369 2970 4443 (Psal.
3002 4374 3185 4441 cvm.)
3211 4371 3467 4430 Joannes
3495 4373 3610 4431 Ba-

1961 4463 2141 4537 ptista
2171 4461 2452 4536 arguebat
2481 4460 2787 4528 Herodem,
2820 4459 3056 4519 dicens:
3088 4462 3209 4519 Non
3231 4463 3359 4520 licet
3384 4464 3491 4521 tibi
3515 4465 3612 4521 ha-

205 4546 349 4603 dum
381 4562 487 4603 nec
516 4545 1089 4618 praemiajustorum,
1114 4565 1219 4605 nec
1242 4567 1446 4622 pcenas
1475 4553 1852 4626 reproborum
1886 4564 1933 4631 ι)
1966 4554 2087 4611 bere
2113 4567 2343 4608 uxorem
2384 4551 2584 4623 fratris
2627 4552 2713 4606 tui
2741 4551 2925 4619 (Marc.
2956 4550 3058 4624 v1.)
3101 4550 3216 4608 Sed
3247 4552 3404 4609 unde
3432 4552 3611 4611 Hero-

200 4633 472 4691 credunt.
504 4633 615 4690 Sed
660 4634 971 4691 subditur:
1017 4637 1080 4693 Si
1107 4642 1333 4709 Moysen
1360 4646 1413 4695 et
1432 4641 1719 4713 prophetas
1744 4658 1857 4699 non

201 4722 462 4789 audiunt,
492 4738 593 4778 nec
629 4724 684 4778 si
720 4725 844 4797 quis
866 4740 936 4780 ea:
963 4727 1198 4782 mortuis
1224 4731 1589 4786 resurrexerit
1616 4731 1850 4789 credent.

203 4811 337 4869 Sive
366 4811 571 4868 audire
601 4810 696 4867 hic
736 4816 988 4885 ponatur
1016 4831 1120 4887 pro
1150 4815 1403 4885 credere,
1436 4816 1556 4873 sive
1584 4835 1687 4891 pro
1717 4820 1853 4877 obe-

203 4898 349 4966 dire,
380 4916 583 4956 verum
633 4916 762 4957 esse
799 4900 973 4959 hodie
1003 4907 1243 4975 apparet
1272 4903 1410 4976 quia
1440 4904 1752 4980 Scriptum
1784 4909 1855 4966 de

202 4988 434 5045 Christo
462 4988 870 5046 testimonium
930 4990 1137 5048 ferant.
1191 4993 1299 5056 Qui
1355 4992 1565 5051 nolunt
1620 4998 1855 5055 credere

204 5077 544 5150 Scripturis,
567 5078 777 5136 nolunt
797 5080 971 5137 etiam
995 5081 1231 5138 credere
1251 5081 1502 5152 Christo,
1528 5084 1629 5157 qui
1650 5103 1684 5141 ει
1704 5103 1855 5144 mor-

202 5164 322 5222 tuis
353 5167 682 5245 resurrexit.
718 5168 825 5235 Qui
858 5186 974 5227 non
1004 5169 1285 5227 obediunt
1304 5170 1416 5245 legi
1444 5171 1533 5228 vel
1558 5173 1856 5247 prophetis

205 5253 454 5310 minoris
482 5255 877 5327 perfectionis,
910 5274 1028 5314 non
1077 5258 1359 5315 obediunt
1395 5260 1721 5332 perfectiori
1751 5263 1855 5320 do-

205 5341 405 5399 ctrinae
453 5341 693 5411 Christi,
742 5345 842 5418 qui
887 5347 1204 5405 resurrexit
1232 5365 1267 5403 a
1314 5349 1582 5407 mortuis.
1631 5351 1853 5425 Itaque,

208 5431 441 5497 fratres,
493 5429 791 5490 discamus
820 5434 1052 5494 divitias
1081 5441 1474 5507 contemnere,
1522 5440 1763 5497 modum
1797 5441 1857 5498 in

208 5517 474 5576 vestibus
503 5536 571 5576 ac
598 5520 835 5580 cibariis
854 5524 1177 5598 observare,
1201 5526 1557 5600 pauperibus
1580 5528 1861 5604 largiores

211 5611 273 5667 et
291 5605 696 5698 misericordes
717 5627 865 5682 esse,
887 5613 957 5669 de
988 5615 1157 5673 bonis
1177 5616 1348 5674 nobis
1368 5617 1703 5677 commissis
1721 5637 1862 5698 pau-

284 5696 400 5781 (52)
422 5695 594 5775 Vulg.
628 5700 690 5759 in
718 5701 804 5760 his
832 5703 1105 5765 omnibus.

1965 4644 2071 4700 des
2101 4641 2305 4698 debuit
2330 4638 2543 4696 Joanni
2572 4637 2792 4712 gratias
2821 4655 3010 4714 agere,
3033 4639 3171 4697 inde
3199 4657 3334 4697 eum
3358 4640 3615 4700 incarce-

1962 4731 2111 4789 ravit
2139 4733 2196 4786 et
2239 4727 2562 4786 decollavit.
2621 4727 2753 4785 Haec
2792 4732 2885 4785 est
2937 4729 3242 4787 retributio
3297 4728 3613 4789 malorum.

1963 4821 2138 4877 Porro
2187 4817 2404 4891 quibus
2434 4817 2506 4872 de
2535 4816 2731 4873 causis
2762 4816 2904 4872 mali
2941 4817 3076 4874 odio
3125 4816 3382 4875 habeant
3407 4819 3615 4891 bonos,

1964 4908 2210 4982 Sapiens
2258 4903 2666 4979 complectitur
2705 4905 2800 4962 his
2842 4906 3072 4964 verbis:
3118 4909 3391 4965 Dixerunt
3432 4910 3613 4982 impii,

1963 4998 2109 5071 apud
2136 5013 2193 5054 se
2220 5012 2330 5052 non
2344 5002 2489 5051 recte
2506 4996 2839 5067 cogitantes:
2866 4996 3369 5054 Circumveniamus
3379 4998 3610 5072 justum,

1963 5088 2223 5161 quoniam
2267 5083 2576 5141 contrarius
2605 5090 2686 5138 est
2720 5085 2973 5154 operibus
3000 5087 3219 5143 nostris.
3250 5087 3534 5145 Promutit
3556 5100 3616 5145 se

1962 5177 2248 5234 scientiam
2273 5174 2374 5230 Dei
2401 5171 2621 5239 habere,
2654 5179 2920 5244 tanquam
2953 5190 3186 5247 nugaces
3223 5176 3491 5234 animati
3513 5191 3614 5233 αι.

1962 5284 2087 5324 mus
2116 5265 2184 5321 ab
2216 5263 2334 5329 illo,
2367 5268 2419 5319 et
2460 5260 2693 5317 abstinet
2723 5276 2780 5317 se
2806 5277 2842 5317 a
2867 5263 2974 5319 viis
2997 5265 3222 5333 nostris,
3253 5271 3516 5340 tanquam
3540 5266 3613 5323 ab

1967 5353 2346 5415 immunditiis
2372 5353 2483 5407 etc.
2513 5348 2663 5421 (Sap.
2686 5351 2776 5420 II.)
2803 5351 2991 5417 Quare
3020 5369 3136 5411 non
3156 5356 3248 5412 est
3274 5354 3616 5413 mirandum

1968 5447 2017 5504 si
2050 5442 2211 5501 mali.
2238 5440 2447 5499 odiunt
2476 5438 2681 5507 bonos,
2727 5438 2867 5510 quia
2895 5445 3185 5500 amatores
3216 5443 3424 5501 mundi
3455 5446 3620 5512 sunt,

1969 5534 2126 5592 unde
2154 5535 2211 5589 et
2237 5529 2333 5587 hic
2365 5527 2625 5585 mundus
2655 5530 2956 5585 vocantur.
2987 5530 3051 5587 Si
3076 5532 3203 5604 quis
3230 5541 3433 5601 autern,
3473 5534 3622 5589 teste

1969 5625 2217 5696 Joanne,
2244 5619 2433 5693 diligit
2459 5616 2751 5687 mundum,
2774 5633 2886 5677 non
2911 5625 2992 5679 est
3015 5620 3257 5678 charitas
3285 5621 3470 5682 Patris
3486 5620 3549 5679 in
3564 5634 3628 5688 eo
