3974 6076
385 275 540 340 1967

1403 277 1799 339 ADDENDA.
1832 309 1912 322 ι-
1943 277 2339 340 RADULPHI
2385 276 2797 338 ARDENTIS.

3637 275 3794 338 1968

381 407 433 480 (Ι
454 409 610 465 Joan.
636 409 724 476 ιι.)
745 407 932 472 Quare
957 424 1073 464 non
1093 411 1182 464 est
1203 406 1558 480 mirandum,
1582 409 1632 463 si
1657 408 1796 464 mali
1816 408 2022 464 odiunt
2049 411 2102 478 Α
2133 412 2425 465 naturam.
2473 410 2539 464 Et
2563 409 2718 464 scitis
2746 410 3010 480 quoniam
3037 409 3214 465 omnis
3242 409 3516 465 homicida
3545 424 3666 465 non
3695 409 3791 464 ha-

377 495 586 562 bonos,
633 497 915 568 quoniam
963 497 1140 552 etiam
1193 498 1419 569 seipsos
1469 497 1695 552 odiunt.
1731 498 1836 565 Qui
1863 497 2020 553 enim

377 585 560 656 diligit
582 586 948 656 iniquitatem,
978 586 1091 642 odit
1119 589 1366 642 animam
1392 603 1549 642 suam
1572 588 1744 652 (Psal.
1777 587 1856 658 x.)
1878 586 2024 650 Quo-

375 674 550 732 modo
579 674 784 748 diliget
812 674 1016 743 alium,
1039 675 1140 748 qui
1163 677 1424 748 seipsum
1455 693 1568 732 non
1592 675 1818 749 diligit"
1837 676 2024 740 Quare

377 778 493 828 non
523 767 613 822 est
641 763 977 820 mirandum
1019 763 1068 820 si
1100 765 1238 822 mali
1271 765 1478 821 odiunt
1507 765 1711 822 bonos.
1765 766 1910 831 Quia
1939 765 2023 820 sic

375 857 821 919 consueverunt,
839 854 1062 910 faciunt
1078 870 1190 910 non
1213 859 1363 927 quod
1387 855 1521 910 boni
1545 859 1896 920 mereantur,
1921 855 2023 910 sed

369 943 534 1015 quod
567 941 679 1014 ipsi
702 942 1032 1000 solent..Sic
1064 943 1136 999 ab
1165 942 1332 1000 initio
1358 943 1499 1001 Cain
1529 944 1768 1016 iniquus
1790 946 2021 1016 justum

375 1031 517 1096 Abel
548 1031 786 1088 fratrem
835 1049 1010 1088 suum
1064 1038 1408 1104 persecutus
1465 1038 1554 1090 est
1581 1038 1638 1089 et
1668 1034 1895 1090 occidit.
1930 1033 2022 1091 Sic

376 1119 569 1194 iniqui
581 1120 1246 1193 fratresjustumJoseph
1259 1121 1738 1194 siciniquusSaul
1751 1125 2021 1178 sanctum

363 1208 582 1276 David,
613 1209 696 1266 sic
725 1208 892 1282 impii
915 1209 1135 1266 Hebraei
1168 1215 1404 1266 sanctos
1429 1211 1764 1284 prephetas,
1798 1211 1880 1268 sic
1911 1211 2021 1266 ini-

365 1297 480 1370 .qui
499 1297 687 1356 Judaai
715 1299 1033 1365 Christum,
1053 1299 1137 1356 sic
1156 1298 1423 1356 inﬁdeles
1445 1300 1665 1357 ﬁdeles.
1689 1302 2019 1372 Propterea,

363 1387 586 1446 fratres
607 1387 962 1454 charissimi,
987 1405 1092 1444 nec
1115 1388 1410 1446 miremini
1431 1389 1479 1445 si
1503 1390 1706 1445 mundi
1733 1393 2024 1446 amatores

373 1494 477 1536 vos
506 1476 716 1534 odiunt
743 1481 801 1532 et
828 1481 1280 1550 persequuntur.
1312 1478 1596 1534 Dominus
1617 1479 1772 1535 enim
1794 1479 1918 1535 suis
1940 1479 2023 1534 di-

377 1566 618 1639 scipulis
632 1565 852 1639 inquit:
877 1568 941 1622 Si
949 1582 1036 1622 me
1053 1570 1321 1638 persecuti
1338 1576 1485 1634 sunt,
1506 1585 1597 1624 vos
1614 1577 2019 1640 persequentur,

374 1663 436 1711 ut
463 1657 757 1729 impleatur
800 1656 942 1710 illud
987 1657 1333 1715 Psalmistaa:
1383 1657 1524 1725 Quia
1565 1659 1684 1713 odio
1715 1658 2022 1714 habuerunt

371 1762 460 1802 me
486 1748 662 1816 gratis
689 1745 810 1818 (53)
842 1745 1018 1818 (Joan.
1050 1749 1170 1815 xv.)

444 1835 720 1908 Sequitur
746 1852 883 1907 pars
928 1835 1204 1904 secunda,
1239 1835 1298 1890 in
1330 1853 1446 1908 qua
1491 1836 1745 1892 ostendit
1791 1853 1889 1893 eos
1919 1836 2020 1908 qui

373 1923 717 1982 charitatem
732 1923 954 1982 habent
973 1924 1180 1991 vivere,
1202 1923 1332 1982 illos
1354 1925 1454 1996 qui
1474 1943 1589 1981 non
1613 1924 1830 1980 habent
1850 1925 2018 1990 mori,

373 2029 508 2070 cum
540 2012 768 2070 subdit:
802 2014 906 2069 Nos
937 2020 1120 2069 autem
1142 2014 1346 2068 scimus
1376 2016 1510 2085 quia
1547 2015 1807 2069 translati
1831 2030 2020 2069 sumus

371 2101 437 2158 de
466 2110 636 2158 morte
662 2101 733 2158 ad
777 2103 967 2167 vitam,
1015 2103 1275 2174 quoniam
1302 2102 1586 2173 diligimus
1613 2105 1831 2173 fratres.
1863 2103 1940 2156 Ac
1971 2102 2020 2157 si

373 2190 557 2248 dicat:
611 2190 878 2257 Quandiu
929 2191 1150 2246 fuimus
1180 2190 1305 2246 sine
1337 2190 1640 2247 dilectione
1669 2191 1772 2246 Dei
1802 2195 1859 2247 et
1888 2207 2018 2262 pro-

371 2279 533 2348 ximi,
549 2279 608 2334 in
627 2283 812 2336 morte
834 2283 1202 2351 peccatorum
1220 2296 1474 2335 eramus.
1489 2280 1560 2334 At
1581 2284 1890 2350 postquam
1913 2295 2022 2334 coe-
2059 2289 2068 2302 ‘

372 2368 570 2440 pimus
585 2369 770 2424 Deum
796 2371 856 2424 et
876 2367 1204 2439 proximum
1228 2367 1486 2441 diligere,
1508 2367 1792 2440 cmpimus
1811 2369 2019 2434 vivere,

370 2458 490 2514 vita
507 2457 731 2514 scilicet
757 2456 1058 2512 virtutum.
1095 2457 1258 2512 Sicut
1287 2458 1442 2513 enim
1465 2459 1665 2513 odium
1690 2461 1747 2513 et
1767 2463 2022 2513 contem-

370 2550 507 2619 ptus
539 2550 630 2604 est
657 2548 788 2604 fons
806 2547 1072 2602 omnium
1099 2546 1392 2614 vitiorum,
1426 2547 1508 2603 ita
1530 2547 1851 2603 econtrario
1883 2547 2019 2602 cha-

369 2636 514 2701 ritas
546 2636 648 2694 Dei
679 2639 736 2692 et
765 2635 1014 2708 proximi
1041 2640 1129 2691 est
1150 2636 1280 2692 fons
1311 2635 1572 2692 omnium
1596 2637 1894 2691 virtutum.
1918 2635 2024 2690 Per

370 2725 740 2784 dilectionem
759 2725 976 2798 quippe
997 2725 1397 2782 connectimur
1421 2725 1537 2781 Deo
1568 2729 1625 2780 et
1651 2725 1936 2797 proximo,
1959 2727 2024 2780 ut

369 2815 560 2878 simus
591 2815 856 2872 membra
884 2814 1144 2886 corporis
1174 2814 1407 2883 Christi,
1443 2815 1596 2886 quod
1625 2818 1716 2870 est
1743 2813 2017 2870 Ecclesia.

366 2905 440 2962 At
469 2904 518 2961 si
551 2903 858 2962 dilectione
888 2920 1177 2971 caremus,
1202 2905 1328 2974 jam
1362 2919 1467 2958 nec
1489 2903 1756 2958 membra
1781 2902 2020 2974 Christi,

370 3009 477 3056 nec
499 2993 572 3052 de
591 2992 922 3066 integritate
944 2993 1070 3064 ejus
1089 2992 1346 3064 corporis
1369 3009 1598 3060 sumus,
1623 2991 1769 3046 nihil
1797 2992 2021 3048 fructus

370 3083 674 3151 facientes,
693 3085 798 3140 sed
829 3082 1040 3141 mortui
1064 3085 1120 3137 et
1149 3081 1510 3138 damnationi
1542 3081 1822 3153 deputati.
1857 3082 2019 3147 Quod

371 3171 657 3230 Dominus
679 3171 739 3230 in
755 3171 1062 3243 Evangelio
1086 3188 1188 3243 per
1207 3170 1649 3227 similitudinem
1671 3169 1806 3225 vitis
1827 3175 1884 3226 et
1904 3169 2023 3242 pal—
2053 3155 2096 3222 C

372 3261 584 3320 mitum
617 3260 889 3329 ostendit,
925 3261 1158 3316 dicens:
1191 3262 1300 3328 Ego
1327 3275 1451 3315 sum
1481 3261 1606 3315 vitis
1635 3268 1685 3315 et
1704 3275 1795 3315 vos
1821 3260 2023 3331 palmi-

371 3358 463 3413 tes.
515 3350 669 3406 Sicut
721 3350 929 3421 palmes
975 3363 1047 3406 ea:
1074 3365 1130 3404 se
1175 3365 1288 3405 non
1328 3357 1498 3420 potest
1528 3354 1711 3421 facere
1759 3352 2022 3421 fructum,

378 3441 498 3521 nisi
523 3440 786 3496 manserit
800 3441 862 3495 in
873 3441 1000 3506 vite,
1019 3439 1098 3494 sic
1125 3453 1220 3493 nec
1239 3453 1349 3504 vos,
1372 3439 1487 3492 nisi
1505 3439 1565 3492 in
1583 3455 1670 3492 me
1685 3441 2024 3496 manseritis.

357 3530 444 3602 “Si
471 3529 595 3600 quis
620 3530 682 3584 in
709 3543 797 3583 me
823 3543 934 3584 non
961 3527 1245 3591 manserit,
1281 3528 1526 3582 mittetur
1552 3528 1702 3598 foras
1735 3529 1878 3583 sicut
1901 3527 2026 3598 pal-

377 3633 510 3684 mes,
541 3624 594 3674 et
620 3623 841 3683 arescet,
868 3622 920 3671 et
947 3615 1201 3686 colligent
1235 3633 1379 3682 eum,
1411 3618 1544 3671 etin
1576 3618 1756 3687 ignem
1783 3619 2024 3685 mittent,

377 3713 432 3764 et
455 3705 609 3762 ardet
647 3708 831 3772 (Joan.
861 3707 978 3773 xv.)
1022 3703 1186 3760 Unde
1211 3709 1270 3759 et
1301 3704 1394 3760 hic
1425 3705 1724 3760 subditur:
1775 3708 1891 3778 Qui
1914 3723 2026 3762 non

376 3795 580 3866 diligit,
627 3801 810 3850 numet
841 3795 902 3848 in
956 3801 1146 3850 morte.
1197 3793 1403 3849 Videat
1433 3810 1568 3866 ergo
1619 3795 2027 3867 unusquisque

378 3887 648 3942 nostrum
679 3898 858 3955 penes
879 3899 942 3939 se
971 3882 1022 3939 si
1052 3881 1246 3956 diligit
1273 3883 1456 3938 Deum
1489 3886 1545 3938 et
1574 3883 1926 3954 proximum.
1962 3884 2028 3940 Et

375 3972 428 4035 si
459 3971 672 4046 diligit,
703 3971 854 4028 sciat
874 3972 1016 4045 quia
1031 3971 1092 4027 in
1124 3971 1238 4028 Deo
1259 3971 1416 4038 vivit,
1442 3975 1500 4027 et
1515 3973 1847 4028 membrum
1869 3972 2028 4028 Chri-

377 4063 454 4122 sti
483 4065 590 4119 est.
625 4062 682 4118 Si
715 4065 910 4118 autem
959 4079 1075 4118 non
1115 4061 1324 4133 diligit,
1359 4060 1506 4117 sciat
1533 4061 1674 4132 quia
1701 4062 1762 4116 in
1794 4068 2025 4135 peccato

378 4155 646 4210 mortuus
667 4155 775 4219 est,
793 4155 850 4207 et
868 4152 1197 4207 membrum
1216 4150 1428 4206 Christi
1447 4167 1563 4206 non
1583 4155 1692 4207 est.
1713 4151 1870 4208 Talis
1891 4169 2026 4226 ergo

377 4258 482 4314 per
510 4240 912 4314 paenitentiam
943 4241 1177 4296 festinet
1206 4255 1528 4312 resurgere,
1561 4244 1618 4294 et
1646 4257 1748 4312 per
1777 4241 2024 4297 Charita-

375 4335 496 4388 tem
527 4330 757 4386 Christo
805 4329 1120 4398 adhaerere,
1154 4346 1226 4384 ne
1274 4329 1438 4396 forte,
1490 4334 1772 4401 tanquam
1801 4330 2026 4403 palmes

377 4419 679 4493 praecisus,
713 4418 772 4474 in
798 4419 995 4490 ignem
1017 4421 1297 4474 aeternum
1321 4417 1608 4474 mittatur.
1634 4419 1702 4474 Et
1717 4419 1766 4475 si
1789 4419 1872 4474 sic
1893 4437 2028 4476 reus

2051 1785 2099 1850 B

2133 500 2218 554 bet
2242 500 2413 554 vitam
2438 506 2702 554 aeternam
2730 499 2792 552 in
2814 515 2871 554 se
2893 506 3222 566 manentem,
3257 499 3410 554 sicut
3430 514 3539 554 nec
3561 497 3792 570 palmes

2133 587 2334 642 aridus
2361 590 2420 642 et
2449 604 2482 641 a
2509 587 2623 642 vite
2655 586 2954 659 praecisus.

2200 675 2476 749 Sequitur
2503 693 2640 748 pars
2671 676 2860 745 tertia,
2884 676 2944 731 in
2977 694 3095 749 qua
3118 677 3191 733 ad
3213 677 3638 750 perfectionem
3660 677 3790 734 cha-

2131 767 2321 822 ritatis
2351 784 2459 822 nos
2489 767 2755 821 hortatur
2783 765 3045 839 exemplo
3071 767 3307 836 Christi,
3339 767 3545 824 dicens
3571 783 3586 821 :
3613 768 3676 823 In
3696 769 3793 824 hoc

2131 858 2480 926 cognovimus
2524 855 2847 912 charitatem
2889 857 3009 922 Dei,
3052 859 3315 928 quoniam
3360 859 3472 928 ipse
3495 873 3603 929 pro
3636 858 3790 914 nobis

2131 947 2380 1001 animam
2407 961 2567 1000 suam
2591 946 2791 1017 posuit,
2813 953 2866 1000 et
2880 961 2979 1001 nos
3006 945 3261 1002 debemus
3274 963 3374 1018 pro
3400 949 3683 1018 fratribus
3702 961 3790 1004 no-

2130 1037 2262 1090 stris
2291 1036 2506 1090 animos
2530 1050 2751 1106 ponere.
2783 1034 2861 1089 Ac
2892 1034 2942 1089 si
2967 1034 3221 1091 diceret:
3255 1035 3525 1091 Charitas
3557 1052 3666 1109 per
3696 1053 3787 1092 ex-

2131 1124 2476 1180 hibitionem
2521 1123 2714 1196 operis
2761 1123 3152 1196 cognoscitur.
3204 1125 3370 1181 Sicut
3413 1142 3552 1198 ergo
3611 1127 3784 1193 Deus,

2131 1213 2496 1279 charitatem,
2515 1230 2692 1286 quam
2710 1213 2922 1268 habeat
2945 1229 3084 1287 erga
3103 1229 3232 1282 nos,
3262 1231 3364 1286 per
3383 1215 3784 1287 Operationem

2131 1301 2727 1358 nobisdemonstravit
2736 1302 3004 1373 ponendo
3016 1319 3119 1374 pro
3133 1302 3473 1359 nobisanim
3481 1321 3578 1359 am
3594 1320 3783 1370 suam,

2131 1393 2214 1448 ita
2233 1396 2290 1447 et
2319 1409 2435 1446 non
2456 1391 2822 1458 charitatem,
2857 1407 3036 1463 quam
3066 1391 3356 1449 habemus
3379 1391 3439 1448 in
3462 1394 3784 1466 proximos,

2131 1496 2306 1552 opere
2331 1480 2710 1536 ostendamus
2741 1481 3010 1551 ponendo
3033 1497 3138 1553 pro
3159 1480 3244 1536 eis
3275 1481 3506 1538 animas
3529 1487 3782 1539 nostras.

2130 1569 2232 1624 Est
2251 1572 2448 1625 autem
2473 1571 2887 1640 argumentum
2911 1585 2946 1624 a
2966 1569 3197 1640 majori.
3221 1569 3508 1634 Quoniam
3531 1571 3584 1627 si
3607 1572 3781 1641 Deus,

2130 1657 2230 1728 qui
2263 1674 2378 1712 non
2407 1656 2736 1721 tenebatur,
2765 1659 2968 1711 tantus
2996 1659 3053 1712 et
3077 1656 3236 1723 talis,
3267 1661 3323 1713 et
3353 1657 3516 1731 prior
3541 1676 3656 1731 pro
3685 1675 3782 1716 no-

2129 1746 2220 1802 bis
2249 1745 2466 1800 talibus
2495 1749 2552 1801 et
2579 1749 2800 1813 tantus,
2831 1744 3090 1802 animam
3119 1763 3288 1802 suam
3320 1747 3538 1820 posuit,
3563 1753 3784 1821 quanto

2129 1835 2320 1908 magis
2341 1851 2466 1901 nos,
2503 1835 2603 1906 qui
2635 1838 2924 1902 tenemur,
2958 1852 3061 1907 pro
3082 1836 3362 1892 fratribus
3393 1837 3617 1894 nostris
3635 1853 3786 1894 com-

2129 1923 2368 1996 paribus
2385 1923 2614 1978 animas
2645 1927 2876 1978 nostras
2898 1923 3226 1996 corporales
3237 1941 3452 1997 ponere
3469 1925 3782 1983 debemus?

2131 2013 2204 2068 Ut
2233 2011 2453 2068 scilicet
2475 2011 2525 2067 si
2546 2011 2865 2067 viderimus
2898 2011 3104 2068 fratres
3133 2018 3364 2070 nostros
3395 2031 3430 2070 a
3458 2014 3781 2089 gentilibus

2131 2106 2354 2174 captos,
2403 2101 2460 2155 in
2493 2100 2607 2156 ﬁde
2636 2099 2959 2157 titubantes
3007 2104 3066 2156 et
3093 2103 3325 2170 dubios,
3357 2108 3636 2160 tenemur
3661 2123 3778 2174 eos,

2132 2191 2360 2246 animas
2383 2194 2614 2245 nostras
2639 2207 2741 2262 pro
2765 2191 3207 2247 conﬁrmatione
3233 2192 3367 2248 ﬁdei
3399 2194 3698 2265 ponendo,
3724 2197 3778 2251 in

2133 2281 2245 2335 ﬁde
2263 2279 2628 2347 conﬁrmare,
2654 2296 2726 2334 ne
2747 2279 2892 2334 forte
2914 2281 3178 2352 negando
3201 2279 3258 2336 in
3283 2281 3482 2337 anima
3503 2284 3776 2355 perirent.

2131 2369 2236 2425 Pro
2264 2369 2380 2424 vita
2406 2385 2540 2424 vero
2571 2367 2819 2440 proximi
2849 2368 3132 2440 corporali
3159 2369 3339 2426 vitam
3382 2375 3648 2428 nostram
3679 2389 3779 2446 po-

2130 2475 2267 2514 nere
2297 2475 2413 2513 non
2443 2461 2733 2513 tenemur.
2767 2457 3043 2529 Legimus
3071 2462 3268 2514 tamen
3299 2458 3359 2514 in
3392 2460 3636 2533 Dialogo
3657 2479 3779 2518 san-

2129 2552 2288 2602 etum
2317 2546 2657 2601 Sanctulum
2693 2563 2796 2618 pro
2846 2548 3102 2618 quodam
3133 2548 3286 2603 clero
3338 2550 3412 2604 ab
3443 2550 3778 2606 inﬁdelibus

2129 2641 2366 2709 captum
2397 2636 2577 2692 vitam
2609 2653 2776 2692 suam
2809 2636 3120 2709 obligasse,
3151 2642 3218 2692 ut
3247 2637 3469 2694 scilicet
3501 2656 3677 2696 mane
3695 2640 3774 2696 vel

2129 2729 2325 2798 captu,
2356 2725 2446 2780 vel
2477 2725 2736 2798 seipsum
2759 2743 2861 2797 pro
2883 2743 2950 2781 eo
2971 2726 3056 2782 eis
3080 2726 3411 2783 restitueret
3438 2730 3628 2794 Quem
3650 2747 3776 2785 cum

2129 2819 2298 2870 nocte
2330 2815 2596 2870 recedere
2628 2814 3030 2886 compulisset,
3061 2815 3189 2888 ipse
3219 2833 3321 2888 pro
3350 2833 3418 2873 eo
3468 2834 3646 2874 mane
3694 2835 3777 2875 se-

2129 2904 2324 2975 ipsum
2348 2903 2610 2960 exhibuit
2625 2903 2952 2976 gladiatori.
2971 2904 3228 2968 Quicum
3244 2911 3544 2974 sanctum,
3559 2907 3777 2964 elevato

2128 2993 2343 3066 gladio,
2359 2993 2642 3049 decollare
2651 2992 2840 3061 vellet,
2857 2993 3092 3049 dextera
3103 2995 3231 3066 ejus
3246 2995 3511 3069 diriguit.
3525 2997 3612 3052 Ad
3627 2998 3778 3070 quod

2130 3081 2479 3159 miraculum
2513 3081 2778 3136 inﬁdeles
2805 3082 3188 3150 admirantes,
3223 3083 3451 3139 veniam
3483 3086 3557 3140 ab
3589 3103 3660 3142 eo
3693 3103 3780 3158 po-

2133 3175 2325 3240 scunt,
2347 3176 2405 3226 et
2434 3175 2500 3226 ut
2519 3187 2685 3242 prece
2705 3187 2816 3226 sua
2833 3171 3130 3227 dexteram
3157 3188 3264 3228 suo
3281 3172 3619 3230 decollatori
3659 3176 3779 3231 red-

2133 3261 2315 3327 deret,
2347 3263 2604 3326 exorant,
2629 3263 2688 3315 et
2718 3260 2874 3331 quod
2895 3258 3065 3314 vellet
3085 3276 3304 3316 munus
3323 3261 3398 3316 ab
3422 3260 3508 3317 eis
3529 3262 3783 3334 postula-

2134 3351 2316 3406 ret.At
2331 3352 2570 3404 sanctus
2585 3351 2782 3406 exacto
2796 3363 2899 3419 per
2910 3347 3330 3419 jusjurandum
3349 3350 3424 3405 ab
3447 3366 3517 3406 eo
3537 3367 3613 3406 ne
3635 3351 3782 3407 ultra

2134 3437 2482 3509 sanguinem
2501 3436 2888 3492 christianum
2912 3437 3196 3505 funderet,
3221 3438 3272 3492 ei
3294 3437 3594 3494 dexteram
3617 3442 3779 3496 resti-

2135 3527 2330 3594 tuit,et
2340 3543 2545 3582 omnes
2561 3525 2819 3598 captivos
2832 3524 3185 3582 christianos
3196 3543 3343 3599 quos
3357 3529 3641 3584 tenebant
3654 3529 3782 3587 libe-

2137 3633 2231 3672 ros
2245 3614 2982 3688 recepit(54).Ecce,fratres
2994 3615 3104 3671 mei
3116 3621 3356 3688 ,quanta
3367 3617 3782 3675 sitvirtuseha-

2135 3705 2492 3770 ritatis,dum
2517 3721 2672 3760 unus
2693 3721 2905 3776 corpus
2933 3721 3108 3760 suum
3140 3722 3246 3777 pro
3275 3721 3516 3779 corpore
3545 3707 3780 3764 alterius

2136 3793 2310 3852 morti
2341 3793 2596 3866 exponit,
2630 3793 2814 3850 virtus
2855 3793 3052 3849 divina
3080 3793 3537 3852 demonstratur.
3567 3798 3642 3852 Et
3672 3813 3778 3854 non

2135 3883 2326 3940 solum
2350 3882 2436 3938 illi
2465 3884 2602 3951 duo,
2633 3883 2734 3938 sed
2765 3883 2939 3938 etiam
2972 3883 3140 3938 multi
3173 3901 3208 3940 a
3231 3889 3417 3940 morte
3436 3885 3778 3943 liberantur.

2206 3970 2482 4044 Sequitur
2513 3988 2648 4043 pars
2699 3977 2927 4043 quarta,
2961 3972 3022 4026 in
3055 3989 3172 4044 qua
3218 3973 3568 4030 dehortatur
3613 3993 3722 4032 nos
3749 3992 3783 4032 a

2135 4061 2283 4118 falsa
2313 4061 2641 4126 dilectione,
2665 4061 2893 4116 dicens:
2919 4063 2985 4116 Si
3003 4065 3127 4133 quis
3146 4063 3402 4118 habuerit
3421 4065 3789 4120 substantiam

2135 4151 2300 4223 hujus
2327 4150 2542 4217 mundi,
2565 4158 2616 4206 ct
2641 4150 2841 4206 viderit
2857 4153 3086 4223 fratrem
3113 4167 3276 4208 suum
3293 4155 3667 4211 necessitatem
3691 4169 3789 4226 pa-

2135 4242 2428 4309 tientem,et
2442 4241 2706 4295 clauserit
2727 4242 2930 4296 viscera
2951 4257 3052 4296 sua
3069 4242 3136 4295 ab
3161 4256 3241 4309 eo,
3264 4243 3533 4313 quomodo
3554 4243 3793 4299 charttes

2133 4331 2233 4386 Dei
2255 4333 2406 4401 (quae
2437 4329 2613 4384 etiam
2645 4328 2904 4385 animam
2947 4347 3050 4402 pro
3082 4331 3364 4404 proximis
3390 4332 3577 4404 ponit)
3609 4339 3794 4388 manet

2136 4420 2195 4474 in
2216 4419 2404 4474 eo?Ac
2417 4417 2652 4473 sidicat:
2680 4418 2786 4481 Qui
2805 4436 2920 4475 non
2943 4420 3042 4475 dat
3065 4419 3226 4475 fratri
3243 4420 3531 4494 indigenti
3547 4423 3795 4477 munda-

378 4513 488 4576 est,
525 4508 626 4580 qui
667 4525 782 4564 non
810 4507 1022 4580 diligit,
1056 4505 1248 4578 qualis
1279 4511 1368 4562 est
1395 4505 1494 4562 ille
1523 4506 1622 4579 qui
1653 4508 1830 4562 etiam
1860 4509 2028 4565 odit?
2058 4529 2102 4594 Ι)
2137 4525 2272 4563 nam
2288 4524 2463 4580 quam
2478 4507 2654 4562 habet
2673 4507 3518 4582 substantiam,quomodopro
3540 4527 3611 4567 eo
3636 4511 3800 4569 datu.

377 4598 588 4668 Omnis,
619 4597 832 4669 inquit,
866 4599 961 4669 qui
991 4597 1108 4652 odit
1156 4597 1387 4668 fratrem
1413 4611 1593 4664 suum,
1627 4597 1898 4653 homicida
1927 4607 2023 4654 est.

377 4688 502 4746 Non
517 4688 602 4744 ait
615 4686 944 4752 inimicum,
959 4685 1047 4742 vel
1062 4686 1355 4758 iniquum,
1371 4685 1647 4757 quoniam
1661 4685 2027 4743 inimicitiam

377 4776 466 4832 vel
481 4776 853 4849 iniquitatem
870 4775 1126 4831 hominis
1139 4775 1332 4831 odisse
1349 4775 1567 4830 bonum
1581 4780 1688 4842 est,
1706 4775 2030 4832 fraternita-

376 4869 493 4920 tem
521 4883 656 4922 vero
697 4869 916 4922 natura:
945 4865 1159 4932 odisse,
1202 4863 1585 4919 homicidium
1617 4868 1724 4920 est.
1757 4865 2027 4933 Proinde,

378 4953 605 5020 fratres,
644 4971 860 5028 magna
885 4953 1156 5010 discretio
1179 4952 1275 5008 hic
1298 4952 1568 5008 habenda
1589 4957 1698 5024 est,
1717 4958 1782 5008 ut
1811 4953 2030 5010 scilicet

375 5041 459 5098 ita
487 5041 619 5099 odio
650 5043 978 5099 habeamus
1007 5043 1262 5099 hominis
1295 5042 1521 5110 vitium,
1549 5044 1704 5113 quod
1728 5060 1841 5099 non
1865 5048 2030 5100 natu-

375 5146 526 5197 ram,
544 5134 600 5186 et
620 5130 702 5188 ita
719 5131 1036 5204 diligamus
1053 5131 1311 5188 hominis
1325 5137 1618 5199 naturam,
1644 5134 1799 5203 quod
1821 5131 2026 5190 vitium

376 5219 506 5290 ejus
537 5219 670 5276 odio
697 5217 1039 5276 habeamus.
1089 5222 1251 5284 Quod
1293 5224 1494 5276 contra
1527 5219 1656 5276 illos
1687 5225 1777 5277 est
1807 5222 1908 5294 qui
1937 5222 2026 5279 vel

374 5311 611 5380 propter
621 5308 938 5365 amicitiam
955 5309 1208 5365 hominis
1227 5309 1600 5365 consentiunt
1612 5311 1740 5381 ejus
1751 5310 1924 5374 vitiis.
1939 5311 2026 5368 vel

375 5400 611 5470 propter
638 5397 1010 5455 inimicitiam
1052 5397 1326 5454 vitiorum
1360 5398 1490 5454 odio
1521 5397 1741 5455 habent
1769 5399 2028 5459 hominis

383 5637 392 5646 -
446 5575 558 5727 ea

2137 4615 2239 4652 rus
2253 4601 2342 4653 est
2354 4597 2612 4652 animam
2629 4597 2826 4653 suam?
2839 4598 2901 4652 In
2915 4597 3026 4653 hoc
3039 4600 3195 4654 enim
3209 4615 3344 4655 vera
3357 4599 3800 4658 dilectioafalsa

2139 4686 2388 4742 discerni
2399 4686 2795 4758 lur,quoniam
2811 4687 3180 4743 veradilectio
3193 4705 3307 4744 non
3323 4692 3514 4760 potest
3527 4689 3797 4746 claudere

2135 4777 2359 4832 viscera
2373 4776 2631 4848 pietatis,
2647 4777 2744 4832 sed
2771 4776 2927 4848 quod
2940 4780 3131 4848 potest
3143 4783 3435 4850 operatur.
3453 4778 3515 4834 Si
3538 4779 3796 4835 multum

2137 4865 2332 4934 habet,
2347 4863 2602 4920 multum
2619 4865 2852 4937 praebet.
2871 4865 2931 4922 Si
2945 4867 3242 4922 modicum
3256 4867 3432 4922 etiam
3445 4867 3592 4924 illud
3607 4867 3796 4925 liben-

2137 4960 2226 5011 ter
2246 4954 2864 5026 impertitur.Sitienti,
2897 4955 2947 5011 si
2981 4954 3174 5023 habet,
3206 4955 3407 5011 vinum
3433 4957 3720 5030 porrigit;
3749 4956 3796 5013 si

2137 5042 2668 5112 nonhabet,datvel
2693 5061 2908 5116 aquam
2927 5044 3365 5109 oalidam.Quod
3382 5046 3428 5100 si
3443 5046 3794 5120 caretlignis

2137 5133 2353 5205 quibus
2382 5149 2512 5188 eam
2535 5133 2856 5199 calefaciat,
2885 5134 2984 5190 det
3010 5133 3098 5190 vel
3120 5133 3390 5208 frigidam
3413 5151 3661 5207 aquam.
3683 5135 3794 5192 Nec

2135 5221 2366 5278 amittet
2393 5223 2722 5278 mercedem
2773 5239 2942 5278 suam
2983 5222 3212 5280 dicente
3242 5224 3490 5280 Domino
3518 5243 3530 5279 :
3565 5224 3635 5279 Si
3675 5226 3796 5299 quis

2135 5311 2342 5368 dederit
2383 5313 2444 5366 in
2487 5313 2710 5367 nomine
2751 5327 2872 5367 meo
2917 5312 3146 5368 calicem
3190 5327 3352 5385 aqua:
3377 5313 3635 5384 frigidae,
3691 5331 3795 5370 nos

2131 5400 2318 5472 perdet
2362 5399 2663 5458 mercedem
2705 5416 2864 5457 suam
2909 5400 3124 5474 (Matth.
3159 5418 3225 5469 x;
3276 5405 3451 5458 Marc.
3482 5403 3590 5474 Ix.)
3637 5403 3795 5468 Quod

590 5576 760 5652 apud
788 5574 956 5652 ,Ιοίιξιἔ
987 5573 1098 5652 leg.
1125 5573 1578 5652 utadimpleatur
1597 5594 1776 5652 sermo
1802 5581 1898 5652 qui
1930 5582 1989 5635 in
2016 5580 2346 5652 lcgeieoruin
2378 5581 2614 5652 scriptus
2639 5587 2736 5651 cst,
2771 5585 2878 5637 etc.

469 5642 560 5720 54)
590 5642 660 5703 Ξῖ
683 5645 853 5719 Greg.
885 5642 1108 5720 Dialog.
1141 5643 1242 5701 lib.
1277 5642 1375 5714 1n,—
1395 5661 1520 5718 cap.
1553 5648 1643 5714 47,
1673 5642 1822 5706 ἰοωῖ
1854 5642 2093 5707 LXXVIl
2125 5649 2483 5724 Patrologie.
