3974 6076
193 289 220 354 Ι
231 291 348 358 969

828 293 1182 357 HOMILIJE
1221 294 1301 356 IN
1345 294 1596 358 EPIST.
1641 293 1744 356 ET
1785 291 2074 356 EVANG.
2120 293 2470 358 DOMINIC.
2501 297 2806 360 --PARS
2851 297 2928 360 Ῑῐ.

3432 299 3591 364 19⁸1⁸0

187 427 240 486 si
271 427 404 501 plus
435 443 549 486 non
572 428 896 501 potest,det
915 427 1123 485 saltem
1143 427 1727 497 consolationem,det
1745 427 1832 484 vel
1863 428 1916 498 Α
1947 443 2074 499 quae
2105 426 2444 486 indeﬁciens
2473 431 2583 487 erit
2628 435 2687 489 et
2728 447 2880 490 vera.
2914 431 3062 500 Quia
3111 449 3249 509 ergo
3289 433 3464 496 homo
3494 439 3591 496 hie

189 515 654 591 compassionem
685 522 743 575 et
773 519 1113 585 orationem,
1138 522 1196 574 et
1226 519 1437 574 bonam
1459 517 1838 583 voluntatem,

186 625 320 680 qua:
355 605 490 679 plus
517 607 834 680 nequeunti
866 608 1106 664 sufﬁcit.
1129 606 1422 678 Scriptum
1445 611 1534 663 est
1561 606 1716 663 enim
1743 608 1841 662 :Et

193 700 254 754 in
284 705 431 753 terra
457 714 575 769 pax
601 697 916 753 hominibus
948 698 1105 754 bona:
1133 697 1426 762 voluntatis
1455 697 1606 764 (Luc.
1625 698 1708 764 11).
1742 694 1838 750 Di-

183 785 356 844 lectio
413 803 546 842 vero
596 784 744 842 falsa
790 789 898 852 est,
933 803 1080 858 quaz,
1124 803 1257 841 cum
1315 785 1501 857 possit
1556 783 1838 840 auxilium

185 876 358 943 ferre,
383 873 738 943 dissimulat,
774 879 832 932 et
860 893 974 930 non
1015 892 1206 948 opere,
1239 875 1340 931 sed
1390 873 1530 930 solis
1559 873 1750 929 verbis
1782 877 1840 928 et

183 963 506 1038 praemissis
537 968 714 1020 amat.
747 967 792 1020 A
843 981 961 1037 qua
1007 981 1113 1021 nos
1145 965 1484 1022 dehortatur
1523 962 1837 1036 Apostolus

181 1055 444 1111 subdens
479 1070 491 1110 :
525 1055 721 1110 Filz‘oli
768 1056 900 1122 mei,
929 1071 1039 1111 non
1092 1055 1392 1126 diligamus
1447 1056 1627 1118 verbo,
1668 1069 1840 1125 neque

182 1144 400 1216 lingua,
433 1142 526 1199 sed
555 1160 710 1216 opere
757 1152 809 1200 et
849 1146 1099 1213 veritate,
1130 1144 1185 1199 id
1239 1147 1330 1200 est
1376 1161 1491 1200 non
1522 1142 1838 1216 diligamus

175 1233 355 1290 verbo
377 1231 590 1300 solo,ut
608 1232 845 1305 quidam
875 1232 1246 1290 simulatores
1269 1232 1628 1300 faciunt,sed
1661 1232 1837 1287 etiam

177 1339 372 1396 opere.
406 1323 522 1378 Nec
555 1321 874 1396 diligamus
905 1321 1177 1396 linguosa
1221 1325 1276 1378 et
1317 1321 1533 1378 blanda
1579 1321 1834 1392 ﬁctione,

175 1412 281 1469 sed
331 1411 524 1468 cordis
571 1411 833 1467 veritate.
865 1412 983 1467 Nos
1037 1410 1253 1483 itaque,
1291 1411 1498 1467 fratres
1542 1412 1677 1481 mei,
1720 1427 1834 1465 non

172 1502 397 1569 ﬁctam,
446 1501 548 1558 sed
603 1517 800 1556 veram
858 1500 1182 1556 habeamus
1229 1499 1620 1557 dilectionem.
1673 1500 1832 1565 Quod

172 1590 380 1662 utique
411 1589 538 1656 erit,
565 1589 614 1643 si
639 1589 826 1646 Deum
859 1588 1051 1646 solum
1088 1589 1146 1643 in
1181 1589 1442 1660 proximo
1463 1588 1702 1660 diligere
1732 1605 1837 1647 no.-

169 1677 453 1750 verimus,
473 1677 525 1734 si
556 1681 766 1734 nostrae
799 1677 1133 1746 dilectionis
1153 1682 1210 1734 et
1228 1677 1420 1750 operis
1443 1677 1634 1734 solum
1652 1678 1836 1734 Deum

172 1784 418 1826 causam
451 1766 855 1833 statuerimus,
888 1767 939 1822 si
971 1784 1086 1823 non
1119 1767 1193 1822 ab
1223 1766 1478 1835 homine,
1515 1768 1617 1823 sed
1649 1784 1682 1822 a
1713 1767 1836 1823 solo

169 1857 294 1916 Deo
315 1857 847 1914 remunerationem
871 1856 1480 1930 exspectaverimus,si
1507 1873 1622 1912 non
1646 1855 1834 1912 homi-

170 1947 374 2014 nibus,
400 1947 500 2002 sed
521 1945 626 2002 soli
650 1951 764 2002 Deo
787 1945 846 2000 in
868 1946 1147 2002 omnibus
1166 1944 1392 2018 placere
1429 1945 1834 2017 quaesierimus

170 2035 227 2092 si
252 2052 368 2092 non
399 2034 458 2090 in
489 2039 664 2101 terra,
698 2035 800 2090 sed
833 2034 894 2088 in
926 2032 1068 2090 caalo
1097 2033 1494 2090 thesaurizare
1528 2035 1832 2090 certaveri-

169 2141 332 2192 mus,
347 2127 658 2198 praestante
689 2123 806 2179 Deo
837 2126 892 2179 et
913 2123 1160 2180 Domino
1193 2123 1530 2196 nostro,qui
1562 2123 1621 2178 in
1654 2122 1838 2179 Trini-

166 2217 296 2272 tate
330 2212 583 2287 perfecta
601 2211 741 2268 vivit
771 2216 827 2269 et
849 2216 1054 2286 regnat
1083 2212 1259 2279 Deus,
1283 2228 1386 2286 per
1405 2212 1606 2269 omnia
1625 2212 1837 2268 saecula

180 2301 553 2360 saeculorum.
584 2303 787 2360 Amen.

779 2408 1087 2465 HOMILIA
1124 2408 1248 2464 VII.

447 2497 724 2538 DOMINICA
761 2497 1019 2537 SECUNDA
1057 2497 1196 2536 POST
1233 2494 1593 2536 TRINITATEM.

243 2573 416 2628 Dixit
442 2573 593 2628 Jesus
621 2571 906 2644 discipulis
933 2572 1050 2626 suis
1085 2569 1407 2642 parabolam
1449 2571 1594 2625 hanc
1625 2587 1642 2625 :
1673 2571 1839 2626 Homo

177 2661 411 2736 quidam
438 2662 567 2734 fecit
589 2677 796 2716 caenam
823 2677 1103 2731 magnam,
1136 2667 1187 2715 et
1215 2661 1422 2716 vocavit
1466 2659 1664 2714 multos
1687 2660 1836 2730 (Luc.

177 2753 323 2820 xiv).
358 2750 420 2806 In
479 2749 589 2806 hac
639 2749 934 2822 parabole,
971 2751 1178 2806 fratres
1227 2748 1582 2816 charissimi,
1617 2751 1839 2820 septem

179 2839 703 2896 animadvertenda
759 2843 943 2894 sunt:
977 2837 1323 2912 praeparatio
1371 2854 1588 2910 magna
1643 2853 1838 2899 ciente,

179 2925 509 2984 multorum
541 2927 913 2996 invitatio,ad
936 2944 1160 2983 cumam
1191 2927 1431 2994 vocatio,
1449 2927 1842 2999 quorumdam

177 3015 500 3086 excusatio,
537 3015 782 3072 aliorum
816 3014 1444 3080 introductio,aliorum
1476 3013 1651 3070 etiam
1685 3031 1842 3070 com-

181 3105 818 3180 pulsio,excusantium
843 3109 1057 3162 aeterna
1089 3103 1596 3160 conclusio.Porro
1628 3116 1844 3175 praepa‘

1946 515 2199 573 maxime
2226 518 2544 576 delectatur
2571 521 2628 576 in
2654 521 2961 595 splendida
2991 541 3172 594 ccena,
3189 524 3318 583 ideo
3345 544 3591 602 regnum

1947 605 2321 675 coelorum,in
2349 625 2462 681 quo
2485 627 2600 667 non
2631 612 2741 668 erit
2769 630 3004 670 necesse
3029 616 3404 684 manducare,
3423 633 3591 675 νοσα-

1946 697 2043 750 tur
2092 695 2185 752 hic
2229 713 2406 766 coena,
2439 700 2718 772 quoniam
2767 701 2846 758 ibi
2896 703 3082 759 sancti
3131 708 3264 776 post
3288 722 3592 778 vesperam

1945 783 2122 856 hujus
2162 789 2391 859 mundi,
2423 793 2636 846 aeterna
2687 792 3022 848 reﬁcientur
3065 793 3346 851 satietate.
3379 795 3594 870 Magna

1943 890 2077 930 vero
2109 875 2342 944 dicitur,
2377 877 2515 949 quia
2543 880 2654 935 erit
2682 880 2982 937 sufficiens
3011 885 3069 938 et
3097 885 3595 955 numerositati,et

1946 963 2251 1035 capacitati
2282 965 2706 1026 universorum.
2740 970 3007 1026 Invitatio
3035 989 3168 1028 vero
3200 974 3274 1028 ad
3304 973 3454 1030 hanc
3483 993 3594 1032 caa-

1949 1068 2085 1107 nam
2130 1053 2195 1107 ﬁt
2241 1057 2476 1125 quando
2523 1057 2697 1114 homo
2745 1060 2818 1113 ad
2873 1061 3048 1116 ﬁnem
3079 1062 3317 1118 accedit.
3351 1066 3592 1131 Quando

1946 1141 2126 1208 enim,
2158 1142 2386 1211 fratres,
2421 1146 2494 1200 ad
2541 1146 2716 1202 ﬁdem
2765 1152 2824 1203 et
2870 1149 2942 1204 ad
2973 1156 3342 1208 sacramenta
3369 1155 3593 1210 accedi-

1947 1247 2100 1299 mus,
2114 1234 2254 1288 tunc
2281 1233 2451 1290 nobis
2481 1235 2859 1306 promittitur.
2879 1239 3041 1303 Quod
3072 1239 3120 1296 si
3162 1239 3224 1295 in
3253 1241 3368 1297 ﬁde
3395 1257 3592 1315 perse-

1945 1321 2362 1386 veraverimus,
2396 1322 2557 1379 illius
2605 1327 2830 1381 aeternae
2870 1326 3254 1384 beatitudtnis
3284 1330 3596 1403 participes

1947 1407 2368 1478 erimus.Ecce,
2393 1411 2625 1483 fratres,
2645 1430 2848 1470 omnes
2877 1417 2949 1470 ad
2981 1415 3140 1472 illam
3171 1421 3447 1474 aeternam
3487 1437 3594 1476 caa-

1946 1513 2084 1552 nam
2114 1496 2338 1553 invitati
2373 1502 2697 1557 sumus.Ad
2721 1502 2882 1559 illam
2913 1520 3049 1576 ergo
3079 1506 3194 1560 ﬁde
3220 1511 3278 1562 et
3307 1507 3595 1564 desiderio
3654 1576 3658 1580 δ

1946 1586 2278 1654 tendamus,
2314 1591 2371 1642 et
2407 1589 2683 1662 operibus
2731 1609 2838 1648 nos
2879 1593 3087 1665 dignos
3135 1595 3480 1653 efﬁciamus.
3516 1597 3596 1654 Ad

1946 1673 2150 1729 horam
2207 1692 2340 1731 VCI‘O
2387 1693 2562 1733 ΟΠΞηῶ
2610 1697 2713 1751 per
2755 1697 2986 1736 servum
3032 1699 3329 1752 vocamur,
3362 1687 3595 1758 quando

1946 1779 2048 1834 per
2077 1765 2520 1836 praedicatorum
2548 1769 2810 1826 ordinem
2844 1787 3155 1828 monemur
3191 1777 3256 1828 ut
3296 1775 3491 1830 venire
3521 1777 3596 1831 ad

1944 1856 2220 1909 aeternam
2270 1855 2693 1913 beatitudinem
2753 1860 3117 1917 festinemus.
3163 1863 3328 1931 Ecce,
3364 1865 3596 1935 fratres,

1943 1942 2068 2014 ipse
2095 1943 2195 2015 qui
2229 1943 2456 2016 loquor,
2477 1945 2908 2020 qualiscunque
2938 1967 3240 2018 sum,sum
3272 1968 3474 2008 servus
3497 1951 3597 2026 qui

1942 2048 2045 2088 vos
2068 2049 2207 2088 voco
2237 2035 2310 2088 ad
2342 2034 2544 2091 horam
2575 2042 2940 2095 ccenae.Hora
2959 2039 3117 2096 enim
3139 2058 3314 2097 coenae
3329 2043 3457 2114 jam
3489 2043 3600 2100 erit

1943 2119 2004 2176 in
2030 2121 2145 2178 ﬁne
2165 2122 2496 2192 mundi,vel
2527 2126 2702 2182 etiam
2735 2126 2796 2182 in
2826 2128 2942 2186 ﬁne
2961 2129 3598 2204 uniuscujusque.Cum

1945 2210 2100 2266 enim
2129 2213 2201 2268 de
2231 2211 2340 2268 hoc
2370 2213 2581 2270 saeculo
2615 2215 2956 2286 eximus,ad
2986 2218 3150 2274 illam
3181 2224 3458 2277 aeternam
3491 2237 3600 2278 cce-

1945 2317 2104 2368 nam,
2140 2301 2190 2356 si
2221 2301 2382 2374 digni
2414 2320 2644 2375 sumus,
2675 2304 2987 2363 intramus.
3021 2308 3216 2364 Clamo
3261 2309 3461 2377 etiam,
3485 2312 3598 2368 fra-

1943 2391 2086 2458 tres,
2116 2387 2302 2446 clamo
2325 2391 2491 2448 vobis
2525 2409 2537 2448 :
2573 2393 2898 2466 Praeparate
2948 2397 3112 2453 vobis
3161 2415 3339 2471 quam
3383 2398 3496 2455 cito
3526 2401 3600 2457 ad

1945 2480 2396 2548 mternam,dum
2425 2481 2778 2553 potestis,ne
2809 2485 2954 2542 forte
2981 2490 3122 2541 tunc
3152 2486 3445 2560 incipiatis
3458 2489 3603 2546 velle

1941 2583 2080 2646 cum
2113 2584 2226 2622 non
2263 2569 2547 2640 poteritis.
2572 2571 2820 2628 ‘Abluite
2871 2589 2973 2646 per
3017 2575 3421 2646 pmnitentiam
3463 2593 3601 2634 con-

1949 2656 2277 2713 scientiam.
2333 2659 2563 2715 lnduite
2609 2678 2712 2717 vos
2760 2662 3009 2735 nuptiali
3036 2669 3193 2720 veste
3225 2681 3238 2720 :
3273 2666 3398 2722 Sint
3427 2667 3605 2724 lumbi

1949 2748 2114 2800 vestri
2129 2749 2498 2818 praecinctum
2514 2749 2755 2806 lucernae
2783 2751 3035 2808 ardentes
3055 2754 3116 2808 in
3134 2756 3392 2810 manibus
3412 2756 3602 2812 vestris

1952 2834 2100 2904 (Luc.
2129 2835 2251 2906 ΧΠ).
2281 2835 2426 2890 Nam
2457 2835 2566 2891 soli
2598 2837 2745 2895 tales
2793 2840 2865 2894 ad
2915 2857 3140 2898 cumam
3185 2843 3598 2900 admittuntur.

1951 2922 2060 2978 Sed
2103 2939 2254 2992 ecce,
2281 2923 2509 2992 fratres,
2542 2924 2640 2980 alii
2671 2933 2952 2984 vocantur
2977 2935 3034 2986 et
3063 2931 3458 2988 consentiunt.
3493 2931 3603 2988 Alii

1949 3015 2229 3068 vocantur
2257 3016 2314 3068 et
2343 3013 2519 3069 etiam
2549 3016 2999 3088 compelluntur.
3022 3019 3269 3084 Quidam
3317 3019 3498 3093 igitur
3538 3036 3602 3078 se

1952 3105 2252 3168 excusant,
2285 3119 2536 3174 quorum
2579 3109 2716 3160 sunt
2767 3106 2881 3162 tria
2925 3123 3140 3180 genera
3174 3126 3186 3165 :
3220 3109 3380 3166 Alius
3410 3109 3552 3165 dicit
3582 3124 3596 3166 :

177 3174 332 3254 ratio
360 3213 584 3270 magnae
607 3212 780 3251 cmnze
808 3199 899 3251 est
923 3199 1148 3251 aeterna;
1170 3193 1550 3250 beatitudinis
1571 3211 1606 3248 a
1625 3174 1835 3248 consti-
1862 3174 1905 3242 C
1949 3191 2152 3246 Villam
2199 3193 2328 3257 emi,
2351 3199 2402 3247 et
2445 3209 2657 3249 necesse
2704 3195 2871 3252 habeo
2917 3174 3070 3253 Exire
3114 3207 3166 3254 et
3193 3197 3376 3254 videre
3401 3199 3581 3256 illam.

176 3284 409 3342 tutione
438 3283 642 3340 mundi
675 3283 1104 3356 praeordinatio.
1135 3284 1266 3338 Haec
1297 3286 1492 3338 autem
1531 3281 1831 3338 beatitudo

175 3371 386 3430 multis
416 3377 653 3430 vocatur
675 3371 1299 3428 nominibus.Vocatur
1326 3375 1520 3427 autem
1552 3371 1648 3426 hic
1670 3387 1834 3426 omna

175 3478 415 3535 magna,
436 3461 576 3518 alibi
605 3479 852 3536 regnum
883 3461 1326 3530 ccelorum,alibi
1350 3460 1542 3534 patria
1561 3459 1831 3528 caelestis,

174 3551 319 3608 alibi
347 3551 628 3624 gaudium
645 3555 948 3620 zeternum,
965 3549 1105 3606 alibi
1134 3550 1382 3622 requies,
1398 3554 1454 3604 et
1470 3547 1832 3619 hujusmodi.

176 3641 254 3698 Et
282 3657 460 3714 quare
490 3639 599 3696 hoc
620 3639 647 3694 ‘I
680 3638 965 3706 Quoniam
998 3656 1133 3696 cum
1164 3639 1463 3695 beatitudo
1494 3636 1742 3694 caelestis
1762 3636 1839 3691 sit

177 3734 347 3786 tanta
375 3732 432 3785 et
461 3729 614 3796 talis,
651 3745 822 3801 quam
858 3745 956 3784 nec
987 3729 1172 3785 oculus
1203 3727 1358 3792 vidit,
1373 3743 1470 3783 nec
1498 3729 1653 3782 auris
1685 3725 1838 3781 audi-

180 3822 284 3887 vit,
317 3835 417 3875 nec
447 3820 507 3875 in
536 3835 627 3876 cor
649 3820 888 3875 hominis
918 3818 1161 3876 ascendit
1200 3819 1354 3886 (lsa-i.
1390 3819 1590 3884 uiv;1
1609 3816 1728 3872 Cor.
1749 3817 1835 3883 II),

185 3907 489 3979 etc.,sicut
518 3907 816 3964 humanus
850 3908 1085 3964 animus
1107 3925 1221 3962 non
1253 3910 1443 3979 potest
1471 3923 1598 3961 eam
1629 3901 1841 3960 intelli-

187 4014 344 4073 gere,
378 3996 460 4054 ita
491 4013 596 4053 nec
622 3996 883 4052 humana
910 3997 1089 4052 verba
1117 4012 1242 4052 eam
1278 3998 1526 4067 possunt
1555 3993 1844 4065 signiﬁca-

192 4085 459 4142 re.Sicut
496 4085 650 4140 enim
703 4084 1095 4158 magnitudini
1138 4083 1218 4138 rei
1257 4082 1589 4138 succumbit
1617 4080 1841 4136 intelle-

193 4173 434 4241 ctus,ita
453 4189 577 4228 rem
601 4177 666 4227 ut
685 4177 795 4243 est,
809 4174 982 4228 verba
1009 4189 1124 4228 non
1149 4171 1458 4243 explicant.
1483 4170 1629 4235 Quia
1647 4173 1842 4224 tamen

195 4278 432 4319 necesse
461 4265 585 4317 erat
613 4261 784 4317 nobis
805 4277 931 4317 eam
956 4266 1252 4332 utcunque
1268 4259 1717 4332 signiﬁcari,nec
1738 4273 1845 4313 nos

198 4350 468 4406 homines
499 4355 854 4422 poteramus,
886 4350 998 4406 nisi
1032 4367 1134 4421 per
1157 4349 1416 4405 humana
1445 4348 1618 4402 verba
1653 4350 1712 4402 et
1751 4345 1842 4400 in—

198 4437 461 4510 telligere
494 4444 550 4493 et
579 4438 718 4508 fari;
751 4438 1090 4495 nominatur
1115 4439 1316 4494 eadem
1341 4435 1637 4492 beatitudo
1658 4433 1846 4490 nomi-

1941 3278 2060 3346 Ille,
2086 3279 2292 3335 fratres
2313 3281 2450 3349 mei,
2482 3281 2677 3338 villam
2699 3285 2860 3353 emit,
2893 3286 2995 3357 qui
3015 3287 3351 3359 superbiam
3395 3287 3582 3344 domi-

1940 3367 2193 3423 nationis
2209 3385 2310 3440 per
2329 3369 2661 3441 superbiam
2681 3371 2791 3428 sibi
2805 3374 3250 3445 acquirit.Tales
3263 3375 3588 3433 sunthodie

1941 3456 2119 3530 (unde
2166 3457 2353 3530 magis
2405 3458 2720 3516 dolendum
2751 3465 2860 3531 est)
2891 3463 3060 3518 multi
3101 3464 3224 3536 qui,
3254 3467 3590 3537 contempta

1943 3550 2158 3602 aeterna
2187 3563 2370 3620 omne,
2385 3547 2634 3604 honores
2663 3553 2720 3604 et
2747 3550 3062 3623 dignitates
3093 3553 3202 3609 sibi
3233 3558 3459 3620 emunt,
3472 3567 3590 3610 non

1944 3633 2136 3689 solum
2168 3650 2270 3706 pro
2300 3634 2383 3690 eis
2409 3635 2747 3694 hominibus
2779 3641 3032 3710 pretium
3079 3643 3594 3698 dantes.nummo—

1945 3724 2206 3788 rum,sed
2235 3724 2409 3780 etiam
2441 3743 2547 3796 pro
2578 3727 2662 3782 eis
2692 3729 2922 3785 animas
2955 3747 3092 3786 suas
3123 3731 3352 3788 diabolo
3371 3749 3592 3788 venun-

1947 3813 2172 3868 dantes.
2191 3813 2515 3885 Heu,quam
2541 3817 2797 3887 pessima
2813 3819 3218 3877 commutatio!
3239 3820 3387 3885 Quid
3404 3821 3596 3878 dicam

1948 3918 2126 3972 super
2145 3901 2238 3957 his
2263 3903 2362 3974 qui
2394 3903 2572 3958 etiam
2604 3905 2829 3963 facinus
2862 3908 2922 3962 in
2953 3914 3157 3965 sancta
3204 3909 3462 3966 Ecclesia
3509 3910 3595 3965 fa-

1949 4007 2075 4045 cere
2107 4007 2221 4045 non
2253 3993 2644 4048 erubescunt?
2675 3995 2778 4060 Qui
2811 3997 3597 4070 ordines,quiecclesias,qui

1950 4078 2478 4134 ecclesiasticorum
2501 4081 2694 4137 ofﬁcia
2713 4091 3212 4142 sacramentorum
3227 4087 3490 4142 vendunt
3506 4085 3596 4142 vel

1953 4167 2193 4223 emunt?
2226 4168 2395 4224 Porro
2426 4185 2561 4224 cum
2611 4187 2727 4242 quo
2757 4176 2896 4228 sunt
2941 4173 3002 4228 hi
3051 4176 3454 4247 computandi,
3483 4174 3598 4232 nisi

1953 4272 2086 4312 cum
2112 4255 2266 4310 Juda
2293 4260 2348 4311 et
2374 4257 2593 4314 Judaeis
2624 4259 2723 4332 qui
2771 4261 3067 4318 Christum
3109 4264 3498 4320 vendiderunt
3544 4268 3602 4320 et

1953 4344 2257 4402 emerunt?
2287 4363 2534 4417 quorum
2567 4350 2814 4418 pecunia
2842 4368 2977 4407 cum
3007 4352 3092 4408 eis
3111 4353 3220 4408 erit
3249 4353 3308 4408 in
3330 4352 3601 4426 perditio-

1955 4450 2111 4502 nem,
2135 4438 2201 4489 ut
2233 4434 2434 4490 Petrus
2483 4436 2675 4508 inquit
2721 4440 2792 4494 ad
2842 4439 3139 4497 Simonem
3184 4443 3420 4514 Magum
3451 4445 3600 4512 (Act.

197 4529 376 4586 nibus
409 4526 930 4594 multis,mutuatis
961 4527 1454 4600 etimpropriis,et
1469 4523 1848 4597 temporalem
1885 4543 1929 4607 Β
1959 4524 2102 4590 vm).
2133 4522 2198 4576 lli
2253 4528 2448 4579 autem
2507 4541 2743 4583 necesse
2790 4529 3008 4586 habent
3053 4530 3207 4586 exire
3237 4531 3310 4586 ab
3356 4529 3604 4603 inquisi-

197 4617 674 4690 signiﬁcantibus
689 4615 1067 4690 voluptatem.
1083 4615 1283 4672 Multis
1300 4619 1496 4670 autem
1516 4612 1855 4668 nominibus

196 4705 326 4762 ideo
358 4705 744 4779 signiﬁcatur,
769 4709 836 4760 ut
865 4705 1189 4778 proprietas
1221 4708 1444 4760 aeternae
1476 4698 1854 4758 beatitudinis

198 4812 325 4867 qua:
359 4813 474 4858 non
506 4794 875 4868 signiﬁcatur
907 4793 1141 4850 nemine
1173 4810 1289 4848 uno
1329 4791 1692 4864 signiﬁcetur
1721 4788 1852 4844 alio.

199 4883 262 4942 Si
315 4883 470 4939 enim
521 4900 636 4940 uno
692 4884 928 4940 nomine
973 4887 1174 4955 posset
1220 4880 1478 4954 plenarie
1515 4875 1855 4952 signiﬁcari,

185 4990 316 5044 “non
353 4990 590 5030 necesse
616 4977 770 5029 esset
796 4989 924 5028 eam
956 4971 1158 5027 multis
1180 4969 1519 5026 nominibus
1541 4965 1856 5038 designari.

199 5062 524 5130 Mutuatis;
553 5062 694 5133 quia
723 5061 922 5118 omnia
953 5061 1067 5116 ista
1087 5057 1858 5126 nomina,beatitudo,ccnna,

1962 4611 2120 4666 tione
2151 4615 2207 4666 et
2235 4628 2432 4669 amore
2462 4614 2854 4686 spiritualium
2887 4618 3268 4690 bonorum,et
3295 4620 3489 4676 videre
3505 4636 3609 4692 per

1962 4712 2220 4755 amorem
2271 4699 2442 4756 vilem
2491 4708 2820 4775 emptarum
2871 4707 3245 4779 dignitatum,
3277 4713 3439 4765 extra
3485 4709 3607 4777 alti,

1963 4785 2123 4842 intus
2171 4787 2396 4859 dcjecti,
2425 4794 2586 4846 extra
2642 4792 2804 4864 clari,
2836 4794 2998 4851 intus
3045 4797 3359 4854 tenebrosi.
3393 4798 3472 4854 De
3518 4797 3613 4854 his

1967 4875 2252 4947 scriptum
2304 4882 2393 4932 est
2447 4895 2460 4932 :
2511 4883 2830 4950 llaereditas,
2889 4883 2962 4939 ad
3006 4901 3170 4956 quam
3223 4889 3522 4959 festinatur
3552 4889 3615 4944 in

1962 4967 2258 5038 principio,
2277 4968 2638 5026 benedictione
2665 4973 2869 5028 carebit
2897 4976 2957 5029 in
2984 4966 3613 5049 novissimoYProva).

1967 5053 2131 5110 Alius
2188 5055 2334 5110 dixit
2367 5073 2380 5111 :
2413 5061 2560 5128 Juga
2618 5061 2778 5116 boum
2829 5064 2940 5118 emi
2993 5065 3252 5136 quinque,
3281 5075 3334 5122 et
3385 5083 3445 5122 eo
3487 5083 3616 5139 pro-

199 5167 445 5224 regnum
485 5149 788 5220 ccelorum,
819 5151 1008 5224 patria
1043 5147 1315 5214 caelestis,
1341 5151 1397 5203 et
1420 5143 1758 5217 hujusmodi
1793 5143 1866 5197 de

203 5238 629 5312 temporalibus
662 5240 733 5294 ad
765 5245 980 5295 aeterna
1004 5237 1288 5294 translata
1314 5239 1612 5303 sunt,cum
1630 5248 1864 5303 compa-

201 5328 349 5384 ratio
384 5327 804 5400 temporalium
836 5330 906 5383 ad
940 5332 1153 5384 aeterna
1187 5325 1350 5381 nulla
1379 5325 1473 5380 sit.
1495 5319 1864 5404 Impropriis;

203 5417 343 5488 quia
376 5416 456 5470 rei
479 5416 785 5471 veritatem
811 5434 930 5471 non
957 5414 1424 5488 exprimunt,sed
1450 5418 1746 5482 utcunque
1769 5425 1872 5481 per

203 5503 656 5561 similitudinem
677 5504 950 5561 innuunt.
971 5503 1380 5578 Temporalem
1403 5497 1873 5574 significantibus

203 5592 594 5665 voluptatem,
629 5597 694 5648 ut
725 5611 826 5666 per
855 5595 1205 5666 temporales
1240 5593 1566 5664 volt'plalcs
1593 5607 1718 5660 quae
1750 5587 1877 5642 bre-

201 5701 300 5742 ves
343 5686 482 5740 sunt
511 5687 568 5740 et
595 5699 754 5740 vanaa
804 5683 1170 5756 significetur
1201 5681 1300 5738 illa
1333 5686 1552 5737 azterna
1583 5677 1871 5749 voluptas,

1973 5143 2103 5198 bare
2137 5145 2254 5198 illa.
2293 5145 2396 5200 Per
2424 5147 2681 5219 quinque
2703 5151 2852 5222 juga
2882 5151 3078 5219 boum,
3114 5170 3242 5225 qua:
3286 5154 3621 5212 combinata

1974 5235 2134 5298 sunt,
2168 5232 2574 5304 signiﬁcantur
2619 5238 2880 5310 quinque
2935 5257 3144 5298 sensus
3202 5243 3482 5318 corporis,
3519 5243 3622 5316 qui

1977 5319 2247 5376 similiter
2275 5320 2333 5377 in
2369 5326 2650 5382 membris
2698 5328 3012 5384 combiizati
3062 5335 3219 5387 sunt.
3255 5333 3418 5389 Sicut
3465 5331 3624 5387 enim

1969 5409 2118 5481 juga
2146 5409 2323 5468 boum
2373 5413 2572 5469 colunt
2619 5421 2675 5471 et
2721 5422 2928 5473 curant
2971 5420 3030 5489 [f.
3064 5424 3253 5489 arant]
3277 5426 3516 5488 terram,
3547 5420 3630 5474 ita

1979 5497 2238 5569 quinque
2269 5518 2480 5558 sensus
2510 5505 2767 5574 corporis
2799 5507 2999 5563 colunt
3040 5513 3096 5564 et
3125 5514 3338 5566 curant
3379 5511 3630 5563 terrena.

1979 5587 2130 5658 Juga
2161 5589 2338 5647 boum
2371 5592 2514 5646 emit
2543 5592 2644 5664 qui
2674 5597 2858 5664 pretio
2889 5597 3096 5651 anima:
3129 5612 3254 5651 suae
3271 5599 3396 5653 sola
3411 5599 3640 5664 tempo—

1981 5675 2145 5746 ralia,
2179 5679 2444 5756 quinque
2478 5681 2748 5738 sensibus
2775 5685 3062 5754 subjecta,
3095 5685 3353 5754 acquirit
3379 5686 3436 5739 et
3479 5680 3646 5739 emit»
