3974 6076
364 271 516 339 I971

363 493 586 553 cierum
617 494 948 568 capiuntur,
983 512 1155 553 aures
1186 495 1327 553 solis
1372 497 1687 553 canoribus
1730 512 2015 553 venarum

366 583 753 642 melodiarum
801 584 1182 654 delectantur,
1214 588 1423 659 gustus
1471 603 1678 660 sapore
1724 587 2014 655 vinorum,

365 673 634 733 ciborum
666 677 725 731 et
753 674 1245 731 salsamentorum
1276 675 1591 743 inescatur,
1624 692 1796 731 nares
1825 674 2017 732 suavi-

367 764 488 820 tate
517 763 763 820 odorum
784 763 1218 821 luxuriosorum
1250 764 1614 836 irretiuntur,
1630 770 1823 822 tactus
1849 764 2017 822 luxu-

368 851 542 910 riosis
589 852 952 909 contactibus
1011 853 1351 911 delectatur.
1395 855 1560 911 Unde
1616 855 2022 912 convenienter

368 940 769 1015 subjungitur,
800 950 853 999 et
896 959 957 999 eo
996 945 1233 1015 probare
1262 945 1383 1001 illa.
1414 945 1518 1001 Per
1567 944 1827 1018 quinque
1864 946 2020 1001 enim

371 1046 584 1088 sensus
613 1047 714 1087 rex
738 1032 1050 1089 exteriores
1079 1034 1419 1106 probantur.
1452 1034 1668 1091 Oculus
1699 1033 1855 1091 enim
1889 1052 2021 1108 pro-

372 1120 475 1177 hat
504 1136 633 1193 quae
662 1124 803 1176 sunt
827 1121 1015 1195 magis
1045 1121 1319 1195 pulchra;
1353 1124 1533 1193 auris,
1562 1124 1751 1198 magis
1781 1142 2020 1194 canora;

374 1207 753 1283 naris,magis
775 1209 1101 1284 ﬂagrantia;
1115 1213 1543 1285 gustus,magis
1565 1213 1790 1286 sapida;
1807 1217 2021 1281 tactus,

376 1297 568 1373 magis
592 1297 813 1355 suavia.
844 1301 988 1356 Cum
1019 1304 1213 1356 autem
1242 1304 1365 1357 tam
1395 1301 1505 1358 iste
1536 1319 1714 1375 quam
1761 1304 2027 1376 superior

377 1384 464 1443 ire
494 1386 567 1443 ad
591 1390 866 1444 aternam
898 1405 1122 1445 coenam
1154 1393 1507 1459 contemnat,
1536 1397 1734 1448 tamen
1768 1409 1830 1449 se
1854 1409 2024 1449 excu-

380 1474 501 1532 sari
532 1474 936 1548 rogat,dicens
967 1493 981 1532 :
1014 1478 1157 1547 Rogo
1188 1484 1256 1546 te,
1270 1479 1406 1534 habe
1432 1481 2028 1547 meexcusatquuo-

379 1561 543 1620 niam
571 1562 675 1637 qui
711 1564 1064 1637 temporales
1110 1565 1360 1624 honores
1407 1571 1465 1623 et
1492 1567 1725 1625 divitias
1766 1572 2027 1625 terrenas

382 1650 654 1710 ambiunt
702 1655 762 1709 et
813 1657 1102 1726 quaerunt,
1147 1658 1205 1711 et
1258 1656 1518 1728 pessima
1572 1657 2028 1714 commutatione

380 1744 757 1809 emunt,cum
787 1741 968 1799 nimis
987 1746 1183 1800 amata
1211 1744 1735 1819 derelinquere,vel
1764 1751 2025 1804 contem-
2055 1784 2103 1849 B

383 1847 522 1887 nere
550 1829 756 1898 nolint,
769 1834 966 1888 tamen
998 1848 1033 1888 a
1062 1832 1350 1907 religiosis
1378 1851 1440 1891 se
1470 1835 1624 1908 apud
1657 1836 1839 1892 Deum
1862 1854 2031 1892 excu-

384 1917 504 1976 sari
524 1923 584 1976 et
610 1935 715 1994 pro
746 1935 810 1976 se
838 1920 989 1976 orari
1020 1925 1247 1996 rogant.
1273 1923 1449 1990 Quasi
1499 1925 1695 1980 dicant
1725 1943 1737 1982 :
1771 1925 1886 1982 ista
1915 1943 2028 1982 non

386 2024 631 2083 possum
660 2013 1053 2077 contemnere,
1081 2011 1183 2067 sed
1215 2028 1354 2085 rogo
1386 2016 1443 2070 te
1474 2017 1539 2070 ut
1567 2032 1661 2070 me
1691 2031 1951 2084 excuses,
1976 2019 2034 2071 et

385 2112 518 2156 ores
548 2113 653 2171 pro
682 2113 796 2154 me.
826 2097 951 2155 Vox
988 2098 1224 2172 quidem
1272 2105 1441 2158 sonat
1482 2102 1896 2173 humilitatem,
1930 2105 2031 2161 sed

388 2202 559 2244 mens
587 2185 767 2244 habet
811 2191 1209 2261 contemptum
1242 2194 1300 2246 et
1320 2192 1671 2263 superbiam.
1706 2193 1870 2249 Alius
1899 2210 2033 2250 vero

390 2274 539 2332 dixit
564 2291 579 2331 :
613 2276 844 2334 Uxorem
869 2277 1027 2344 duxi,
1057 2286 1110 2335 et
1137 2278 1255 2335 ideo
1274 2295 1386 2336 non
1427 2297 1649 2353 possum
1684 2284 1886 2339 venire.
1919 2283 2033 2339 No-

392 2363 552 2421 mine
579 2367 797 2435 uxoris,
818 2364 1087 2439 voluptas
1117 2371 1175 2423 et
1203 2366 1433 2425 luxuria
1461 2370 1714 2427 carnalis
1743 2370 1837 2428 hic
1865 2371 2034 2427 intel-

392 2451 615 2526 ligitur,
637 2469 755 2510 non
784 2453 925 2527 quia
971 2471 1210 2512 uxorem
1260 2458 1471 2515 ducere
1514 2460 1591 2516 sit
1648 2460 1893 2527 malum,
1935 2462 2035 2518 sed

394 2541 673 2616 quoniam
704 2543 873 2599 multi
902 2544 976 2600 ob
1006 2545 1191 2603 solam
1222 2545 1577 2621 voluptatem
1619 2566 1748 2606 eam
1793 2550 2037 2609 ducunt.

393 2630 503 2696 Qui
531 2648 667 2707 ergo
694 2631 977 2707 voluptati
1025 2635 1285 2709 corporis
1314 2636 1508 2710 servit,
1539 2638 1625 2695 ita
1662 2640 2036 2697 consuetudi-

394 2719 578 2778 nariis
605 2720 765 2779 vitiis
791 2722 984 2779 carnis
1013 2724 1292 2794 irretitur,
1314 2730 1378 2782 ut
1421 2743 1483 2782 se
1529 2729 1600 2784 ad
1630 2745 1903 2801 magnam
1938 2728 2039 2785 Dei

394 2825 616 2867 canam
646 2810 731 2868 ire
751 2827 867 2868 non
888 2829 1060 2886 posse
1086 2814 1489 2872 fateatur.Hzec
1508 2816 1809 2890 igiturtria
1828 2835 2042 2893 genera

395 2900 802 2957 excusantium
824 2900 1153 2959 retinentur
1180 2921 1252 2960 ne
1273 2909 1409 2961 eant
1427 2907 1499 2962 ad
1531 2924 1753 2963 coenam
1775 2907 1896 2977 Dei,
1921 2907 2040 2963 illis

393 2987 586 3046 tribus
610 2989 770 3047 vitiis
798 2985 926 3064 quae
956 2992 1213 3049 Joannes
1243 2994 1301 3049 in
1332 2995 1592 3068 Epistola
1620 3013 1729 3052 sua
1757 2997 1938 3070 ponit,
1962 2998 2045 3053 di-

1359 274 1758 336 ADDENDA.
1793 307 1872 318 —
1908 274 2312 337 RADULPHI
2354 275 2772 338 ARDEN'I‘IS.

363 420 616 481 quorum
646 403 801 464 oculi
826 402 953 463 sola
980 404 1414 480 pulchritudine
1443 405 1833 480 corporalium
1879 422 2008 479 spe-
2039 406 2094 474 Α
2120 405 2209 461 vel
2228 406 2300 462 ab
2317 407 2402 462 eis
2420 404 2957 479 relinquemur.llla
2976 404 3291 479 diligamus
3308 423 3439 480 quae
3454 423 3579 465 non
3602 410 3794 463 trans‘

3630 269 3791 333 {972

2124 498 2429 568 eunt,quae
2462 512 2833 569 possessores
2864 513 3004 553 suos
3032 497 3237 552 beatos
3253 496 3496 552 faciunt.
3513 496 3601 553 De
3620 513 3789 553 com-

2126 582 2396 658 pulsione
2417 603 2551 642 vero
2574 585 2821 642 aliorum
2844 584 3384 659 subjungitur,cum
3407 585 3660 641 dicitur:
3682 589 3793 643 ἔτί

2125 675 2185 730 in
2215 675 2334 730 vias
2363 683 2415 731 et
2438 691 2607 747 sepes,
2641 682 2693 732 et
2721 690 3068 747 quoscunque
3098 676 3393 741 inveneris,
3408 673 3676 748 compelle
3707 678 3790 731 in»

2127 776 2291 819 trare.
2326 768 2436 819 Per
2465 763 2611 821 istos
2642 763 3050 837 signiﬁcantur
3074 764 3439 833 remotiores,
3461 764 3567 838 qui
3600 764 3662 820 in
3686 764 3791 821 viis

2128 855 2186 908 et
2214 852 2463 924 negotiis
2496 851 2674 925 hujus
2704 852 2923 920 saeculi,
2944 870 2978 908 a
3009 852 3240 908 civitate
3270 853 3371 909 Dei
3401 853 3646 927 longius
3666 870 3792 909 eva-

2130 945 2362 1013 gantur.
2395 940 2663 1004 Quicum
2696 940 2814 996 sint
2862 940 3123 998 indurati
3150 941 3209 997 in
3243 958 3504 998 amorem
3557 943 3789 1013 mundi,

2131 1030 2205 1086 ad
2236 1046 2461 1085 cumam
2491 1030 2591 1086 Dei
2625 1047 2741 1086 non
2773 1031 3033 1097 veniunt,
3058 1029 3174 1087 nisi
3205 1029 3645 1103 compellantur
3692 1048 3791 1104 per

2131 1118 2642 1192 adversitates,per
2662 1123 3055 1194 paupertates,
3074 1137 3180 1193 per
3207 1120 3591 1178 inﬁrmitates
3612 1126 3671 1178 et
3690 1138 3791 1195 per

2131 1208 2477 1264 afllctiones.
2511 1208 2619 1277 Qui
2650 1226 2784 1264 cum
2831 1209 3030 1265 vident
3058 1226 3120 1266 se
3166 1210 3226 1265 in
3270 1209 3381 1269 hoc
3426 1210 3647 1269 saeculo
3676 1228 3789 1268 non

2133 1314 2307 1370 posse
2336 1297 2593 1353 invenire
2614 1298 2876 1371 requiem
2901 1302 2958 1355 et
2978 1298 3311 1355 felicitatem
3351 1317 3532 1373 quam
3567 1317 3788 1374 quere-

2134 1386 2763 1455 bant,adversitatlbus
2795 1386 3082 1460 compulsi
3111 1392 3536 1445 convertuntur
3574 1390 3649 1445 ad
3683 1395 3790 1448 Do-

2135 1473 2384 1530 minum.
2413 1479 2488 1531 De
2518 1474 2794 1548 qualibus
2824 1475 3110 1533 Dominus
3140 1476 3250 1533 sub
3280 1478 3475 1551 specie
3511 1478 3790 1536 adultera

2134 1563 2419 1631 mulieris,
2451 1562 2713 1637 loquitur
2741 1565 2813 1621 ad
2843 1565 3366 1635 Judaeam,dicens:
3388 1568 3617 1641 Sapiam
3646 1572 3793 1626 vtam

2134 1659 2287 1709 tuam
2314 1654 2509 1725 spinis,
2540 1661 2594 1709 et
2621 1655 2832 1725 sapiam
2867 1671 2989 1711 eam
3037 1658 3304 1723 maceria,
3335 1664 3388 1712 et
3432 1674 3546 1715 non
3589 1661 3793 1731 poteris

2134 1742 2385 1798 invenire
2403 1744 2652 1798 semitam
2682 1751 2853 1800 tuam.
2888 1744 3111 1813 Quaeres
3138 1754 3408 1802 amatores
3436 1754 3560 1804 tuos
3608 1756 3661 1804 et
3686 1764 3793 1805 non

2139 1831 2410 1899 invenies;
2443 1847 2664 1903 quaeres
2694 1832 2842 1900 illos,
2873 1841 2925 1889 et
2949 1849 3060 1890 non
3087 1834 3473 1907 apprehendas,
3500 1844 3556 1893 at
3601 1836 3747 1894 dices
3776 1855 3790 1894 :

2137 1924 2400 1977 Revertar
2421 1920 2491 1975 ad
2520 1923 2703 1976 virum
2729 1937 2929 1989 meum,
2963 1924 3097 1993 quia
3126 1924 3323 1980 melius
3349 1932 3471 1980 erat
3495 1934 3634 1982 tunc
3658 1928 3795 1983 mihi

2139 2025 2306 2082 quam
2332 2026 2482 2064 nunc
2511 2009 2822 2082 (0se.u),et
2850 2011 3029 2067 David
3065 2029 3079 2067 :
3113 2013 3249 2070 Cum
3273 2013 3561 2082 occideret,
3576 2016 3790 2089 inquit,

2140 2114 2248 2167 eos,
2278 2099 2597 2170 qumebant
2635 2116 2779 2168 eum,
2821 2108 2873 2156 et
2918 2102 3330 2158 revertabantur
3357 2104 3527 2176 (Psal.
3563 2107 3789 2177 Lxxvn).

2142 2188 2686 2259 Propterea,fratres
2715 2188 2850 2257 mei,
2866 2190 3229 2248 considerate
3255 2192 3536 2263 quoniam
3556 2195 3789 2267 quando

2143 2275 2428 2332 Dominus
2459 2276 2600 2332 sinit
2630 2277 2896 2334 homines
2929 2295 3271 2352 prosperare
3296 2280 3358 2335 in
3386 2282 3498 2338 viis
3528 2282 3658 2340 suis
3678 2301 3791 2341 ma-

2144 2363 2309 2431 lis,et
2342 2381 2549 2438 pravas
2577 2365 2906 2423 voluntates
2938 2367 3280 2441 adimplere,
3296 2370 3532 2442 justitia
3553 2372 3786 2445 quidem

2143 2457 2235 2509 est
2263 2453 2508 2520 oceulta,
2541 2455 2643 2509 sed
2676 2471 2900 2528 magna:
2930 2455 3030 2512 ira:
3062 2457 3159 2512 Dei
3208 2458 3446 2531 signum
3486 2464 3601 2516 est.
3636 2461 3787 2517 Unde

2146 2542 2427 2598 Dominus
2477 2559 2580 2615 per
2640 2543 3015 2601 Psalmistam
3048 2546 3156 2602 :Et
3195 2546 3403 2615 dimisi,
3454 2547 3670 2622 inquit,
3706 2567 3789 2607 eos

2143 2631 2440 2688 secundum
2468 2632 2740 2689 desideria
2767 2633 2943 2690 cordis
2972 2651 3159 2691 eorum
3187 2637 3357 2706 (Psal.
3392 2640 3577 2711 xxxx).
3599 2640 3670 2695 Et
3696 2655 3789 2713 per

2147 2720 2492 2795 prophetam
2527 2738 2540 2777 :
2568 2723 2691 2779 lam
2713 2723 2862 2779 ultra
2887 2740 3001 2779 non
3049 2726 3267 2781 irascar
3294 2727 3414 2792 tibi,
3445 2728 3602 2784 zelus
3648 2746 3791 2785 metu

2146 2811 2367 2867 recessit
2393 2828 2428 2868 a
2452 2819 2501 2868 te
2530 2810 2739 2883 (Ezech.
2775 2812 2912 2885 xvx).
2946 2813 3159 2869 Contra
3208 2815 3362 2887 quod
3416 2816 3595 2872 David
3629 2834 3793 2875 orans

2150 2899 2233 2956 ait
2266 2917 2279 2956 :
2311 2901 2427 2957 Non
2459 2900 2643 2957 tradas
2671 2918 2758 2958 me
2786 2919 2821 2957 a
2842 2901 3108 2959 desiderio
3151 2920 3269 2960 meo
3311 2908 3591 2977 pewatori
3632 2908 3791 2981 (Psal.

2151 2989 2393 3062 CXXXIX),
2426 2989 2485 3045 id
2516 2994 2623 3057 est,
2642 2989 2892 3047 diabolo.
2926 2991 3166 3056 Quando
3195 3009 3329 3050 vero
3359 2994 3515 3050 Deus
3538 3013 3658 3053 non
3682 3014 3796 3070 pen

398 3092 537 3134 cens
569 3094 584 3134 :
614 3079 810 3148 Nolite,
839 3082 1063 3153 fratres,
1092 3080 1322 3155 diligere
1348 3085 1635 3151 mundum,
1665 3102 1765 3141 nec
1806 3102 1871 3142 ea
1918 3102 2044 3159 quae
2084 3155 2112 3159 ᾧ
2152 3078 2334 3134 mittit
2360 3082 2689 3151 peccatores
2707 3079 2952 3154 implere
2973 3080 3159 3137 malas
3172 3081 3507 3140 voluntates
3528 3087 3792 3152 suas,sed

399 3165 686 3222 inmundo
710 3175 859 3235 sunt,
886 3170 1147 3241 quoniam
1164 3169 1438 3243 quidquid
1464 3179 1544 3227 est
1588 3173 1647 3227 in
1688 3155 2043 3241 munda-aut
2072 3155 2114 3222 C
2150 3185 2249 3223 eos
2278 3167 2526 3240 impedit
2555 3172 2613 3225 et
2642 3168 3090 3225 adversitatibus
3124 3171 3351 3244 afﬂigit,
3386 3172 3793 3231 misericordia

399 3262 481 3311 est
505 3258 942 3329 concupiscentia
968 3260 1174 3326 carnis,
1204 3258 1263 3313 id
1292 3263 1384 3316 est
1411 3259 1701 3334 voluptas,
1733 3269 1829 3318 aut
1854 3278 2047 3319 concu-

398 3344 668 3416 piscaruia
693 3346 995 3415 oculorum,
1031 3347 1091 3403 id
1120 3350 1209 3403 est
1255 3347 1610 3416 divitiarum,
1648 3358 1746 3406 aut
1786 3352 2047 3422 superbia

402 3434 537 3492 vitae
562 3433 614 3506 (I
633 3436 792 3492 Joan.
821 3435 979 3506 ιι),ἰ(1
1009 3440 1100 3493 est
1119 3437 1359 3493 ambitio
1390 3437 1786 3495 honorum.Et
1804 3440 2048 3512 subjun-

400 3519 488 3594 git
517 3537 532 3578 '.
563 3524 629 3580 Si
649 3525 773 3596 quis
799 3532 986 3581 autem
1012 3525 1197 3597 diligit
1221 3527 1508 3597 mundum,
1539 3544 1650 3584 non
1679 3536 1758 3585 est
1802 3530 2047 3586 charitas

399 3613 584 3669 Patris
629 3614 693 3669 in
733 3629 794 3670 eo
850 3613 1051 3687 (Ibid).
1101 3615 1322 3689 Itaque,
1356 3616 1563 3673 fratres
1603 3617 1739 3684 mei,
1781 3617 2044 3673 animum

399 3703 667 3758 nostrum
697 3702 770 3759 ab
800 3718 998 3760 amore
1042 3705 1235 3760 saeculi
1268 3708 1618 3773 avertamus,
1651 3722 1909 3761 amorem
1947 3723 2044 3763 vo-

393 3788 638 3863 luptatis
669 3791 1442 3867 refrenemus,cupiditatem
1465 3793 1800 3850 divitiarum
1823 3810 1858 3849 a
1876 3794 2047 3851 nobis

397 3878 800 3950 excludamus,
831 3882 1169 3955 superbiam
1219 3886 1277 3939 et
1323 3882 1704 3940 ambitionem
1736 3883 2041 3940 evitemus.

468 3969 550 4026 De
578 3967 1009 4028 introductione
1036 3971 1285 4028 aliorum
1308 3972 1380 4028 ad
1396 3988 1620 4028 eaanam
1643 3973 2045 4047 subjungitur,

399 4075 535 4115 cum
567 4058 780 4116 dicitur
809 4075 823 4116 :
854 4060 965 4116 Exi
990 4063 1094 4117 cito
1124 4062 1185 4117 in
1208 4061 1418 4134 plateas
1445 4069 1498 4117 et
1524 4063 1664 4118 vicos
1690 4064 1950 4118 civitatis.
1981 4063 2047 4118 Et

395 4163 662 4221 pauperes
689 4164 756 4205 ac
782 4149 1010 4217 debiles,
1035 4165 1200 4206 ca'cos
1248 4165 1312 4205 ac
1354 4150 1576 4207 claudos
1622 4150 1875 4206 introduc
1919 4151 2043 4206 huc.

404 4236 512 4294 Per
537 4236 703 4304 istos,
738 4237 943 4293 fratres
976 4237 1108 4308 mei,
1140 4239 1239 4311 qui
1274 4255 1380 4295 nec
1426 4242 1707 4295 excusant
1754 4257 1859 4295 nec
1889 4256 2045 4295 com-

403 4325 704 4400 pelluntur
729 4324 968 4395 intrare,
1001 4326 1407 4400 significantur
1435 4327 1713 4397 humiles,
1742 4334 1798 4385 et
1827 4329 1899 4385 de
1930 4329 2046 4385 Deo

405 4413 847 4483 multum,nihil
877 4431 1013 4471 vero
1043 4415 1113 4471 de
1142 4432 1205 4472 se
1226 4421 1825 4488 praesumentesﬁum
1849 4417 2046 4473 sintin

405 4503 614 4577 plateis
633 4508 693 4560 et
718 4502 881 4573 vicis,
899 4503 958 4559 id
989 4507 1080 4560 est
1100 4503 1158 4559 in
1189 4503 1502 4562 latitudine
1524 4510 1582 4562 et
1602 4506 1847 4578 strepitu
1872 4522 2047 4560 saecu-
2079 4526 2124 4590 Ι)

402 4591 546 4650 laris
568 4592 721 4662 vita,
753 4595 950 4649 tamen
982 4597 1123 4651 sunt
1153 4611 1437 4667 pauperes
1469 4593 1702 4667 spiritu.
1725 4593 1953 4651 Debiles
1985 4611 2047 4650 se

406 4686 770 4757 reputantes,
802 4685 944 4738 sunt
962 4685 1021 4739 et
1049 4682 1275 4751 caeci,id
1305 4686 1394 4739 est
1441 4682 1832 4757 ignorantiam
1878 4699 2049 4739 suam

405 4772 772 4840 confitentes,
802 4775 943 4829 sunt
970 4774 1029 4827 et
1056 4770 1268 4840 claudi,
1295 4770 1350 4827 id
1397 4777 1508 4839 est,
1551 4771 2049 4844 imperfectionem

406 4878 577 4918 suam
606 4864 1107 4935 recognoscentes.
1125 4861 1227 4916 Isti
1258 4861 1415 4917 enim
1434 4862 1774 4917 vocantibus
1796 4861 1869 4917 ad
1891 4865 2052 4917 aeter-

409 4966 546 5005 nam
577 4942 821 5019 ccen'am,
844 4953 1007 5007 tanto
1038 4948 1212 5006 citius
1240 4949 1633 5017 consentiunt,
1667 4954 1885 5022 quanto
1933 4953 2050 5005 ter-

410 5053 552 5093 rena
597 5037 730 5110 plus
772 5043 1177 5096 contemnunt.
1211 5039 1436 5103 Quanto
1476 5037 1831 5094 debilitatem
1882 5055 2049 5095 suam

410 5125 601 5198 magis
648 5133 1093 5201 recognoscunt,
1132 5132 1296 5184 tanto
1346 5131 1637 5183 terrenam
1693 5126 2050 5200 voluptatem

412 5215 610 5271 minus
626 5217 1307 5290 appetuntJmpossibile
1323 5215 1480 5273 enim
1496 5221 1586 5272 est
1601 5214 1854 5288 aliquem
1875 5214 2052 5272 simul

410 5303 649 5379 diligere
669 5304 853 5362 Deum
884 5310 942 5363 et
970 5306 1279 5362 mundum.
1300 5305 1529 5370 Quanto
1559 5304 1712 5361 enim
1747 5304 1879 5377 quis
1918 5304 2052 5377 plus

410 5392 602 5467 diligit
648 5398 850 5461 Deum,
880 5398 1045 5450 tanto
1094 5393 1227 5467 plus
1283 5394 1603 5451 contemnit
1648 5392 1949 5449 saeculum.
1982 5394 2052 5449 Et

407 5486 627 5557 quanto
658 5482 791 5555 plus
818 5481 1012 5555 diligit
1042 5482 1343 5549 saeculum,
1375 5487 1539 5539 tanto
1570 5482 1702 5555 plus
1734 5483 2052 5539 contemnit

405 5571 614 5627 Deum.
650 5571 872 5641 Itaque,
903 5569 1130 5637 fratres,
1164 5586 1236 5626 ne
1266 5586 1532 5626 amemus
1562 5571 1706 5626 illud
1749 5571 1900 5643 quod
1936 5571 2050 5627 cito

406 5652 667 5716 relicturi
696 5671 922 5712 sumus.
946 5655 1241 5713 Mundana
1265 5656 1461 5711 omnia
1483 5658 1612 5728 jam
1651 5655 2050 5729 relinquemus

2152 3256 2253 3312 Dei
2284 3257 2522 3329 signum
2553 3262 2659 3313 est.
2694 3258 2799 3324 Qui
2827 3258 2955 3314 ideo
2987 3257 3080 3314 hic
3112 3259 3262 3326 ferit,
3292 3277 3366 3316 ne
3405 3262 3468 3318 in
3517 3268 3793 3321 aeternum

2155 3346 2343 3413 feriat,
2372 3345 2502 3402 ideo
2532 3346 2629 3402 hic
2659 3364 2774 3403 non
2805 3347 3010 3420 parcit,
3046 3352 3112 3403 ut
3138 3348 3199 3404 in
3245 3358 3531 3408 aeternum
3576 3358 3792 3427 parcat.

2154 3435 2234 3490 De
2263 3433 2636 3492 conclusione
2662 3452 2796 3492 vero
2824 3437 3228 3493 excusantium
3260 3439 3334 3493 ab
3366 3443 3590 3497 aeterna
3618 3459 3796 3514 ccsna,

2153 3523 2430 3596 subjungi
2440 3527 2561 3578 tur:
2577 3523 2741 3580 Amen
2763 3524 2885 3581 dico
2914 3526 3083 3591 vobis,
3110 3526 3251 3599 quod
3274 3543 3433 3584 nemo
3460 3529 3692 3587 illorum
3713 3533 3801 3605 qui

2152 3615 2330 3669 vocati
2354 3621 2504 3678 sunt,
2526 3614 2769 3682 gustabit
2789 3630 2996 3670 cceuam
3024 3631 3220 3671 meam.
3256 3615 3319 3671 In
3370 3634 3489 3690 quo
3540 3620 3799 3678 conside-

2154 3702 2339 3757 randa
2362 3704 2687 3771 est,fratres
2709 3701 3287 3778 charissimi,magna
3306 3706 3589 3764 severitas
3612 3708 3803 3766 aeterni

2147 3789 2388 3862 judicis.
2409 3790 2538 3862 Ipse
2567 3790 2723 3847 enim
2756 3791 2856 3864 qui
2888 3793 3063 3848 modo
3094 3797 3334 3866 paterno
3351 3794 3566 3852 affectu
3586 3796 3804 3855 blandi-

2154 3882 2269 3945 tur,
2305 3878 2405 3951 qui
2438 3895 2543 3935 nos
2574 3879 2778 3935 invitat
2810 3880 3137 3953 promissis,
3168 3882 3270 3954 qui
3303 3899 3410 3939 nos
3442 3884 3633 3941 trahit
3658 3902 3803 3942 nunc

2154 3983 2259 4040 per
2286 3967 2731 4039 inspirationem
2764 3968 3120 4039 interiorem,
3154 3987 3312 4028 nunc
3357 3989 3468 4029 nos
3514 3974 3807 4048 compellit

2155 4073 2259 4129 per
2287 4056 2726 4125 adversitatem;
2760 4058 2861 4129 qui
2894 4075 3052 4114 nunc
3102 4076 3208 4116 nos
3260 4066 3429 4134 rogat
3475 4061 3580 4135 qui
3623 4064 3805 4138 rogari

2154 4145 2454 4218 debet,qui
2485 4162 2642 4202 nunc
2672 4147 2842 4203 nobis
2873 4147 3054 4203 mittit
3074 4147 3296 4222 legatos
3312 4153 3370 4206 et
3390 4153 3809 4225 compositore:

2155 4235 2337 4308 pacis,
2355 4240 2411 4290 et
2439 4236 2615 4307 (quod
2650 4239 2844 4307 majus
2868 4238 2975 4310 est)
2994 4238 3284 4311 fugientes
3302 4246 3811 4308 revocat,contem~

2155 4328 2351 4396 ptores
2382 4324 2775 4382 invitat.Unde
2806 4326 2932 4398 ipse
2963 4342 3066 4398 per
3087 4327 3473 4400 prophetam:
3500 4336 3685 4386 Aures
3703 4338 3809 4387 tua:

2156 4412 2383 4468 audient
2410 4428 2591 4469 vocem
2620 4422 2737 4484 post
2767 4422 2977 4485 tergum
3006 4417 3278 4472 mouentis
3305 4417 3458 4485 (Isai.
3490 4421 3650 4487 xxx).
3685 4418 3809 4491 Ipse

2156 4500 2215 4555 in
2265 4500 2488 4572 judicio
2546 4501 2827 4558 terribilis
2881 4503 3206 4575 apparebit.
3232 4504 3299 4559 Et
3338 4504 3455 4560 illis
3510 4506 3615 4578 qui
3657 4523 3807 4563 nunc

2154 4593 2456 4645 vocantem
2514 4593 2918 4655 contemnunt,
2950 4592 3219 4663 quamvis
3276 4596 3418 4649 tunc
3460 4592 3807 4650 clamitent:

2157 4679 2403 4745 Domine,
2434 4679 2680 4745 Domine,
2710 4681 2867 4750 aperi
2887 4681 3044 4736 nobis
3071 4682 3279 4749 (Matth.
3302 4684 3456 4752 xxv),
3472 4683 3813 4740 terribiliter

2159 4767 2243 4822 eis
2269 4766 2420 4822 dicet
2451 4783 2465 4822 :
2499 4766 2666 4823 Amen
2720 4766 2839 4824 dico
2891 4768 3061 4838 voltis,
3086 4771 3267 4826 nescio
3323 4786 3415 4826 vos
3442 4770 3661 4843 (Ibid).
3702 4773 3814 4828 Nos

2159 4872 2315 4928 ergo,
2333 4856 2719 4923 fratres,dum
2749 4860 2985 4929 tempus
3013 4857 3669 4926 habemus,vocationes
3689 4862 3813 4933 ejus

2160 4960 2498 5016 sequamur,
2534 4961 2647 5001 non
2672 4944 3009 5013 ambitione,
3042 4962 3158 5002 non
3180 4946 3521 5020 cupiditate,
3556 4966 3681 5005 non
3711 4967 3814 5006 vo-

2158 5032 2381 5105 luptate
2412 5034 2797 5089 retardcmur.
2833 5033 3088 5107 Flagella
3115 5036 3244 5106 ejus
3287 5039 3345 5092 et
3393 5036 3812 5111 castigationes

2159 5138 2295 5178 cum
2324 5122 2645 5194 gratiarum
2678 5123 2905 5179 actione
2921 5123 3411 5196 suscipiamus,ut
3428 5127 3501 5182 ad
3525 5130 3807 5184 aeternam

2161 5211 2288 5283 eius
2319 5226 2542 5266 omnem
2583 5210 2675 5266 vel
2725 5210 3017 5284 compulsi
3068 5212 3498 5284 perveniamus,
3534 5215 3671 5288 ipso
3716 5232 3815 5273 nos

2158 5299 2445 5366 trahente,
2479 5298 2580 5372 qui
2612 5317 2744 5355 cum
2777 5304 2945 5357 Patre
2974 5304 3032 5357 et
3062 5302 3283 5374 Spiritu
3316 5308 3520 5360 sancto
3570 5305 3719 5362 vivit
3762 5308 3813 5361 et

2160 5392 2366 5461 regnat
2392 5387 2453 5443 in
2475 5387 2688 5444 saecula
2717 5388 3085 5445 saeculorum.
3120 5393 3319 5447 Amen.

2740 5493 3049 5549 HOMILIA
3086 5495 3229 5552 VIII.

2442 5582 2717 5621 DOMINICA
2750 5581 2950 5621 TERTIA
2988 5582 3120 5622 POS‘I‘
3153 5584 3527 5625 TRINITATIM.

2231 5655 2627 5712 Humiliamini
2652 5655 2753 5710 sub
2772 5656 2991 5728 potenti
3012 5671 3185 5713 manu
3206 5658 3327 5726 Dei,
3358 5666 3420 5715 ut
3444 5674 3542 5718 vos
3589 5676 3667 5716 ea:
3692 5662 3806 5717 attat
