1987 3038
195 144 276 180 1975

699 145 897 176 ADDENDA.
913 160 954 168 —
968 144 1165 176 RABULPHI
1188 145 1394 176 ARBENTIS.

1834 142 1900 174 i956

194 219 253 240 non
275 209 371 240 solum
395 218 412 238 a
436 210 648 242 comessatione
675 213 704 240 et
717 212 855 241 ebrietate
870 211 1018 241 secularis
1032 212 1060 246 Α
1074 211 1099 240 si
1116 212 1209 240 dicat:
1220 212 1283 240 Non
1297 220 1348 240 vos
1364 210 1418 240 soli
1433 219 1548 248 pugnas
1563 212 1592 239 et
1603 209 1788 240 tentationes
1800 208 1903 237 diaboli

197 255 439 292 cupiditatis.Hoc
450 257 494 283 est
503 256 582 292 quod
593 256 735 285 Dominus
750 257 790 284 ait
802 257 832 285 in
848 257 1019 293 Evangelio:

199 299 292 331 Videte
306 308 341 328 ne
358 305 507 335 graventur
519 300 600 328 corda
615 305 703 329 vestra
716 302 832 337 crapula
845 305 870 330 et
883 302 1019 335 ebrietate,

198 349 225 374 et
237 345 312 373 curis
325 345 384 381 ejus
397 345 504 379 amuli,
519 354 554 373 ne
568 346 637 382 forte
652 347 743 374 veniat
758 347 787 374 in
813 355 856 374 vos
881 347 1022 383 repentina

199 390 343 419 calamitas
358 389 431 427 (Luc.
447 389 515 425 xxx).
531 390 584 418 Sed
602 390 672 426 quia
697 399 754 419 non
779 391 888 419 sufﬁcit
908 391 1022 419 sobrios

201 442 275 467 esse,
292 434 349 467 nisi
364 434 453 462 etiam
465 442 518 462 nos
536 435 665 463 oratione
680 436 859 468 muniamur,
875 436 957 463 addit
972 436 1023 464 :Et

200 478 339 515 vigilitate
351 479 380 506 in
395 479 667 507 orationibus.Porro
678 479 707 507 in
719 480 848 508 oratione
859 489 912 509 nos
923 480 1023 517 praeci-

200 523 244 563 pit
257 522 448 560 vigilare,non
465 523 561 551 solum
577 526 609 551 ut
624 523 654 552 in
670 524 734 561 ipsa
748 525 878 553 oratione
890 534 947 554 non
958 525 1023 562 vagi

201 570 310 603 mente,
327 567 377 595 sed
392 567 489 604 potius
504 568 608 596 intenti
632 570 660 596 et
683 569 785 606 vigiles
804 570 908 603 simus,
925 570 976 598 sed
992 572 1024 597 ut

200 612 288 641 etiam
307 620 366 641 non
387 611 484 640 solum
507 612 536 639 in
561 612 675 641 diurnis
699 614 789 647 horis,
815 615 866 642 sed
881 614 969 642 etiam
994 615 1023 642 in

201 656 364 691 nocturnis,
381 656 411 685 in
427 657 558 685 oratione
574 657 795 686 meminerimus
809 658 1025 695 vigilarejuxta

202 702 279 740 quod
295 700 426 738 praecipit
439 701 595 729 Jeremias:
606 702 692 738 Surge
707 707 732 730 et
748 703 830 731 lauda
844 704 874 731 in
886 705 1024 740 principio

201 747 364 784 vigiliarum
378 749 490 773 tuarum
505 747 613 780 (Tlircn.
631 747 673 783 ιι).
690 747 725 775 Et
740 747 829 775 David
847 756 853 775 :
869 750 971 785 Septies
994 750 1025 777 in

202 790 247 831 die
263 790 372 819 laudem
381 790 444 818 dixi
467 791 535 824 tibi;
551 793 579 819 et
595 800 601 818 ε
620 792 709 821 Merlin
738 793 979 835 1wcte'surgebam
991 793 1025 821 ad

202 834 385 871 conﬁtendum
412 835 463 863 tibi
483 836 559 863 Psal.
585 836 690 872 CXVIII).
718 837 751 864 Et
774 834 864 873 quare
884 840 928 865 est
953 838 1026 874 vigi-

201 879 325 908 landum
340 879 369 907 in
390 879 590 908 orationibus?
619 881 688 915 Quia
710 881 894 915 adversarius,
919 882 1025 918 inquit,

203 928 288 954 vester
298 923 433 959 diabolus,
450 928 581 960 tanquam
597 925 636 953 leo
653 927 765 960 rugiens
779 927 879 954 circuit
901 935 1027 963 quaerens

203 977 283 1010 quem
296 968 406 996 devorat
420 968 657 1004 (Ibid.).0uatuor
671 971 798 998 reddunt
813 971 963 999 diabolum
980 971 1026 999 in-

204 1015 378 1043 structorem
393 1013 429 1041 ad
443 1014 618 1042 nocendum.
635 1014 708 1048 Quia
732 1024 883 1051 nunquam
909 1016 1026 1051 dormit,

204 1058 256 1087 sed
272 1066 388 1094 semper
402 1057 502 1094 vigilat
518 1058 547 1085 in
564 1058 761 1095 insidiis,quia
774 1062 818 1088 est
832 1060 1029 1095 invisibilis,et

205 1103 271 1131 ideo
279 1102 380 1139 magis
388 1110 491 1130 nocere
500 1103 680 1139 potest,quia
687 1103 811 1131 naturali
819 1104 903 1132 callet
912 1105 1029 1141 ingenio

205 1146 275 1185 quia
289 1148 334 1175 est
347 1145 537 1183 longaevus,et
552 1146 616 1175 ideo
632 1156 666 1175 ex
681 1147 767 1184 longa
781 1148 958 1184 experientia
967 1158 1030 1177 ver-

208 1191 387 1224 sutior.Quia
402 1199 470 1227 ergo
482 1191 666 1219 adversarius
673 1194 770 1220 nostor
779 1192 819 1221 ita
830 1195 874 1221 est
885 1194 1030 1227 munitus,

209 1236 273 1263 idco
289 1235 383 1271 major
399 1235 558 1263 necessitas
569 1235 807 1265 nobisincumbit
822 1237 1033 1274 vigilandi,tan—

209 1288 301 1317 quam,
319 1279 424 1315 inquit,
447 1280 486 1308 leo
510 1281 630 1314 rugiens.
648 1282 769 1314 Quando
785 1281 919 1311 diabolus
935 1285 1032 1319 aperte

210 1324 302 1358 erevit,
316 1323 361 1351 leo
376 1326 510 1358 vocatur;
527 1324 645 1360 quando
665 1325 778 1354 occulte
801 1326 933 1355 immittit
949 1327 1032 1356 nobis

209 1376 371 1396 venenosae
386 1367 699 1405 tentationes,serpcns
715 1370 836 1405 dicitur;
853 1372 971 1407 quando
983 1380 1035 1408 per

210 1412 399 1441 calliditatem
408 1421 462 1441 nos
469 1412 781 1448 circumvenil,dicitur
788 1415 889 1451 vulpes
900 1425 906 1450 ;
916 1417 1034 1452 quando

210 1466 268 1485 non
283 1456 313 1484 in
327 1456 481 1493 principio,
499 1457 549 1485 sed
565 1457 594 1485 in
611 1458 668 1485 ﬁne
684 1458 767 1492 fallit,
784 1459 893 1488 dicitur
908 1460 1032 1497 scorpio,

210 1500 252 1534 vel
269 1502 366 1535 draco,
383 1504 411 1529 et
426 1501 607 1538 hujusmodi.
624 1502 704 1531 Unde
720 1503 864 1540 scriptum
880 1507 921 1533 est
933 1505 1035 1541 :Super

208 1546 330 1583 aspidem
344 1550 369 1574 ct
388 1546 533 1574 basilicum
557 1547 722 1580 ambulabis,
747 1552 772 1576 et
796 1550 964 1586 conculcaqis
980 1550 1034 1578 Ico-

208 1599 271 1620 nem
284 1595 307 1618 et
323 1591 466 1621 draconem
491 1591 575 1626 (Psal.
598 1592 654 1628 xc).
678 1591 759 1620 Sicut
787 1595 884 1621 autem
914 1585 957 1622 leo
987 1585 1070 1622 ru-C

209 1635 314 1675 gicndo
331 1635 421 1662 mittit
432 1635 591 1671 quemdam
607 1638 745 1664 terrorem
759 1639 787 1665 et
803 1638 1033 1675 obstupefactio-

209 1687 277 1712 nem
302 1679 489 1714 animalibus,
515 1687 551 1707 ne
573 1679 672 1716 fugere
694 1681 817 1717 possint,
834 1682 876 1710 ita
900 1683 1034 1712 diabolus

209 1723 367 1753 adveniens
373 1723 446 1752 solet
452 1723 565 1752 mittere
572 1723 742 1754 hominibus
748 1734 925 1763 quemquam
933 1727 1033 1756 horro-

209 1775 272 1800 rem
287 1769 316 1796 et
330 1770 530 1805 stuporem,ne
545 1768 601 1796 sibi
612 1777 711 1797 cavere
726 1772 955 1806 queant.Circuit
966 1763 1036 1809 quo-

209 1821 276 1849 que,
293 1813 329 1840 ad
347 1812 466 1840 modum
484 1812 589 1847 leonis,
609 1813 683 1842 ovile
699 1814 841 1849 ﬁdelium,
859 1818 891 1843 ut
905 1817 929 1844 si
946 1825 1034 1853 quem

208 1856 337 1885 inveniat
351 1856 387 1884 ab
403 1856 510 1884 unione
525 1857 650 1886 aliorum
666 1861 822 1893 errantem,
839 1861 962 1888 occidat.
973 1861 1034 1889 Cir-

209 1901 271 1930 cuit
285 1899 374 1929 etiam
389 1909 631 1938 unumquemque
646 1902 772 1936 ﬁdelem,
789 1906 821 1931 ut
835 1904 860 1932 si
877 1905 948 1933 forte
960 1905 1036 1934 inve-

210 1945 273 1976 niat
286 1945 317 1973 in
332 1952 365 1973 eo
376 1945 506 1982 aliquam
521 1949 633 1982 partem
643 1947 741 1976 minus
752 1949 961 1986 munitam,per
970 1959 1034 1978 eam

209 1989 335 2021 introeat
348 1991 377 2018 et
390 1989 525 2026 perimat.
546 1991 680 2024 Proinde,
707 1992 812 2021 fratres
838 1993 905 2027 mei,
931 1995 1035 2031 majori

209 2033 346 2069 violentia
369 2035 574 2072 unusquisque
598 2044 629 2063 se
653 2036 807 2071 custodiat,
825 2046 860 2066 ne
876 2039 912 2066 ab
928 2039 1035 2068 unione

210 2078 304 2109 ﬁdelis
318 2078 415 2116 gregis
428 2082 605 2116 segregetur.
622 2081 720 2108 Servet
735 2081 832 2115 etiam,
846 2083 928 2118 juxta
953 2084 1034 2112 Salo-

211 2130 339 2156 monem,
356 2123 436 2151 omni
452 2124 586 2152 custodia
600 2133 650 2152 cor
664 2133 751 2153 suum
767 2128 948 2162 (Prov.iv),nc
964 2129 1036 2158 forte

210 2166 355 2196 incuriam
372 2169 502 2196 nostram
514 2168 622 2205 aliquis
638 2169 775 2198 introitus
791 2170 819 2198 in
836 2171 921 2200 nobis
938 2173 1036 2201 adver-

211 2210 288 2240 sario
304 2211 475 2248 reperiatur.
506 2213 555 2240 Cui
586 2214 732 2249 quomodo
761 2215 955 2244 resistendum
985 2218 1033 2251 sit,

1076 256 1238 290 sustinetis,
1256 257 1307 284 sed
1322 257 1411 285 etiam
1426 264 1529 284 omnes
1543 255 1645 284 ﬁdeles
1660 256 1711 292 qui
1729 255 1760 283 in
1779 254 1840 282 hac
1854 255 1906 281 vita

1076 303 1155 335 sunt,
1172 302 1232 329 tam
1247 300 1299 328 viri
1315 309 1404 337 quam
1416 301 1565 335 mulieres,
1580 302 1640 328 tam
1657 308 1746 328 senes
1762 307 1860 335 quam
1867 299 1906 333 ju-

1076 345 1183 379 niores,
1199 348 1299 373 contra
1314 345 1473 374 diabolicae
1483 345 1635 373 luctantur
1645 343 1904 372 tentationes.Pro—

1076 392 1175 426 pterea
1190 392 1274 427 turpe
1289 391 1327 418 sit
1341 390 1500 423 vobis,viri,
1510 389 1642 426 superari
1658 398 1676 417 a
1690 388 1905 424 mutationibus

1077 434 1273 471 diaboli,quas
1288 435 1376 462 etiam
1392 434 1530 462 mulieres
1545 434 1835 469 devicerunt.Turpe
1844 441 1906 468 quo-

1077 488 1134 516 que
1150 479 1187 507 sit
1201 479 1411 512 vobis,barbati
1428 481 1455 507 et
1471 479 1581 512 canuti,
1598 479 1733 515 superari
1746 487 1764 505 a
1774 477 1904 505 tentati-)-

1079 524 1164 553 nibus
1180 524 1299 558 diaboli,
1315 533 1388 560 quas
1403 524 1490 552 etiam
1508 523 1591 560 pueri
1606 526 1635 550 et
1649 523 1829 559 impuberes
1839 522 1904 549 den”-

1078 571 1189 597 cerunt.
1204 570 1302 605 Turpe
1326 569 1414 597 etiam
1439 569 1477 597 sit
1501 568 1671 604 unicuique,
1687 567 1862 595 molliorem
1882 566 1911 594 εξ

1078 613 1316 642 eil‘eminatiorem
1345 621 1420 646 esse,
1448 621 1501 641 nec
1530 612 1666 641 resistere
1691 611 1905 640 tentationibus

1079 658 1187 694 quibus
1201 658 1411 686 inumerabiles
1426 657 1576 685 resistunt.

1115 703 1253 739 Sequitur
1268 711 1335 738 pars
1352 704 1467 738 quarta,
1484 702 1515 729 in
1529 710 1589 738 qua
1602 701 1761 738 Apostolus
1784 701 1907 736 spondet

1079 747 1214 777 ﬁdelibus
1230 747 1432 784 pugnantibus
1438 747 1488 774 Dei
1497 744 1639 774 auxilium
1648 746 1684 774 ad
1693 744 1907 778 fumum,snl’r

1080 793 1152 821 dens
1170 792 1259 820 :Deus
1275 796 1365 820 autem
1379 792 1472 819 omnis
1486 792 1595 827 gratiae,
1612 791 1660 827 qui
1673 791 1782 818 vocavit
1806 798 1860 817 nos
1882 791 1908 816 is

1079 841 1212 866 aeternam
1232 837 1351 871 gloriam
1374 845 1453 864 suam
1481 837 1511 864 in
1540 836 1650 864 Christo
1676 837 1745 863 Jesu
1773 834 1907 862 nwdicun

1080 889 1182 917 passos,
1200 882 1256 917 ipse
1278 882 1409 917 perficiet,
1426 880 1601 917 conﬁrmabit
1623 879 1821 915 solidabitque.
1840 878 1907 906 Dici-

1080 928 1129 954 tur
1137 928 1234 953 autem
1244 925 1322 953 Deus
1330 925 1426 953 omnis
1435 925 1690 962 gratiae,quoniam
1698 924 1799 952 omnis
1812 923 1908 960 gratia

1081 970 1201 1007 largitor
1225 972 1280 1003 est,
1296 970 1367 1006 quia
1390 969 1569 1006 incipientis,
1585 968 1766 1005 proﬁcientia
1781 970 1812 996 et
1825 968 1909 1004 perﬁ-

1082 1015 1196 1046 cientis,
1212 1014 1413 1042 conﬁrmantis
1428 1016 1457 1042 et
1470 1013 1698 1046 consolidantis;
1719 1015 1748 1040 et
1773 1013 1839 1049 ipse
1863 1012 1910 1048 qui

1082 1059 1193 1087 vocavit
1206 1067 1257 1087 vos
1273 1067 1324 1095 per
1337 1058 1461 1095 gratiam
1477 1066 1562 1086 suam
1578 1057 1766 1094 incipientem
1783 1059 1814 1084 et
1828 1057 1910 1093 perﬁ-

1083 1103 1356 1137 cientem,similiter
1368 1111 1420 1139 per
1434 1111 1519 1130 suam
1535 1102 1660 1139 gratiam
1675 1101 1812 1138 perﬁciet
1820 1101 1910 1129 vosin

1084 1148 1126 1176 eis
1140 1156 1203 1184 quae
1217 1148 1299 1176 vobis
1315 1148 1464 1180 desunt,et
1475 1146 1660 1175 conﬁrmabit
1673 1155 1724 1174 vos
1741 1154 1780 1174 ne
1789 1146 1911 1179 cadetis,

1085 1194 1114 1220 et
1129 1192 1323 1220 consolidabit
1339 1192 1369 1219 in
1383 1192 1441 1219 alia
1455 1191 1523 1226 vita,
1541 1199 1576 1219 ne
1592 1191 1694 1218 cadere
1709 1189 1845 1227 possitis.
1862 1190 1911 1218 Sed

1086 1236 1256 1273 interponit,
1272 1237 1428 1265 ostendens
1441 1237 1476 1263 ad
1489 1235 1559 1272 quid
1572 1235 1716 1263 vocaverit
1729 1234 1870 1270 nos,quia
1877 1234 1911 1261 ad

1087 1283 1224 1309 aeternam
1239 1280 1363 1318 gloriam
1378 1289 1473 1314 suam,
1492 1283 1521 1308 et
1536 1288 1586 1316 per
1600 1288 1664 1316 qua:
1687 1278 1839 1307 vocaverit
1851 1287 1910 1313 nos,

1087 1325 1157 1362 quia
1172 1334 1223 1362 per
1237 1325 1479 1362 passiones,quod
1496 1324 1623 1354 ostendit
1633 1332 1700 1352 cum
1712 1323 1912 1352 aitzlodicu-

1084 1379 1186 1407 passos.
1204 1370 1352 1398 Modicum
1367 1372 1464 1398 autem
1481 1370 1545 1397 ideo
1562 1369 1642 1402 dicit,
1654 1368 1724 1405 quia
1739 1368 1912 1404 temporales

1088 1414 1239 1452 passiones
1255 1416 1284 1442 et
1300 1415 1401 1443 breves
1416 1417 1445 1442 et
1459 1413 1546 1442 nullm
1569 1416 1639 1442 sunt
1659 1415 1797 1449 respectu
1813 1413 1911 1440 future

1088 1459 1291 1491 beati-tudinis,
1304 1460 1388 1495 juxta
1402 1459 1474 1487 illud
1489 1458 1569 1486 Pauli
1586 1466 1593 1485 :
1609 1458 1749 1485 Existimo
1775 1458 1853 1493 quod
1865 1465 1913 1484 non

1087 1508 1152 1533 sunt
1166 1505 1311 1539 condignae
1323 1505 1463 1540 passiones
1483 1503 1564 1539 hujus
1588 1503 1717 1538 temporis
1732 1501 1770 1529 ad
1792 1503 1914 1537 futuram

1088 1549 1207 1585 gloriam
1230 1557 1293 1585 qum
1316 1548 1485 1578 revelabitur
1507 1549 1538 1576 in
1551 1548 1629 1576 nobis
1644 1548 1734 1583 (Rom,
1748 1547 1824 1580 νιιι).
1844 1547 1876 1574 Et
1889 1546 1914 1574 in

1090 1602 1147 1629 quo
1162 1594 1306 1622 vocaverit
1320 1593 1477 1634 nosiquia
1491 1593 1521 1620 in
1537 1592 1652 1620 Christo
1663 1591 1744 1619 Jesu.
1755 1591 1816 1618 Sed
1827 1593 1858 1620 et
1866 1591 1915 1619 hoc

1089 1638 1124 1666 ad
1141 1638 1257 1674 singula
1272 1638 1372 1666 referri
1387 1636 1636 1674 potest,quoniam
1645 1638 1674 1664 et
1682 1636 1712 1663 in
1721 1635 1841 1664 Christo
1851 1635 1915 1663 Jesn

1088 1683 1167 1718 passi
1184 1685 1263 1716 sunt,
1279 1685 1307 1710 et
1322 1683 1351 1711 in
1366 1682 1480 1711 Christo
1496 1682 1566 1710 Jesu
1582 1680 1723 1717 perﬁciet,
1731 1680 1915 1708 confirmabit

1088 1728 1117 1754 et
1132 1727 1335 1755 consolidabit.
1351 1728 1410 1763 Ipsi
1421 1727 1512 1762 gloria
1534 1730 1560 1754 et
1583 1726 1731 1761 imperium
1752 1733 1806 1760 per
1828 1726 1916 1752 omnia

1088 1772 1191 1800 arcula
1205 1772 1381 1800 saeculorum.
1406 1772 1500 1799 Amen.
1518 1770 1577 1807 Ipsi
1601 1769 1721 1806 quidem
1745 1772 1794 1797 est
1817 1768 1915 1805 gloria,

1089 1816 1227 1851 quoniam
1246 1816 1322 1846 sicut
1338 1818 1441 1853 potens
1454 1819 1498 1844 est
1513 1815 1560 1843 hic
1575 1815 1644 1842 dare
1659 1813 1800 1850 gratiam,
1817 1814 1857 1841 ita
1876 1816 1914 1841 est

1090 1862 1192 1895 potens
1208 1861 1237 1888 in
1254 1862 1351 1888 futuro
1367 1861 1435 1888 dare
1459 1859 1545 1888 nobis
1568 1858 1702 1896 gloriam.
1720 1858 1781 1894 Ipsi
1803 1866 1914 1894 quoque

1089 1904 1400 1942 imperium,quoniam
1416 1905 1492 1933 sicut
1506 1906 1608 1940 potens
1623 1905 1667 1931 est
1692 1902 1741 1930 hic
1764 1902 1914 1930 diabolum

1089 1951 1117 1977 et
1132 1958 1201 1978 suos
1215 1950 1337 1986 imperio
1353 1958 1406 1978 suo
1421 1949 1577 1982 refrenare,
1589 1947 1631 1976 ita
1640 1950 1745 1984 potens
1760 1947 1860 1975 eritin
1876 1947 1915 1974 fn-

1089 1995 1154 2022 turo
1170 1994 1292 2031 imperio
1307 2004 1360 2023 suo
1377 2003 1426 2022 eos
1440 1995 1590 2022 damnare.
1613 1993 1671 2020 Nos
1691 2000 1771 2028 ergo,
1803 1991 1916 2025 fratres,

1089 2046 1157 2069 eum
1173 2042 1359 2076 rogemus,ut
1373 2040 1420 2066 det
1436 2038 1520 2066 nobis
1536 2037 1694 2074 perfectam
1705 2035 1919 2069 humilitatem,

1089 2085 1117 2110 et
1132 2092 1215 2119 spem
1232 2084 1262 2111 in
1277 2093 1308 2112 se
1324 2087 1352 2111 et
1373 2083 1521 2116 ﬁduciam,
1548 2082 1596 2110 det
1620 2083 1650 2109 et
1673 2081 1878 2114 sobrietatem,
1893 2084 1918 2108 et

1090 2128 1189 2161 ﬁdem,
1206 2130 1235 2156 et
1256 2128 1286 2156 in
1313 2128 1446 2156 oratione
1459 2126 1641 2163 vigilantiam
1666 2127 1851 2160 casterasque
1864 2124 1918 2152 vir-

1090 2174 1177 2206 tutes,
1204 2182 1254 2209 per
1278 2181 1352 2209 quas
1378 2172 1529 2200 valeamus
1554 2169 1704 2198 diabolum
1721 2177 1876 2205 superare,
1892 2173 1917 2197 et

1090 2216 1182 2253 gloria
1197 2217 1336 2253 consequi
1361 2217 1580 2253 sempiternam.
1598 2214 1680 2248 Quod
1700 2213 1764 2249 ipse
1778 2216 1919 2249 praetore

211 2255 351 2303 ostendit,
366 2256 495 2285 subdens
513 2265 519 2284 ί
537 2258 588 2303 ςαγί
602 2259 730 2293 resistite,
736 2260 820 2295 fortes
831 2261 861 2287 in
875 2258 1039 2299 ﬁde..lunge
1050 2266 1077 2303 υ
1090 2261 1291 2298 dignetur,qui
1308 2263 1353 2290 est
1367 2261 1539 2289 benedictus
1555 2260 1584 2287 in
1600 2258 1707 2288 saecula
1721 2258 1917 2286 Dens.Amen.

211 2299 301 2337 igitur
314 2300 403 2328 ﬁdem
419 2309 485 2330 cum
502 2302 658 2330 sobrietate
673 2305 701 2330 et
716 2303 855 2338 oratione,
873 2313 947 2341 quas
960 2315 1035 2342 prse-

210 2344 335 2379 misit,et
349 2344 439 2385 habes
454 2346 510 2374 tria
525 2355 576 2382 per
588 2355 651 2383 qum
667 2347 781 2376 diabolo
797 2351 879 2384 potes
889 2350 1034 2379 resistere.

211 2388 264 2417 Per
278 2389 464 2419 sobrietatem
489 2390 597 2427 quippe
619 2391 785 2428 vigilamus,
802 2401 853 2429 per
874 2394 1035 2424 orationem

210 2432 363 2465 diabolum
379 2442 592 2471 expugnamus,
607 2438 636 2463 et
652 2444 702 2472 per
717 2437 814 2471 ﬁdem,
837 2446 888 2473 per
909 2439 1034 2469 cbarita-

210 2479 270 2509 tem
286 2481 467 2514 operantem,
481 2480 596 2508 fraudes
606 2481 634 2508 et
649 2480 822 2509 tentationes
837 2483 902 2518 ejus
916 2491 1035 2512 evacua-

212 2529 290 2553 mus.
305 2519 388 2551 Unde
403 2524 511 2552 Paulus
536 2532 542 2552 :
564 2524 594 2552 1η
620 2524 746 2552 omnibus
767 2531 902 2555 sumentes
929 2533 1036 2557 scutum

211 2566 320 2602 ﬁdei,in
333 2575 385 2603 quo
397 2570 506 2604 possitis
522 2570 601 2604 ignea
617 2570 780 2605 nequissimi
790 2571 845 2598 tela
863 2574 1034 2608 exstinguere

212 2610 320 2646 (Ephcs.
337 2613 386 2646 v1).
403 2612 437 2640 Et
452 2612 595 2641 Dominus
611 2612 640 2641 in
665 2614 820 2650 Evangelia
837 2623 843 2642 :
860 2616 891 2644 Si
904 2617 1033 2646 habueri-

212 2655 247 2683 tis
261 2654 482 2692 ﬁd'emquantum
495 2666 613 2692 granum
627 2659 840 2695 sinapis,dicetis
854 2663 941 2689 monti
952 2662 1034 2692 huic:

215 2699 342 2735 Transfer
364 2704 388 2728 te
408 2706 435 2729 et
452 2702 527 2738 jacta
551 2706 575 2730 te
600 2703 631 2730 in
656 2711 742 2736 mare,
758 2707 783 2731 et
796 2704 842 2739 ﬁet
864 2705 938 2738 (Luc.
954 2710 1032 2742 xxn).

210 2743 320 2772 Deinde
333 2745 463 2781 exemplo
478 2745 601 2773 aliorum
610 2755 664 2774 nos
672 2749 771 2775 monet
782 2747 890 2776 diaboli
902 2752 1034 2781 tentatio-

212 2788 300 2824 niqus
315 2789 459 2824 resistere,
474 2790 603 2817 subdens
621 2799 627 2818 :
640 2791 759 2819 Scientes
773 2793 893 2821 eamdem
907 2798 1033 2825 tentutio-

211 2840 274 2861 nem
287 2836 313 2869 et
327 2839 390 2868 qua:
404 2833 432 2861 in
448 2834 549 2862 mundo
563 2838 602 2862 est
618 2838 712 2863 vestra:
726 2837 899 2870 fraternitati
911 2840 983 2874 ﬁeri.
993 2842 1033 2870 Ac

1392 2314 1544 2342 HOMILIA
1564 2313 1609 2341 1X.

1227 2359 1366 2378 DOMXNICA
1383 2358 1486 2378 TERTIA
1504 2358 1573 2378 Ροςτ
1591 2355 1777 2377 τΒΙΝΙτΔΤΕΜ.

1125 2396 1211 2423 Erant
1223 2395 1473 2431 appropinquantes
1489 2393 1524 2422 ad
1537 2393 1628 2421 Iesum
1641 2391 1787 2428 publicani
1809 2394 1837 2418 et
1854 2398 1919 2426 pec-

1088 2443 1190 2468 catores
1204 2443 1235 2467 ut
1248 2439 1376 2467 audirem
1390 2439 1471 2467 illum
1485 2437 1619 2473 (Μίδαν).
1634 2436 1764 2468 Quatuor
1778 2434 1918 2470 capitutis

1089 2476 1280 2520 distinguitur
1304 2484 1364 2511 haec
1388 2483 1484 2516 lectio,
1511 2482 1612 2510 fratres
1638 2479 1706 2508 mei.
1724 2478 1824 2507 Primo
1840 2479 1918 2507 enim

1089 2529 1218 2557 continet
1233 2528 1437 2565 poenitentium
1449 2527 1485 2556 ad
1498 2526 1647 2555 Christum
1658 2523 1918 2555 accessionem.se—

1088 2572 1183 2601 cunde
1207 2572 1419 2600 Pharisaeorum
1444 2571 1512 2599 inde
1536 2568 1817 2600 murmurationem,
1834 2568 1918 2596 tertio

1089 2617 1166 2653 quod
1181 2618 1345 2652 peccatores
1360 2616 1484 2644 debeant
1495 2614 1603 2651 suscipi
1612 2616 1640 2642 et
1648 2612 1736 2641 etiam
1748 2612 1845 2648 qumri
1855 2620 1917 2648 pro-

1088 2661 1358 2696 bationem,quarto
1373 2661 1408 2688 de
1424 2668 1483 2688 uno
1499 2661 1649 2696 peccatore
1664 2664 1805 2686 converso
1822 2656 1916 2693 magis

1089 2714 1177 2743 quam
1186 2706 1222 2733 de
1233 2704 1503 2741 quibusdamjustis
1511 2700 1916 2732 exsultationemﬂstendens

1088 2751 1178 2787 igitur
1192 2749 1319 2785 primum
1337 2751 1501 2785 peccatores
1517 2747 1689 2785 pmnitentes
1709 2744 1858 2773 nccessise
1882 2744 1914 2772 ad

1088 2796 1102 2824 ,Ι
1106 2803 1189 2823 esum
1201 2794 1242 2822 ait
1253 2802 1260 2821 :
1270 2795 1355 2822 Erant
1365 2794 1617 2830 appropinquantes
1626 2791 1661 2820 ad
1669 2792 1763 2819 Iesum
1771 2789 1916 2826 publicani

1088 2845 1113 2868 et
1125 2838 1327 2876 peccatoresEt
1343 2838 1413 2874 quia
1428 2838 1548 2867 sinistra
1558 2835 1719 2866 intentione
1734 2837 1914 2872 possentap
