3974 6076
340 260 498 328 I979

1338 263 1740 326 ADDENDA.
1772 297 1850 308 -—
1880 261 2280 328 BADULPHI
2321 263 2739 327 ABDENTIS.

340 416 528 457 nouem
548 398 716 472 justis
744 399 840 471 qui
867 414 978 454 non
1007 396 1257 466 indigent
1281 399 1693 469 ραιηίιθηίιῗιιΕι
1722 398 1980 470 quidem,
2013 401 2068 466 Α
2097 398 2282 454 nostri
2316 403 2457 454 sunt
2486 399 2720 467 terreni,
2739 399 2978 471 praemia
3007 402 3182 456 erunt
3201 397 3754 456 eazlestiaLabores

340 493 546 546 fratres
579 488 852 560 mei,plus
883 489 954 544 de
986 487 1213 543 amissa:
1237 487 1315 541 rei
1341 487 1981 559 recuperatione,quam

340 581 409 636 de
459 597 519 635 re
568 595 870 649 nunquam
919 577 1138 632 amissa
1185 576 1439 648 gaudere
1478 575 1756 632 solemus.
1792 577 1981 648 Majus

337 669 552 742 quippe
581 673 669 724 est
699 685 820 722 rem
853 670 1178 722 restaurare
1211 682 1385 737 quam
1418 671 1842 731 conservarc,et
1871 666 1979 720 mi-

335 757 580 815 rabilius
617 761 706 812 est
734 761 868 828 post
898 755 1130 826 lapsum
1161 771 1399 826 surgere
1449 772 1627 826 quam
1673 772 1980 826 nunquam

335 847 595 904 cadendo
626 850 800 901 stare.
836 845 898 899 In
953 861 1066 916 quo
1115 843 1290 898 etiam
1337 843 1480 898 illud
1532 843 1716 898 notari
1769 847 1976 916 potest,

335 937 490 1010 quod
541 935 804 1008 quidam,
856 937 1076 1004 quanto
1125 932 1360 1005 gravius
1409 933 1764 999 ceciderunt,
1817 937 1978 988 tanto

331 1024 704 1082 ferventiores
735 1023 1144 1094 resurgunt.Et
1175 1020 1600 1094 quiaillieitase
1615 1021 1979 1077 commisisse

331 1115 546 1182 sciunt,
607 1113 784 1168 etiam
851 1111 1010 1166 licita
1076 1109 1188 1166 sibi
1269 1111 1599 1177 abscidunt,
1661 1109 1977 1182 plusquam

330 1205 506 1261 etiam
529 1204 702 1274 jussa
730 1201 983 1269 faciunt;
1018 1217 1320 1271 nunquam
1355 1217 1417 1255 se
1466 1199 1800 1255 satisfacere
1849 1215 1975 1254 cre-

330 1295 498 1360 dunt,
535 1292 784 1364 perfecte
815 1291 1103 1344 mundum
1139 1289 1436 1355 deserunt,
1463 1290 1530 1343 ad
1569 1287 1828 1344 cmlestia
1859 1292 1976 1343 toto

329 1381 618 1438 desiderio
649 1380 920 1444 tendunt,
954 1377 1054 1433 illa
1086 1377 1359 1449 suspiriis
1408 1381 1465 1431 et
1493 1376 1768 1449 laerymis
1799 1377 1975 1448 depo-

329 1474 522 1537 scunt,
559 1487 659 1539 pro
691 1469 774 1524 eis
807 1469 920 1538 pati
953 1465 1226 1540 quaslibet
1267 1464 1465 1539 gravia
1515 1465 1680 1520 facile
1729 1467 1972 1522 ducunt.

327 1559 666 1616 Econtrario
697 1557 959 1630 quidam,
994 1556 1131 1628 quia
1163 1555 1391 1610 nullum
1440 1571 1612 1626 grave
1660 1555 1880 1610 crimen
1912 1571 1976 1610 se

328 1647 698 1705 commisisse
729 1650 958 1718 putant,
993 1645 1172 1716 tepidi
1204 1643 1633 1710 manent,nullo
1661 1643 1970 1711 desiderio,

328 1738 506 1794 nullis
538 1734 830 1808 suspiriis,
864 1733 1043 1789 nullis
1075 1732 1367 1806 laerymis.
1399 1733 1468 1787 ad
1521 1731 1777 1788 coelestia
1815 1733 1970 1788 inar-

327 1829 592 1884 descunt.
627 1825 728 1881 sed
772 1840 878 1878 nec
923 1821 1138 1896 frigidi,
1181 1838 1286 1877 nec
1337 1823 1479 1877 satis
1527 1821 1705 1876 calidi
1752 1821 1970 1876 vivunt.

329 1917 518 1988 Majus
547 1931 683 1988 ergo
715 1913 996 1985 gaudium
1029 1915 1118 1967 est
1147 1916 1260 1966 Deo
1289 1915 1346 1966 et
1375 1910 1598 1983 angelis
1628 1912 1754 1982 ejus
1799 1927 1975 1983 super

331 2007 614 2062 fervorem
651 2001 825 2058 unius
857 2000 1196 2074 paenitentis
1223 2017 1399 2072 quam
1423 1999 1976 2072 supertepidamju-

327 2094 548 2152 stitiam
577 2089 835 2165 plurium
861 2091 1180 2161 justorum,
1215 2088 1493 2160 quoniam
1527 2105 1624 2144 rex
1654 2089 1785 2161 plus
1807 2089 1974 2144 illum

329 2183 577 2239 militem
628 2179 841 2252 diligit,
873 2179 974 2251 qui
1022 2184 1152 2251 post
1202 2179 1401 2250 fugam
1454 2195 1740 2246 reversa,
1777 2177 1976 2234 hostes

329 2271 556 2328 fortiter
585 2267 818 2342 premit,
852 2283 1029 2340 quam
1064 2265 1230 2321 illum
1261 2266 1361 2337 qui
1396 2283 1498 2321 nec
1531 2265 1695 2338 fugit,
1731 2283 1836 2322 nec
1866 2283 1972 2321 un-

329 2377 508 2434 quam
559 2357 785 2413 fortiter
826 2356 962 2428 egit.
996 2355 1112 2410 Nos
1163 2371 1319 2425 ergo,
1363 2355 1570 2409 fratres
1618 2355 1970 2422 eharissimi,

329 2447 608 2507 duritiam
627 2449 684 2501 et
695 2443 1204 2515 falsamjustitiam
1227 2443 1650 2499 Pharisaeorum
1666 2444 1971 2510 evitemus,

329 2533 748 2610 compatientes
777 2533 837 2588 in
869 2537 1198 2606 peceatores
1229 2537 1286 2589 et
1315 2550 1600 2605 pauperes
1641 2537 1697 2588 et
1726 2533 1973 2590 afflictos

331 2627 538 2694 simus,
564 2640 898 2681 aversorum
927 2623 1366 2678 conversionem
1395 2639 1748 2694 quaeramus,
1781 2639 1977 2679 erran-

328 2721 417 2773 tes
447 2712 978 2786 corrigamus,etad
1002 2711 1188 2766 Deum
1220 2710 1739 2767 revocemus.Nihil
1759 2711 1974 2784 quippe

330 2806 464 2879 plus
495 2803 745 2876 acquirit
773 2800 942 2857 nobis
981 2798 1457 2866 misericordiam,
1492 2816 1671 2870 quam
1719 2800 1874 2870 quod
1923 2799 1973 2856 si

330 2894 579 2952 facimus
609 2891 737 2948 aliis
768 2889 1252 2945 misericordiam.
1286 2888 1389 2954 Qui
1431 2904 1567 2960 ergo
1616 2887 1764 2960 lapsi
1811 2892 1972 2956 sunt,

330 2985 403 3041 ad
452 2981 767 3056 pristinum
797 2983 1036 3036 statum
1081 2995 1216 3034 eum
1268 2979 1488 3033 fervore
1519 2977 1778 3045 redeant,
1810 2982 1876 3034 ut
1903 2978 1975 3034 dc

330 3071 707 3130 conversione
739 3086 848 3126 sua
875 3069 1100 3124 luctum
1132 3067 1361 3122 diabolo
1383 3072 1440 3122 et
1469 3066 1755 3138 gaudium
1787 3071 1900 3123 Deo
1919 3071 1975 3124 et

2093 489 2274 544 nostri
2309 505 2514 560 parum
2549 489 2608 543 in
2653 505 2714 544 se
2765 488 2982 544 habent
3035 488 3470 556 amaritudinis,
3503 491 3756 562 premia

2088 576 2446 634 ineffabilem
2477 577 2775 633 habebunt
2806 581 2864 632 in
2897 595 2958 634 se
2989 578 3378 634 dulcedinem.
3407 579 3580 635 Sicut
3611 580 3754 635 scri-

2088 671 2255 738 ptum
2286 671 2376 722 est
2408 685 2419 722 :
2451 667 2558 722 Nec
2585 667 2772 722 oculus
2799 668 2958 733 vidit,
2989 684 3087 723 nec
3117 670 3274 724 auris
3303 668 3541 737 audivit,
3557 685 3664 724 nec
3693 671 3754 724 in

2087 773 2180 812 cor
2208 757 2449 812 hominis
2469 756 2845 828 ascendith
2872 759 3488 829 prwparavitDominus
3510 759 3754 829 diligen-

2089 846 2232 900 tibus
2251 847 2470 914 se(Isai.
2487 861 2635 913 muv;
2657 845 2776 901 Cor.
2797 849 2882 912 Il).
2905 848 3064 912 Quod
3081 863 3215 903 vero
3235 847 3544 919 passiones
3565 846 3752 918 hujus

2086 933 2370 1006 temporis
2397 951 2511 990 non
2545 937 2685 989 sunt
2714 935 3013 1008 condignae
3046 934 3350 1008 passiones
3381 937 3453 991 ad
3480 937 3746 990 futuram

2085 1022 2331 1096 gloriam
2364 1041 2488 1096 quae
2521 1023 2871 1080 revelabitur
2898 1023 2959 1079 in
2991 1024 3180 1091 nobis,
3206 1025 3413 1097 probat
3443 1041 3586 1080 cum
3608 1025 3748 1080 sub-

2085 1111 2172 1167 dit
2205 1129 2218 1167 :
2255 1113 2393 1168 Nam
2420 1115 2745 1184 exspectatio
2773 1123 3044 1172 creatura:
3073 1115 3461 1170 reuelationem
3493 1116 3748 1185 ﬁliorum

2085 1204 2189 1257 Dei
2215 1210 2503 1273 exspectat.
2537 1202 2716 1258 Voeat
2746 1207 2943 1258 autem
2982 1203 3076 1258 hie
3124 1202 3327 1259 ﬁdeles
3375 1208 3740 1268 creaturam,

2084 1307 2148 1346 eo
2182 1291 2335 1362 quod
2366 1308 2400 1346 a
2429 1291 2652 1346 caeteris
2683 1291 2968 1347 creaturis
2999 1291 3115 1348 fere
3147 1292 3206 1346 in
3221 1291 3382 1348 nullo
3405 1292 3502 1348 hic
3518 1291 3746 1348 distare

2082 1379 2410 1435 videantur.
2448 1381 2523 1435 De
2554 1385 2712 1435 terra
2739 1381 2896 1436 enim
2928 1385 3087 1450 sunt,
3120 1387 3178 1438 et
3209 1382 3268 1436 in
3312 1386 3468 1436 terra
3499 1398 3742 1437 moran-

2082 1472 2262 1536 tur,et
2292 1469 2362 1524 de
2392 1473 2549 1524 terra
2573 1468 2794 1536 vivunt,
2827 1475 3135 1526 mutantur
3159 1474 3218 1526 et
3247 1476 3738 1542 corrumpuntur,

2082 1557 2417 1612 moriuntur
2447 1557 2598 1614 sicut
2621 1562 2837 1614 caetera
2869 1559 3337 1615 ereaturae.Unde
3365 1559 3742 1616 videturesse

2082 1645 2268 1701 isdem
2299 1646 2434 1701 ﬁnis
2464 1646 2721 1702 hominis
2752 1652 2809 1703 et
2827 1647 3103 1718 jumenti.
3121 1648 3369 1704 Eosdem
3397 1664 3536 1703 vero
3569 1653 3742 1703 vocat

2081 1735 2404 1791 secundum
2437 1739 2656 1791 statum
2688 1739 2914 1791 aeternae
2958 1736 3108 1804 vitae,
3143 1735 3262 1792 sive
3312 1737 3547 1802 futurae,
3585 1736 3738 1792 ﬁlios

2083 1823 2207 1894 Dei,
2239 1841 2304 1880 eo
2336 1825 2489 1896 quod
2520 1827 2662 1880 tunc
2693 1829 2866 1880 erunt
2893 1823 3116 1880 similes
3137 1823 3238 1879 Dei
3271 1824 3738 1892 immortalitate,

2083 1913 2354 1985 puritate,
2403 1911 2845 1985 gloriﬁcatione,
2904 1919 2961 1970 et
3013 1913 3293 1981 claritate,
3345 1915 3519 1986 juxta
3578 1915 3738 1987 quod

2082 2002 2337 2058 Joannes
2360 2001 2470 2057 ait:
2497 2003 3071 2070 Charissimi,scimus
3103 2006 3238 2075 quia
3263 2005 3374 2074 ﬁlii
3399 2006 3502 2060 Dei
3519 2021 3736 2068 sumus,

2081 2091 2174 2147 sed
2207 2091 2448 2148 nondum
2471 2094 2727 2162 apparuit
2757 2093 2890 2164 quid
2915 2093 3142 2148 erimus.
3175 2096 3312 2150 Cum
3350 2102 3536 2149 autem
3564 2111 3736 2165 appa-

2083 2182 2278 2243 ruerit,
2309 2181 2515 2236 similes
2545 2182 2600 2236 ei
2625 2182 2853 2248 erimus,
2894 2183 3027 2254 quia
3065 2181 3368 2238 videbimus
3395 2199 3522 2239 eum
3572 2185 3738 2238 sicuti

2083 2278 2160 2326 est
2207 2271 2254 2338 (I
2301 2271 2459 2326 Joan.
2509 2271 2644 2340 Ill):
2706 2270 2796 2325 Ait
2850 2287 3007 2343 ergo,
3057 2271 3398 2344 Exspectatio
3459 2281 3734 2330 creatura

2080 2358 2465 2413 reuelationem
2491 2357 2737 2428 ﬁliorum
2783 2358 2883 2413 Dei
2930 2366 3216 2430 exspectat.
3250 2359 3428 2425 Quasi
3463 2358 3684 2416 diceret
3714 2376 3728 2414 :

2084 2445 2436 2518 Fideles,qui
2470 2451 2610 2502 sunt
2627 2445 2687 2501 in
2711 2445 3138 2519 miseriahujus
3157 2448 3732 2520 mundi,exspectant

2082 2535 2257 2590 aliam
2288 2536 2490 2602 vitam,
2529 2539 2594 2590 ut
2621 2534 2682 2590 in
2713 2551 2782 2590 ea
2809 2535 3208 2608 gloriﬁcentur
3234 2537 3295 2593 in
3329 2536 3509 2594 Filios
3539 2537 3728 2604 Dei,id

2081 2628 2171 2680 est
2199 2641 2333 2679 cum
2381 2624 2501 2680 sint
2546 2623 2782 2692 tantilli,
2823 2629 3050 2682 tantam
3098 2642 3220 2682 rem
3271 2631 3636 2699 exspectant,
3670 2631 3733 2682 ut

2083 2712 2184 2786 qui
2215 2729 2370 2770 nunc
2400 2712 2626 2769 similes
2657 2718 2797 2769 sunt
2825 2713 3168 2783 bestiarum,
3202 2715 3321 2770 sint
3351 2715 3580 2772 similes
3611 2715 3729 2771 Dei.

2082 2803 2245 2869 Quod
2291 2818 2424 2859 vero
2473 2802 2554 2857 ait
2601 2803 2968 2871 ineulcando,
3016 2805 3343 2876 exspectatio
3399 2809 3460 2860 et
3508 2821 3730 2878 exspec-

2081 2899 2176 2959 tat,
2236 2891 2698 2964 exspectantium
2770 2892 3182 2949 certitudinem
3250 2893 3732 2967 desideriumque

2083 2982 2465 3055 signiﬁcat.ln
2498 2997 2612 3053 quo
2643 2982 3004 3038 damnantur
3035 2983 3213 3054 (quod
3245 2983 3372 3038 sine
3393 2983 3624 3056 gemitu
3652 2983 3734 3039 di-

2081 3088 2208 3127 cere
2241 3087 2356 3127 non
2385 3072 2650 3143 possum)
2682 3069 2768 3125 illi
2799 3070 2900 3145 qui
2931 3075 3162 3126 tantum
3193 3071 3252 3127 in
3283 3071 3393 3127 hac
3423 3072 3546 3128 vita
3566 3089 3732 3145 spem

330 3160 552 3236 angelis
583 3159 706 3216 suis
736 3157 965 3214 faciant.
1001 3156 1109 3222 Qui
1138 3173 1270 3211 vero
1294 3155 1443 3227 justi
1473 3159 1632 3226 sunt,
1664 3173 1970 3228 nunquam
2001 3145 2043 3213 C
2081 3159 2320 3226 habent,
2354 3159 2528 3216 aliam
2558 3176 2690 3216 vero
2719 3159 2901 3216 vitam
2934 3177 3038 3216 nec
3066 3177 3196 3217 esse
3225 3161 3731 3233 suspicantur,di-

328 3249 762 3325 tepescant,sed
795 3263 1024 3319 semper
1055 3245 1116 3300 in
1138 3245 1418 3301 charitate
1432 3243 1975 3317 etincompassione

329 3339 578 3414 proximi
607 3337 1060 3401 inardeseant,et
1089 3350 1287 3390 secum
1319 3332 1506 3405 spolia
1526 3333 1874 3406 captivitatis
1902 3336 1975 3390 ad

328 3429 512 3486 Deum
545 3430 838 3499 reportare
869 3427 1158 3496 satagant,
1184 3421 1467 3495 largiente
1498 3422 1746 3478 Domino
1778 3427 1975 3480 nostro

327 3519 468 3576 Jesu
499 3516 750 3580 Christo,
784 3513 1040 3587 quicum
1075 3511 1238 3566 Patre
1271 3515 1330 3566 et
1360 3511 1578 3583 Spiritu
1609 3515 1809 3567 sancto
1837 3513 1978 3567 vivit

329 3609 386 3662 et
416 3609 618 3676 regnat
640 3603 923 3674 Deus,pcr
943 3599 1140 3654 omnia
1161 3598 1373 3654 saecula
1394 3599 1972 3657 saeculorumAmen.

948 3706 1253 3762 HOMILIA
1295 3705 1358 3760 Χ.

594 3795 874 3836 DOMINICA
911 3795 1134 3842 QUARTA
1175 3795 1312 3834 POST
1347 3795 1711 3834 TRINITATEM.

398 3871 664 3928 Existimo
711 3870 853 3942 quod
882 3884 989 3924 non
1039 3876 1168 3923 sunt
1193 3867 1478 3939 condigna:
1503 3870 1780 3940 passiones
1811 3870 1974 3942 hujus

329 3961 585 4033 temporis
611 3959 681 4015 ad
706 3961 959 4032 futuram
986 3959 1222 4030 gloriam
1251 3971 1375 4028 qua:
1391 3957 1722 4012 revelabitur
1738 3961 1796 4014 in
1818 3961 1974 4015 nobis

329 4052 508 4121 (Rom.
541 4052 686 4118 vul),
718 4053 826 4104 etc.
862 4046 1178 4120 Tripartita
1225 4051 1313 4101 est
1355 4045 1474 4100 haec
1524 4045 1714 4114 lectio,
1766 4049 1972 4104 fratres

331 4137 666 4196 mei.Primo
689 4136 946 4194 ostendit
973 4133 1287 4207 Apostolus
1304 4134 1607 4206 passiones
1637 4141 1972 4192 sanctorum

331 4246 446 4285 non
477 4244 605 4284 esse
651 4226 974 4298 condignas
1005 4222 1395 4297 magnitudini
1436 4224 1849 4296 prtemiorum;
1883 4243 1972 4282 se-

331 4318 522 4374 cundo
555 4315 697 4371 dicit
726 4315 886 4388 ipsos
917 4330 1032 4369 non
1063 4311 1320 4368 volentes
1369 4313 1541 4367 subdi
1575 4315 1969 4386 passionibus,

332 4407 432 4464 sed
481 4411 677 4462 tamen
727 4404 788 4458 in
833 4420 934 4475 spe
981 4402 1268 4474 patienter
1317 4405 1584 4473 portare;
1617 4403 1786 4459 tertio
1833 4405 1974 4460 dicit

332 4512 536 4553 omnes
569 4493 720 4549 inter
752 4491 1054 4566 passiones
1083 4490 1484 4563 ingemiscere,
1519 4495 1574 4546 et
1612 4491 1786 4547 etiam
1815 4493 1973 4565 ipsos

332 4588 652 4654 sanctos,et
680 4582 811 4638 ideo
843 4585 1115 4637 aeternam
1147 4579 1391 4651 gloriam
1416 4581 1605 4652 magis
1622 4581 1972 4638 desiderare.

331 4675 428 4732 Ait
458 4689 594 4746 ergo
625 4671 824 4746 priu‘u
852 4688 865 4724 :
896 4671 1165 4726 Existimo
1190 4669 1330 4740 quod
1366 4685 1477 4724 non
1523 4678 1649 4726 sunt
1689 4671 1979 4740 condignae

328 4765 611 4838 passiones
641 4763 804 4836 hujus
836 4761 1088 4832 temporis
1130 4757 1202 4813 ad
1243 4765 1695 4830 superventuram
1741 4762 1980 4828 gloriam

336 4869 460 4926 qua?
487 4853 822 4909 revelabitur
851 4853 910 4906 in
939 4849 1213 4904 nobis.Ac
1245 4847 1293 4901 si
1326 4852 1521 4918 aperte
1553 4848 1837 4920 dieatzper
1854 4850 1980 4906 nul-

336 4941 423 4997 las
453 4940 756 5014 passiones
787 4937 1140 5012 temporales
1160 4937 1336 5008 digne
1354 4937 1563 4992 mereri
1578 4937 1840 4994 valemus
1860 4957 1979 4996 ma-

338 5030 704 5104 gnitudinem
736 5029 931 5102 gloriae
962 5045 1088 5100 qum
1120 5025 1290 5082 nobis
1321 5025 1379 5080 in
1424 5025 1619 5080 futuro
1667 5027 1976 5086 tribuetur.

340 5121 662 5191 Imperator
689 5118 904 5191 quippe
936 5117 1369 5183 noster,fratres
1387 5115 1975 5191 charissimi,largus,

338 5209 457 5265 imo
489 5208 618 5280 ipsa
647 5207 888 5281 largitas
918 5211 1025 5273 est,
1060 5222 1162 5262 nec
1190 5203 1312 5260 vult
1343 5203 1610 5276 parvitati
1645 5210 1979 5264 nostrorum

338 5297 629 5365 laborum,
670 5297 909 5370 praemia
954 5312 1058 5350 sua
1107 5309 1602 5362 commensurare,
1635 5295 1736 5350 sed
1785 5298 1980 5367 potius

339 5387 409 5443 de
426 5385 761 5454 divitiarum
776 5399 1017 5440 suarum
1038 5382 1304 5454 largitate
1317 5398 1423 5437 nos
1435 5383 1984 5454 superubundanter

339 5474 729 5532 accumulare.
765 5473 1016 5528 Labores
1057 5470 1272 5542 quippe
1317 5471 1500 5526 nostri
1557 5477 1696 5527 sunt
1743 5475 1978 5544 modici,

340 5562 580 5636 prtemia
609 5566 780 5617 erunt
804 5557 1375 5614 immensa.Labores
1409 5559 1590 5614 nostri
1623 5567 1762 5618 sunt
1783 5564 1982 5621 breves

343 5655 400 5711 et
426 5647 842 5715 momentanei,
857 5646 1097 5721 praemia
1127 5649 1300 5704 erunt
1322 5646 1696 5718 sempiterna.
1731 5651 1984 5711 Labores

2085 3253 2280 3304 centes
2315 3265 2327 3303 :
2361 3248 2501 3312 Quis
2531 3253 2621 3305 est
2649 3265 2953 3322 regressus
2985 3249 3057 3306 ab
3093 3248 3430 3321 inferis,qui
3462 3251 3738 3307 testiﬁce-

2083 3342 2182 3394 tur
2211 3337 2378 3394 nobis
2417 3338 2593 3394 aliam
2615 3338 2794 3394 vitam
2825 3340 2997 3396 esse?
3028 3339 3122 3396 Sic
3151 3356 3384 3411 semper
3411 3345 3738 3396 nascuntur

2085 3427 2353 3483 homines
2385 3431 2440 3482 et
2471 3426 3042 3496 moriuntur,transit
3072 3427 3245 3484 homo
3274 3426 3428 3484 sicut
3453 3428 3669 3484 umbra
3682 3433 3737 3483 et

2085 3518 2305 3582 fumus,
2337 3533 2451 3571 non
2484 3514 2738 3588 amplius
2779 3516 3036 3572 futurus.
3068 3517 3399 3589 Propterea,
3433 3516 3733 3588 inquiunt,

2085 3605 2226 3661 dum
2257 3603 2410 3670 licet,
2439 3605 2728 3660 ducamus
2759 3605 2818 3659 in
2850 3604 3018 3660 bonis
3051 3605 3178 3660 dies
3209 3609 3465 3675 nostros,
3488 3607 3737 3678 gaudea-

2084 3711 2238 3760 mus,
2271 3691 2596 3764 epulemur,
2629 3691 3018 3762 luxuriemus,
3042 3693 3192 3750 rosis
3223 3711 3330 3750 nos
3360 3711 3732 3762 coronemus,

2083 3781 2286 3842 sericis
2320 3799 2426 3838 nos
2444 3781 2846 3849 induamus,in
2871 3782 3738 3856 mollitiejaeeamus,quaaeun-

2083 3888 2198 3944 que
2225 3871 2520 3926 desiderat
2550 3887 2648 3926 cor
2676 3875 2943 3927 nostrum
2976 3872 3282 3941 faciamus,
3317 3873 3417 3945 qui
3451 3890 3584 3930 cras
3616 3892 3736 3930 mo-

2082 3961 2320 4015 riemur.
2355 3959 2524 4014 Multi
2554 3963 2708 4016 certe
2736 3964 2877 4016 sunt
2907 3960 3100 4026 hodie,
3135 3962 3292 4034 quia,
3321 3961 3598 4034 quamvis
3625 3963 3734 4022 hoc

2082 4066 2180 4105 ore
2210 4065 2324 4104 non
2356 4049 2573 4114 dicant,
2606 4052 2804 4106 tamen
2833 4049 3111 4121 operibus
3140 4067 3203 4107 se
3249 4050 3330 4107 ita
3362 4052 3599 4108 credere
3631 4053 3735 4108 de-

2083 4141 2432 4193 monstrant.
2460 4136 2539 4192 De
2569 4135 2785 4208 quibus
2814 4154 2946 4194 vere
2970 4137 3214 4194 dicitur:
3247 4139 3534 4206 Quoniam
3553 4141 3734 4209 homo,

2081 4243 2205 4282 cum
2234 4226 2296 4280 in
2331 4226 2532 4282 honore
2579 4232 2730 4292 esset,
2775 4241 2885 4282 non
2928 4228 3226 4292 intellearil,
3272 4237 3620 4300 comparatus
3661 4237 3742 4285 est

2071 4317 2337 4388 jumentis
2370 4315 2778 4386 insipientibus,
2793 4323 2845 4369 et
2872 4316 3077 4370 similis
3101 4319 3278 4388 factus
3307 4325 3388 4373 est
3416 4317 3532 4373 illis
3565 4318 3735 4388 (Psal.

2081 4408 2299 4473 xevm),
2346 4403 2464 4459 imo
2514 4401 2784 4459 miserior
2833 4407 2892 4459 et
2949 4404 3200 4460 deterior
3253 4404 3391 4474 illis,
3453 4406 3739 4478 quoniam

2005 4519 2053 4582 Ι)
2083 4492 2293 4548 melius
2323 4495 2477 4548 esset
2506 4489 2624 4548 illis
2645 4492 2880 4562 penitus
2910 4492 3058 4548 mori
3089 4509 3224 4548 cum
3245 4495 3540 4566 jumentis
3556 4511 3736 4567 quam

2084 4582 2144 4638 in
2177 4585 2363 4636 morte
2393 4597 2626 4652 semper
2652 4579 2842 4636 vivere
2867 4597 3001 4637 eum
3035 4582 3359 4640 damoniis.

2157 4670 2434 4742 Sequitur
2461 4685 2598 4740 pars
2631 4669 2907 4738 secunda,
2939 4669 2998 4724 in
3030 4687 3149 4742 qua
3179 4671 3512 4727 ostenditur
3531 4667 3738 4728 ﬁdeles

2086 4761 2382 4833 subjectos
2413 4773 2543 4814 esse
2573 4756 2827 4814 miseriis
2854 4775 2970 4814 non
2995 4758 3276 4827 volentes,
3309 4761 3409 4816 sed
3443 4764 3644 4816 tamen
3675 4760 3736 4815 in

2087 4867 2189 4922 spe
2220 4848 2504 4921 patienter
2532 4849 2781 4918 portare,
2815 4862 2948 4901 eum
2980 4847 3291 4904 subditur:
3319 4851 3738 4905 Vanitaticnim

2085 4939 2324 5010 subjecta
2351 4944 2430 4993 est
2475 4941 2727 4992 creatura
2754 4950 2866 4990 non
2888 4937 3092 5004 volens,
3121 4937 3215 4992 sed
3238 4946 3458 5008 propter
3484 4954 3614 4994 eum
3643 4940 3743 5011 qui

2086 5027 2314 5100 subjecit
2357 5042 2479 5082 eam
2525 5025 2587 5080 in
2627 5040 2738 5096 spe.
2772 5025 3001 5098 Duplici
3047 5027 3310 5094 vanitati,
3345 5026 3554 5083 fratres
3598 5028 3738 5097 mei,

2087 5118 2262 5174 homo
2291 5115 2592 5186 subjectus
2621 5118 2730 5181 est,
2765 5114 3006 5170 vanitati
3035 5114 3370 5188 culparum,
3402 5121 3463 5171 et
3489 5116 3740 5172 vanitati

2088 5204 2490 5280 pcenarum.Et
2521 5201 2658 5257 mali
2690 5202 2926 5274 quidem
2957 5204 3197 5260 vanitati
3219 5204 3528 5277 culparum
3542 5205 3745 5262 volen-

2087 5301 2175 5352 tes
2205 5295 2322 5350 fam
2332 5291 2744 5364 ulantur,pmni
2753 5309 2780 5347 s
2812 5309 2940 5349 vero
2955 5310 3082 5365 quae
3095 5291 3403 5348 utilitatem
3425 5310 3532 5350 con
3542 5293 3744 5350 ferunt

2088 5385 2147 5441 in
2180 5381 2503 5456 purgandis
2532 5381 2803 5454 peccatis,
2837 5382 3001 5438 inviti
3033 5386 3090 5438 et
3119 5387 3563 5439 murmurantes
3598 5385 3744 5439 sub-

2081 5473 2224 5546 jecti
2255 5474 2413 5537 sunt,
2438 5469 2638 5525 ﬁdeles
2667 5485 2802 5525 vero
2829 5470 3019 5542 culpis
3050 5470 3214 5526 inviti
3244 5471 3497 5542 subjecti
3509 5477 3740 5541 sunt,et

2091 5565 2194 5630 eis,
2227 5563 2512 5633 quantum
2545 5563 2816 5631 possunt,
2851 5560 3150 5618 resistunt.
3191 5561 3395 5616 Poenas
3423 5568 3668 5628 vero,et
3696 5562 3746 5618 si

2090 5651 2359 5710 voluntas
2388 5647 2583 5706 carnis
2613 5664 2728 5704 non
2758 5647 2901 5718 vult,
2936 5653 3132 5707 tamen
3175 5648 3447 5707 voluntas
3492 5651 3746 5709 rationis

3595 262 3761 328 i980

3921 469 3926 504 l
