3974 6076
169 331 328 392 1985

831 331 1186 394 HOMILIE
1227 332 1303 392 ΙΝ
1350 330 1602 392 EPIST.
1647 331 1748 391 ET
1791 331 2074 393 EVANG.
2124 331 2472 394 DOMINIG.
2505 367 2582 378 --
2610 335 2809 396 PARS
2855 336 2930 397 II.

3416 337 3572 400 1986

167 479 261 522 vos
312 465 378 520 in
413 472 624 523 aeterna
687 465 1041 522 tabernacula
1097 469 1248 535 (Luc.
1280 462 1416 535 xvn).
1452 464 1640 530 Quare
1684 477 1819 536 ergo
1848 465 1904 532 Α
1932 482 2000 520 ex
2031 464 2432 521 misericordia
2460 483 2797 540 arguamus.
2831 469 2981 524 Raro
3029 469 3186 525 enim
3217 473 3275 525 et
3299 487 3417 527 non
3446 473 3572 529 sine

168 554 614 622 fratres,sumus
631 555 762 610 duri
782 555 897 611 ista
908 560 1136 611 terrena
1156 554 1414 610 conferre
1428 553 1487 608 in
1509 570 1815 626 pauperes,

171 644 272 716 qui
302 644 500 700 aeterni
523 644 659 700 boni
685 645 1109 717 promittuntur
1129 643 1296 700 nobis
1325 646 1814 698 remuneratores.

171 733 370 789 Eadem
395 735 528 804 quia
559 751 818 790 mensura
838 750 946 808 qua
957 735 1136 789 mensi
1142 734 1709 803 fueritis,rcmetietur
1725 748 1816 787 vo-

169 823 272 877 bis.
293 822 355 876 In
385 839 502 894 quo
532 840 648 879 non
679 823 1312 879 commensurationcm
1342 815 1715 894 praemiorum
1743 821 1817 877 ad

168 911 381 967 merita
409 912 971 984 figurat,praesertim
1003 929 1137 968 cum
1151 911 1286 966 alibi
1302 911 1456 966 dicat
1476 909 1816 982 centuplum

148 1000 360 1071 —justos
389 1003 730 1074 accepturos
761 1000 1231 1072 (Matth.xix).Sed
1257 1000 1340 1056 ita
1369 1000 1816 1072 intelligendum

168 1092 294 1145 est:
325 1089 433 1153 Qui
477 1089 610 1162 plus
657 1091 837 1158 dedit,
871 1089 1006 1162 plus
1064 1090 1343 1162 accipiet;
1377 1094 1433 1145 et
1463 1089 1562 1162 qui
1597 1089 1816 1156 minus,

167 1179 389 1247 minus,
417 1179 587 1250 juxta
607 1178 751 1234 illud
777 1178 968 1235 Pauli:
990 1179 1096 1248 Qui
1119 1195 1284 1252 parce
1327 1181 1562 1234 seminat
1581 1193 1750 1250 parce
1767 1185 1821 1233 et

165 1275 344 1322 metet.
370 1269 436 1323 Et
463 1269 562 1341 qui
573 1270 811 1325 seminat
829 1270 888 1324 in
902 1268 1384 1336 benedictionibus,
1408 1267 1472 1323 de
1494 1268 1815 1323 benedictio-

166 1357 333 1411 nibus
357 1365 409 1412 et
433 1363 598 1414 metet
627 1357 700 1429 (II
727 1358 847 1413 Cor.
881 1359 980 1430 Ix).
1011 1357 1206 1413 Tertio
1236 1374 1340 1430 per
1368 1355 1818 1411 similitudinem

165 1445 426 1501 ostendit
456 1445 820 1518 ignorantem
853 1464 970 1503 non
996 1447 1206 1502 debere
1225 1446 1628 1519 magisterium
1656 1462 1819 1501 assu-

167 1551 348 1601 mere,
381 1534 640 1592 subdens
662 1537 746 1592 :Si
772 1551 948 1593 cwcus
976 1551 1183 1593 caecum
1209 1536 1447 1604 duxerit,
1462 1551 1643 1591 nonne
1663 1535 1818 1590 ambo

163 1625 230 1680 in
255 1625 467 1696 foveam
483 1623 686 1680 cadunt
701 1627 920 1681 PCaacus
949 1641 1166 1681 caecum
1197 1625 1520 1692 ducit,cum
1541 1624 1818 1696 ignorans

164 1713 536 1786 ignorantem
557 1729 754 1786 regere
776 1714 1224 1786 praesumitlloc
1249 1718 1450 1770 contra
1470 1713 1601 1771 illos
1615 1718 1704 1770 est
1718 1713 1817 1786 qui

166 1803 432 1858 nondum
462 1802 758 1875 discipuli,
792 1803 943 1858 fiunt
967 1802 1362 1876 magistri,qui
1394 1803 1718 1858 nescientes
1736 1817 1820 1858 re-

165 1907 302 1965 gere
333 1891 562 1948 animas
588 1909 748 1958 suas,
765 1896 1128 1964 praesumunt
1148 1909 1346 1966 regere
1367 1891 1723 1948 alienas.Sed
1747 1892 1821 1948 si-

163 1985 267 2035 cut
295 1996 480 2036 oecus
511 1996 726 2036 caecum
740 1981 961 2036 ducens
988 1981 1142 2037 cadit
1152 1980 1554 2052 gravius,dum
1578 1981 1687 2036 sub
1705 1979 1818 2036 alio

164 2069 342 2135 cadit,
357 2084 536 2140 quam
554 2068 602 2124 si
616 2067 778 2125 solus
795 2069 1045 2136 caderet,
1063 2069 1139 2124 ita
1152 2069 1431 2140 ignorans
1452 2069 1816 2141 ignorantem

165 2157 558 2230 regens,cadit
577 2157 812 2229 gravius
825 2175 1004 2230 quam
1022 2157 1070 2212 si
1086 2157 1314 2213 nullum
1328 2173 1524 2230 regere
1542 2173 1818 2229 prensum-

165 2245 404 2318 psisset,
442 2246 581 2318 quia
593 2249 828 2318 propter
844 2247 1072 2302 animas
1089 2250 1144 2303 et
1156 2247 1265 2302 sub
1281 2247 1530 2313 animas,
1564 2263 1711 2318 quas
1728 2263 1816 2300 se-

166 2351 302 2390 cum
319 2335 389 2390 ad
413 2334 794 2407 perditionem
813 2335 1268 2402 trahit,cadit.Et
1285 2335 1684 2408 quodgravius
1698 2351 1818 2390 ma-

166 2423 350 2496 gister
367 2423 641 2496 ignorans
654 2441 830 2497 quam
853 2424 1177 2496 discipulus
1190 2424 1466 2497 ignorans
1483 2424 1818 2496 puniendus

166 2513 266 2578 sit,
300 2513 716 2581 ostendit,cum
734 2513 934 2568 subdit
955 2515 1093 2570 :Non
1122 2514 1817 2586 estdiseiputussuperma-

162 2601 646 2671 gistra-m.Litotes
677 2602 848 2671 est,id
884 2602 1152 2670 est,sicut
1181 2606 1272 2657 est
1302 2602 1492 2656 minor
1522 2601 1818 2674 gradu,ita

165 2693 260 2744 est
281 2689 472 2745 minor
500 2691 815 2763 prmmio,si
837 2691 915 2746 sit
935 2691 1144 2756 bonus,
1176 2695 1234 2745 et
1264 2691 1456 2745 minor
1484 2690 1819 2762 pmna,sisit

168 2778 464 2836 malus.Et
480 2796 659 2852 quare
685 2780 794 2835 hoc
814 2780 1120 2835 ?'subditur
1143 2796 1156 2834 :
1176 2781 1453 2851 Perfectus
1491 2787 1670 2834 autem
1690 2781 1814 2846 erit,

164 2870 220 2925 si
240 2871 315 2924 sit
340 2871 482 2925 sicut
507 2870 769 2938 magister
795 2856 1223 2941 ejus.Quoniam
1247 2869 1332 2924 sic
1357 2867 1816 2923 aemulatursim-

163 2957 302 3030 plex
331 2957 659 3031 discipulus
685 2958 1167 3031 magistrum,qui
1199 2961 1368 3031 putat
1397 2974 1459 3014 se
1489 2958 1609 3012 fore
1638 2956 1819 3028 perfe-

163 3051 351 3114 ctum,
385 3047 433 3103 si
463 3045 514 3102 ei
542 3046 1210 3120 valeatadaequariﬂinc
1239 3045 1493 3119 estquod
1525 3043 1817 3117 nihilplus

164 3140 340 3192 nocet
355 3135 687 3209 plebibusin
703 3135 1163 3208 Ecclesia,quam
1177 3134 1814 3208 magistriperversitas.

1929 571 2144 627 magna
2192 557 2538 612 necessitate
2587 562 2726 612 sunt
2787 558 3227 630 objurgationes
3283 559 3572 617 adhiben-

1929 645 2033 711 dae,
2069 647 2126 700 et
2155 662 2270 700 non
2306 644 2418 700 nisi
2464 650 2729 718 respectu
2761 646 2882 714 Dei,
2918 650 2975 702 et
3031 652 3255 704 remota
3303 650 3375 704 ab
3405 651 3572 705 oculo

1924 734 2108 789 trabe.
2145 738 2364 806 Itaque,
2399 735 2606 791 fratres
2663 735 2796 800 mei,
2844 735 3252 792 misericordiae
3298 737 3574 810 operibus

1926 822 2291 892 insistemus,
2327 823 2596 895 judicare
2627 829 2685 879 et
2743 824 3024 880 damnare
3071 825 3218 882 alios
3267 827 3570 884 evitemus.

1927 911 2307 967 Dimittamus
2338 916 2402 966 ut
2431 913 2603 968 nobis
2632 912 3198 980 dimittatur,demus
3217 921 3281 970 ut
3303 917 3576 972 nobisde—

1926 994 2041 1057 tur,
2075 994 2140 1046 ut
2169 1008 2506 1048 mensuram
2537 993 2750 1048 bonam
2781 997 2838 1048 et
2863 994 3206 1062 confertam,
3239 999 3296 1051 et
3325 996 3576 1069 coagita-

1926 1083 2070 1148 tam,
2104 1084 2164 1136 et
2191 1080 2800 1152 superefﬂuentem,id
2833 1085 2922 1138 est
2951 1086 3226 1138 aeternam
3257 1084 3575 1141 beatitudi-

1927 1185 2060 1224 nem
2093 1169 2345 1240 recipere
2378 1185 2727 1226 mereamur.
2765 1170 2927 1234 Quod
2959 1171 3130 1230 nobis
3161 1173 3457 1242 concedat,
3475 1174 3574 1246 qui

1927 1262 2016 1315 est
2045 1275 2222 1331 super
2254 1259 2453 1316 omnia
2483 1259 2824 1316 benedictus
2854 1260 3030 1316 Deus.
3061 1263 3267 1318 Amen.

2522 1366 2826 1422 llOMILIA
2862 1368 2979 1423 XII.

2200 1455 2478 1493 DOMINICA
2519 1455 2729 1500 QUINTA
2767 1455 2906 1494 POST
2941 1457 3306 1496 TRINITATEM.

1997 1527 2340 1590 Charissimi,
2401 1543 2582 1583 omnes
2636 1528 2928 1584 unanimes
2983 1529 3045 1583 in
3099 1531 3345 1586 oratione
3391 1539 3572 1601 estote,

1924 1617 2326 1685 compatientes,
2382 1618 2750 1687 fraternitatis
2823 1625 3108 1686 amatores,
3177 1619 3573 1678 misericordes.

1925 1703 2170 1772 modesti,
2201 1705 2454 1772 humiles,
2507 1709 2614 1761 etc.
2651 1705 2698 1777 (Ι
2712 1707 2858 1762 Petr.
2882 1706 2985 1779 Ill.)
3028 1707 3461 1780 Quadripertita
3487 1713 3578 1767 est

1931 1793 2052 1849 hinc
2081 1793 2271 1862 lectio,
2304 1795 2512 1850 fratres
2543 1796 2678 1850 mei.
2697 1795 2890 1851 Primo
2909 1795 3067 1851 enim
3099 1795 3438 1853 exhortatur
3467 1815 3575 1855 nos

1927 1881 2240 1954 Apostolus
2271 1883 2343 1938 ad
2377 1900 2495 1950 sex,
2522 1899 2669 1956 quas
2699 1889 3004 1940 enumerat
3032 1885 3574 1945 virtutes.Secundo

1928 1971 2001 2026 ad
2035 1970 2336 2027 meliorem
2387 1972 2849 2030 retributionem.
2910 1973 3103 2030 Tertio
3152 1976 3409 2032 ostendit
3438 1977 3574 2033 boni

1928 2060 2367 2117 aemulatoribus
2397 2062 2692 2118 neminem
2740 2079 2911 2136 posse
2960 2080 3188 2120 nocere.
3223 2067 3438 2131 Quarto
3467 2084 3575 2124 nos

1929 2153 2127 2206 monet
2157 2151 2341 2206 Deum
2387 2150 2447 2206 in
2507 2151 2676 2206 nobis
2733 2152 3117 2209 sanctiﬁcare.
3152 2153 3344 2211 Primo
3397 2156 3577 2229 igitur

1927 2239 2196 2294 hortatur
2220 2257 2326 2295 nos
2359 2241 2430 2295 ad
2463 2258 2565 2296 sex
2593 2241 2836 2297 virtutes
2867 2242 3107 2298 dicens:
3144 2243 3339 2300 Omnes
3366 2247 3574 2302 uicani-

1924 2344 2038 2384 mes
2067 2330 2129 2383 in
2157 2331 2404 2384 oratione
2431 2337 2606 2385 estote.
2645 2330 2819 2386 Porro
2867 2332 3187 2387 unanimus
3236 2333 3416 2406 aliqui
3443 2347 3575 2392 esse

1927 2434 2041 2472 non
2075 2418 2460 2490 possunt,nisi
2491 2419 2612 2473 sint
2641 2419 2775 2474 boni
2800 2423 2856 2474 et
2887 2419 3224 2476 amici.Mali
3255 2422 3411 2478 enim
3433 2441 3576 2480 una-

1928 2505 2116 2562 nimes
2141 2523 2272 2562 esse
2302 2525 2416 2562 non
2446 2513 2691 2580 possunt
2707 2526 2842 2564 cum
2871 2508 3030 2565 vitiis
3061 2510 3315 2567 serviant
3346 2517 3576 2570 contra.

1927 2595 2050 2649 riis.
2085 2597 2386 2660 Quomodo
2399 2614 2606 2653 avarus
2635 2597 2983 2670 etprodigus
2996 2604 3194 2654 essent
3225 2601 3577 2658 unanimes?

1927 2685 2225 2747 Quomodo
2258 2685 2510 2739 crudelis
2543 2691 2599 2740 et
2651 2685 2953 2759 negligens
2993 2692 3192 2742 essent
3225 2689 3574 2746 unanimes?

1927 2773 2228 2837 Quomodo
2259 2773 2626 2845 impetuosus
2647 2779 2702 2829 et
2715 2774 3130 2831 formidolosus
3147 2781 3345 2832 essent
3359 2778 3574 2833 unani-

1928 2875 2054 2916 mes
2065 2862 2166 2916 ?At
2183 2862 2316 2916 boni
2338 2861 2475 2934 quia
2487 2863 2686 2918 colunt
2698 2863 3100 2936 virtutesque:
3121 2882 3425 2938 nunquam
3445 2883 3577 2924 cono

1927 2949 2115 3004 trariae
2147 2951 2248 3006 sed
2281 2967 2514 3024 semper
2543 2953 2880 3021 concordes,
2916 2956 2974 3008 et
3003 2969 3130 3010 sese
3173 2956 3574 3013 coadunantes

1928 3043 2086 3106 sunt,
2119 3039 2428 3096 unanimes
2456 3057 2584 3096 esse
2613 3046 2884 3112 possunt,
2918 3042 2965 3097 si
3009 3043 3321 3100 affectuose
3342 3060 3470 3100 sese
3485 3045 3574 3100 dio

1925 3127 2134 3200 ligunt.
2163 3132 2378 3185 Omnes
2408 3129 2646 3200 quidem
2691 3130 2826 3186 boni
2856 3129 2916 3185 in
2963 3129 3208 3188 volendo
3238 3133 3576 3192 communia

165 3226 304 3290 Quae
337 3207 492 3280 enim
513 3223 712 3282 vident
734 3225 919 3281 facere
936 3207 1503 3298 magistrumisuum,
1522 3222 1816 3278 voluntfa—
1849 3207 1892 3273 C
1931 3217 2103 3282 bona,
2135 3217 2311 3272 unius
2341 3217 2656 3273 voluntatis
2687 3218 2964 3274 sunt.Sed
2987 3218 3139 3274 circa
3158 3219 3398 3276 alterius
3420 3221 3574 3278 bona

165 3330 300 3370 cere
328 3314 590 3371 dicentes
617 3332 665 3369 :«
697 3314 973 3386 Nunquid
997 3331 1102 3386 ego
1134 3330 1266 3369 sum
1292 3312 1500 3368 melior
1519 3311 1817 3368 sacerdote

165 3420 300 3460 meo
323 3405 468 3459 ?non
501 3407 590 3460 est
618 3402 944 3477 discipulus
974 3420 1152 3476 super
1177 3401 1817 3475 magistrum.»Rursus

162 3509 274 3566 per
301 3493 747 3549 similitudinem
761 3493 1299 3548 ostenditvitiosum
1319 3508 1432 3546 non
1448 3491 1656 3546 debere
1674 3489 1818 3546 acci-

162 3599 302 3655 pere
331 3582 910 3654 magistratum,cum
943 3581 1145 3637 subdit
1169 3599 1182 3638 :
1210 3580 1350 3650 Quid
1363 3589 1546 3636 autem
1559 3580 1706 3636 vides
1733 3583 1816 3652 fe-

161 3679 376 3726 stucam
388 3673 448 3726 in
471 3671 626 3727 oculo
637 3673 833 3740 fratris
865 3673 966 3739 tui,
1001 3671 1208 3727 trabem
1221 3678 1410 3726 autem
1437 3685 1555 3740 qaae
1575 3671 1634 3724 in
1664 3670 1816 3725 oculo

166 3768 482 3825 tuoest,non
507 3759 1032 3824 consideras?Quasi
1063 3761 1310 3816 diceret:
1336 3759 1635 3826 Quomodo
1665 3775 1816 3831 pra:-

170 3849 359 3905 sumis
370 3849 789 3922 reprehendere
811 3849 956 3905 alios
978 3850 1050 3905 de
1071 3849 1280 3905 minori
1299 3849 1597 3917 vitio,cum
1620 3852 1684 3903 tu
1697 3865 1817 3902 ma-

161 3937 280 4008 jori
295 3937 433 3993 vitio
450 3937 677 3994 labores
688 3937 1016 4001 ?Quomodo
1037 3939 1222 3994 audes
1233 3935 1815 4010 reprehendereiram

172 4027 524 4098 fratris,qua-:
552 4031 642 4082 est
663 4026 832 4099 quasi
849 4028 1069 4082 festuca
1091 4027 1148 4081 in
1168 4025 1335 4083 oculo
1357 4026 1733 4094 mentis,cum
1751 4031 1814 4081 tu

169 4114 390 4183 odium,
423 4116 579 4187 quod
628 4120 718 4172 est
766 4116 934 4188 quasi
981 4115 1178 4172 trahes
1223 4115 1285 4171 in
1323 4112 1518 4170 mente
1542 4119 1664 4184 tua,
1696 4132 1813 4170 non

167 4203 580 4274 reprehendas.
615 4205 924 4276 Hypocrita,
958 4206 1094 4278 ejice
1118 4207 1298 4278 primo
1327 4207 1532 4261 trabem
1569 4204 1634 4259 de
1661 4206 1814 4261 oculo

167 4299 280 4359 tuo,
312 4300 364 4347 et
389 4295 513 4348 tuac
555 4296 849 4367 perspicies
895 4301 956 4350 ut
994 4295 1194 4351 educas
1239 4297 1504 4366 festucam
1551 4293 1618 4349 de
1655 4292 1814 4350 oculo

158 4381 355 4452 fratris
386 4379 669 4446 tut.Quasi
699 4383 948 4439 diceret:
977 4383 1238 4439 Primum
1279 4383 1534 4456 teipsum
1567 4381 1810 4457 corrige,

161 4468 211 4525 si
243 4469 390 4526 alios
417 4470 506 4527 vis
535 4471 1040 4545 corrigere,primo
1072 4472 1328 4544 teipsum
1347 4470 1646 4539 munda,si
1668 4470 1812 4528 alios

1925 3305 2182 3378 propria,
2209 3305 2356 3362 alter
2381 3306 2552 3378 friget
2571 3306 3157 3378 aliquando.Quando
3179 3312 3375 3364 autem
3391 3308 3571 3382 aliqui

1926 3394 2062 3450 boni
2092 3394 2174 3450 ita
2203 3411 2329 3450 sese
2361 3395 2798 3468 diligunt,quod
2819 3396 2968 3452 alter
2994 3395 3122 3453 vult
3152 3397 3305 3453 bona
3330 3397 3571 3454 alterius

1924 3483 2079 3539 sicut
2108 3482 2324 3551 sua,illi
2352 3483 2551 3556 procul
2582 3484 2761 3540 dubio
2787 3485 3099 3542 unanimes
3129 3489 3287 3542 sunt.
3319 3487 3571 3543 Multitu-

1923 3573 2069 3629 dinis
2114 3574 2468 3641 credentium,
2519 3573 2732 3645 inquit,
2763 3583 2881 3630 erat
2933 3591 3027 3630 cor
3078 3591 3271 3641 unum,
3304 3583 3355 3632 et
3382 3577 3573 3634 anim

1923 3679 2036 3718 una
2069 3663 2202 3734 (Act.
2237 3667 2336 3732 ιν).
2369 3663 2439 3717 Et
2477 3679 2660 3718 unum
2722 3663 2960 3735 quidem
3009 3679 3110 3719 cor
3149 3663 3256 3731 eis,
3289 3664 3568 3736 quoniam

1924 3751 2078 3808 bona
2105 3767 2266 3824 aeque
2293 3751 2583 3820 volebant,
2603 3768 2721 3808 una
2744 3769 2878 3807 vero
2903 3751 3102 3808 anima
3131 3757 3254 3808 erat
3282 3753 3386 3822 eis,
3419 3771 3569 3827 quo-

1925 3841 2086 3896 niam
2111 3858 2266 3896 unus
2296 3841 2577 3914 diligebat
2623 3840 2828 3908 alium,
2861 3841 3016 3897 sicut
3061 3842 3320 3899 animam
3374 3860 3564 3902 suam.

1922 3929 2202 3986 Hortatur
2230 3930 2410 4004 igitur
2435 3930 2747 4002 Apostolus
2773 3947 2900 3998 nos,
2921 3934 2987 3985 ut
3015 3931 3202 3986 simus
3234 3931 3564 4000 unanimes,

1921 4019 2211 4092 prazcipue
2241 4019 2302 4074 in
2332 4020 2611 4086 oratione,
2637 4019 2695 4074 id
2728 4023 2818 4074 est
2845 4018 2904 4073 in
2949 4019 3203 4090 optando
3233 4023 3290 4074 et
3318 4020 3567 4091 petendo

1922 4108 2094 4164 bono.
2130 4107 2253 4164 Una
2283 4107 2440 4163 enim
2475 4106 2658 4164 oratio
2713 4106 3035 4178 plurimum
3093 4105 3376 4173 ﬁdelium,
3409 4107 3460 4162 si
3491 4107 3569 4164 sit

1921 4195 2241 4263 unanimis,
2273 4197 2544 4252 inefﬁcax
2589 4213 2718 4252 esse
2751 4213 2867 4252 non
2924 4199 3134 4268 potest.
3177 4195 3377 4252 Simus
3405 4211 3564 4270 ergo,

1920 4285 2127 4340 fratres
2159 4285 2292 4353 mei,
2327 4285 2386 4340 in
2419 4285 2677 4340 oratione
2729 4285 3060 4352 unanimes,
3092 4301 3207 4340 non
3238 4284 3430 4340 solum
3457 4301 3566 4340 cs3-

1920 4373 2060 4429 teris
2108 4374 2401 4440 fidelibus,
2434 4375 2535 4430 sed
2585 4374 2762 4430 etiam
2815 4373 3227 4446 unusquisque
3267 4373 3378 4430 sibi
3429 4374 3564 4446 ipsi.

1916 4463 2074 4518 Sicut
2102 4464 2260 4519 enim
2292 4463 2391 4519 ille
2441 4463 2726 4535 quilmale
2783 4463 3032 4536 petendo
3077 4463 3149 4518 ab
3183 4463 3567 4520 unanimitate

159 4559 245 4614 vis
278 4561 586 4616 mundare.
619 4557 858 4632 Oportet
912 4562 1069 4618 enim
1120 4568 1186 4617 ut
1208 4578 1420 4617 manus
1451 4561 1530 4615 sit
1561 4560 1804 4628 munda,
1836 4581 1884 4645 Β
1913 4553 2181 4645 Ecclesiae
2229 4551 2543 4645 discordat,
2563 4550 2850 4645 indignus
2887 4554 2998 4645 .es-t
3052 4549 3352 4645 exaudiri:
3399 4549 3483 4605 ita
3510 4554 3568 4606 et

157 4665 286 4721 quae
318 4649 461 4704 alias
506 4649 633 4706 vult
672 4651 980 4719 mundare,
1031 4667 1125 4718 ne,
1158 4650 1208 4706 si
1259 4650 1431 4706 fuerit
1479 4649 1806 4715 immunda,

155 4741 313 4794 tacta
341 4738 598 4794 deterius
623 4738 1127 4811 coinquinet.lnde
1151 4739 1432 4795 Dominus
1465 4739 1536 4794 de
1565 4737 1810 4792 muliere

159 4826 220 4880 in
252 4827 538 4883 adulterio
600 4828 982 4900 deprehensa,
1013 4829 1130 4884 ait:
1166 4829 1274 4897 Qui
1315 4830 1436 4884 sine
1461 4835 1682 4900 peccato
1711 4833 1809 4893 est,

156 4917 376 4987 pri-mus
407 4917 469 4971 in
489 4933 609 4972 eam
639 4916 880 4989 lapidem
912 4919 1098 4973 mittat
1125 4919 1301 4990 (Joan.
1330 4919 1475 4985 VIII).
1510 4914 1684 4981 Quasi
1717 4914 1810 4968 di-

163 5008 354 5059 ceret:
379 5005 620 5077 Oportet
648 5006 886 5078 quidem
917 5009 983 5062 ut
1025 5006 1273 5062 adulteri
1317 5005 1674 5077 judicentur,
1707 5004 1808 5060 sed

166 5108 201 5147 a
225 5091 402 5148 castis
427 5111 440 5162 ;
461 5097 525 5150 ut
555 5095 833 5152 malitiosi
863 5096 1237 5164 damnentur,
1259 5095 1359 5151 sed
1389 5095 1461 5149 ab
1491 5093 1810 5150 Innocenti-

165 5179 278 5238 bus
305 5185 390 5250 ;ut
414 5183 497 5238 rei
528 5183 914 5256 corrigantur,
938 5186 1038 5241 sed
1072 5202 1106 5240 a
1123 5183 1555 5257 justis.ltaque,
1579 5184 1807 5249 fratres,

163 5269 212 5325 si
245 5286 420 5342 quem
449 5271 721 5330 volumus
751 5273 1400 5347 reprehendere,primo
1427 5272 1730 5328 videamus
1760 5271 1809 5328 si

160 5358 386 5415 similes
410 5361 460 5416 ei
493 5360 867 5427 simus.Quod
901 5363 952 5420 si
982 5363 1434 5436 sumus,pariter
1465 5361 1810 5435 ingemisca-

158 5462 318 5516 mus,
343 5452 401 5504 et
429 5465 546 5506 non
577 5467 711 5508 eum
742 5453 914 5509 nobis
964 5455 1386 5527 obtemperare,
1421 5451 1522 5508 sed
1546 5467 1680 5507 eum
1712 5466 1810 5524 pa-

158 5531 301 5592 riter
324 5537 630 5596 nobiscum
664 5541 960 5598 emendari
1015 5559 1382 5600 moneamus.
1416 5541 1577 5606 Quod
1609 5539 1658 5594 si
1690 5555 1807 5594 non

158 5642 370 5683 sumus
391 5627 636 5698 similes,
671 5630 772 5702 qui
828 5635 1026 5688 tamen
1083 5632 1221 5689 olim
1268 5631 1512 5696 fuimus,
1541 5629 1632 5686 vel
1680 5643 1810 5685 esse

160 5717 483 5792 potuimus,
503 5718 556 5776 ei
586 5720 1124 5780 condescendamus
1145 5737 1162 5781 :
1187 5725 1250 5780 et
1277 5737 1395 5781 non
1423 5736 1494 5780 ex
1521 5718 1674 5792 odio,
1706 5718 1808 5778 sed

1919 4645 2016 4700 ille
2047 4643 2144 4715 qui
2180 4659 2214 4697 a
2241 4641 2393 4697 bono
2425 4641 2581 4712 quod
2613 4638 2929 4713 postulavit
2956 4639 3018 4694 in
3049 4637 3312 4694 oratione
3341 4653 3446 4710 per
3475 4655 3564 4694 re-

1917 4733 2160 4806 probam
2188 4733 2368 4786 vitam
2399 4730 2623 4786 discors
2654 4733 2760 4784 est.
2793 4729 2864 4784 Et
2894 4727 3172 4800 quoniam
3204 4725 3565 4784 unanimitas

1917 4839 2021 4895 per
2050 4820 2516 4893 compassionem
2574 4819 2826 4874 maxime
2883 4815 3266 4890 dignoscitur,
3295 4815 3566 4872 hortatur

1919 4912 2343 4982 subsequenter
2373 4926 2480 4965 nos
2513 4907 2832 4980 apostolus,
2860 4909 2928 4962 ut
2958 4906 3146 4962 simus
3175 4907 3564 4975 compatientes

1917 4999 2294 5073 patientibus,
2328 5015 2445 5052 non
2476 4997 2728 5062 ﬁctione,
2761 4999 2825 5050 ut
2851 4994 3072 5050 faciunt
3102 4992 3562 5060 adulatores,sed

1916 5105 2050 5144 vera
2073 5088 2288 5144 mentis
2316 5087 2636 5152 affectione,
2669 5088 3001 5141 nostrorum
3047 5083 3292 5138 fratrum
3332 5081 3564 5138 dolores

1918 5182 1976 5234 et
2003 5179 2221 5234 damna
2246 5177 2508 5233 faciendo
2560 5179 2780 5241 nostra,
2813 5178 2878 5228 ut
2935 5172 3184 5229 faciebat
3211 5170 3428 5228 Paulus
3459 5170 3563 5243 qui

1917 5267 2182 5324 dicebat:
2242 5267 2374 5334 Quis
2427 5265 2768 5336 inﬁrmatur,
2825 5270 2877 5318 et
2930 5277 3026 5332 ego
3093 5277 3207 5318 non
3263 5262 3566 5334 inﬁrmari

1919 5357 2052 5424 Quis
2107 5355 2536 5421 scandalizatur,
2595 5361 2646 5409 et
2700 5367 2794 5424 ego
2866 5366 2978 5407 non
3027 5367 3160 5408 uror
3207 5353 3257 5420 (Ι
3311 5352 3431 5408 Cor.
3480 5349 3564 5422 x.)

1918 5445 2311 5501 Ostendamus
2341 5459 2443 5514 per
2471 5439 2936 5514 compassionem
2957 5456 3064 5497 nos
3083 5453 3216 5496 vere
3235 5454 3365 5495 esse
3386 5452 3566 5493 mem-

1917 5535 2024 5590 bra
2053 5534 2262 5590 Christi
2294 5538 2352 5590 et
2387 5530 2674 5588 Eccleriaa.
2711 5529 2783 5585 Ut
2831 5528 3330 5602 quemadmodum
3361 5527 3422 5582 in
3453 5525 3562 5581 huc

1918 5639 2093 5680 mano
2151 5638 2390 5696 corpore
2442 5620 2674 5678 dolente
2729 5635 2848 5676 uno
2914 5619 3198 5683 membro,
3249 5613 3566 5672 condolent

1919 5717 2126 5773 caetera
2152 5713 2438 5788 membra,
2471 5709 2552 5770 sic
2580 5713 2639 5771 et
2659 5725 2768 5769 nos
2795 5707 3196 5789 proximorum
3224 5709 3566 5780 nostrorum
