3974 6076
16 496 41 551 ιβ

15 678 39 717 Ε

16 769 35 807 ι

22 860 39 897 ε

16 950 37 987 ι

15 1038 38 1077 :

16 1130 31 1167 ι

15 1220 37 1258 ι

16 1296 35 1347 I'

16 1400 31 1437 I

229 354 383 418 1989

865 353 1223 419 HOMIBUE
1262 354 1342 417 IN
1384 354 1633 418 EPIST.
1682 353 1784 418 ET
1826 352 2114 419 EVANG.
2160 351 2517 419 DOMINIC.
2546 389 2625 401 --
2651 353 2853 418 PARS
2896 355 2975 417 II.

3473 355 3631 419 1990

297 486 578 560 Sequitur
604 504 743 561 pars
770 487 962 551 tertia.
994 487 1055 544 in
1105 504 1223 562 qua
1272 487 1529 545 ostendit
1574 489 1873 562 apostolus
1900 491 1956 560 Α
1985 489 2338 546 animarum.
2372 488 2584 555 Quinto
2616 488 2851 545 Petrum
2891 491 3225 560 stupentem
3272 488 3627 558 consolatur,

228 577 363 634 boni
411 576 850 633 aemulatoribus
893 577 1187 634 nemiuem
1234 594 1405 651 posse
1455 595 1681 636 nocere.
1728 579 1877 635 Sunt

229 670 427 723 autem
458 664 826 735 aemulatores
858 664 1016 733 boni,
1049 666 1148 739 qui
1173 684 1478 740 nunquam
1506 667 1749 736 malum,
1773 666 1875 723 sed

233 770 465 828 semper
493 754 714 811 bonum
744 754 1117 824 aemulantur,
1143 755 1292 812 vitas
1338 755 1626 812 bonorum
1676 753 1877 812 viven-

228 843 380 901 tium
404 842 695 900 curiosius
716 847 1246 917 perscrutantur,et
1265 850 1631 901 mortuorum
1652 844 1876 918 legunt,

228 937 285 991 et
313 933 469 1007 quod
500 931 714 989 melius
740 931 801 988 in
831 932 918 989 eis
945 932 1267 1003 inveniunt,
1286 931 1656 1003 aemulantur,
1670 937 1727 990 et
1752 932 1882 989 imi-

224 1022 337 1078 tari
367 1025 672 1079 conantur.
708 1021 868 1087 Quod
902 1020 1276 1078 tendentibus
1308 1022 1381 1078 ad
1438 1023 1877 1096 perfectionem,

228 1110 715 1185 perutilissimum
746 1114 856 1166 est.
888 1108 1053 1166 Unde
1092 1109 1344 1185 legimus
1373 1112 1443 1168 de
1473 1115 1674 1168 sancto
1701 1114 1878 1168 Anto-

232 1201 350 1269 nio,
384 1200 539 1273 quod
562 1201 809 1272 junctus
838 1198 1120 1256 studiosis
1148 1200 1298 1257 vitas
1327 1200 1715 1257 aemulabatur
1742 1200 1880 1256 uni-

228 1306 554 1347 versorum.
590 1287 735 1345 Hinc
761 1286 1490 1361 Apostolus,£mulamini,
1523 1289 1735 1363 inquit,
1758 1292 1881 1347 cha-

232 1381 465 1436 rismata
492 1379 724 1435 meliora
756 1378 803 1453 (I
829 1378 950 1435 Cor.
983 1378 1105 1452 xu).
1136 1379 1229 1434 Ait
1257 1395 1393 1453 ergo
1423 1381 1496 1435 de
1524 1380 1606 1435 eis
1634 1381 1882 1453 Aposto-

231 1468 327 1525 lus
359 1485 373 1525 :
404 1469 470 1526 Et
497 1469 620 1542 quis
647 1475 725 1525 est
766 1469 862 1541 qui
886 1470 1037 1524 vobis
1064 1476 1269 1536 noceat,
1302 1470 1353 1524 si
1382 1470 1513 1525 boni
1536 1469 1884 1527 aemulatores

226 1559 492 1631 fueritis?
514 1559 593 1614 Ac
621 1555 671 1615 si
702 1556 951 1613 diceret:
984 1556 1214 1625 Nullus,
1246 1557 1385 1631 quia
1414 1558 1569 1615 Deus
1598 1575 1714 1615 non
1735 1558 1883 1628 vult,

222 1656 352 1712 imo
397 1645 544 1704 tales
587 1649 748 1702 amat
793 1649 851 1701 et
887 1648 1103 1702 tuetur.
1135 1646 1413 1704 Diabolus
1442 1647 1530 1705 vel
1560 1647 1735 1705 homo
1766 1664 1883 1704 non

230 1740 443 1814 potest,
476 1736 598 1792 imo
627 1734 803 1792 etiam
836 1735 977 1791 dum
1031 1739 1197 1809 putat
1225 1736 1309 1792 eis
1340 1754 1566 1807 nocere,
1600 1737 1684 1794 eis
1712 1737 1887 1811 prod-

230 1833 343 1896 est,
394 1825 530 1899 quia
578 1841 678 1883 eos
723 1825 1150 1898 persequendo,
1178 1827 1460 1895 vexando,
1508 1826 1684 1883 etiam
1733 1827 1886 1883 occi-

232 1916 447 1984 dendo,
476 1914 732 1971 reddunt
759 1912 1149 1986 gloriosiores.
1199 1915 1295 1972 Sic
1341 1914 1609 1972 diabolus
1637 1915 1766 1983 Job,
1801 1915 1886 1972 sic

234 2004 443 2063 Decius
473 2001 876 2072 Laurentium,
911 2002 994 2059 sic
1025 2002 1313 2060 Decianus
1342 2004 1885 2070 Vincentium,dum

233 2098 404 2168 putat
432 2092 826 2164 exstinguere,
860 2089 998 2147 facit
1042 2089 1384 2165 gloriosum.
1416 2091 1562 2148 Hinc
1603 2091 1781 2148 David
1816 2092 1888 2148 de

233 2181 461 2239 diabolo
492 2181 564 2238 ad
614 2179 931 2236 Dominum
980 2177 1261 2253 loquitur,
1313 2180 1513 2237 dicens
1545 2197 1557 2237 :
1584 2183 1757 2237 Draco
1787 2183 1887 2237 iste

232 2288 392 2346 quem
436 2270 690 2343 formasti
731 2267 803 2324 ad
853 2267 1197 2324 illudendum
1239 2269 1293 2325 ei
1346 2269 1516 2339 (Psal.
1562 2269 1701 2341 cm).
1736 2269 1887 2325 Sane

236 2360 393 2417 enim
424 2359 484 2415 in
513 2358 622 2415 hoc
653 2356 921 2415 diabolus
951 2356 1238 2424 illuditur,
1259 2357 1414 2431 quod
1447 2357 1682 2430 quando
1703 2357 1890 2413 inten-

237 2450 324 2507 dit
347 2448 548 2506 electis
578 2464 803 2516 nocere,
820 2447 933 2503 sibi
963 2446 1075 2520 ipsi
1107 2451 1296 2514 nocet,
1315 2451 1373 2504 et
1400 2446 1516 2505 illis
1548 2446 1885 2503 auxiliatur.

238 2538 385 2596 Hinc
415 2537 690 2594 subditur
720 2553 734 2593 :
763 2536 870 2592 Sed
896 2543 946 2592 et
973 2538 1028 2593 si
1044 2535 1178 2609 quid
1203 2538 1469 2608 patimini
1492 2545 1711 2609 propter
1727 2537 1890 2609 justi.

237 2630 373 2685 tiam
423 2629 584 2685 beati.
631 2626 817 2691 Quare
839 2625 867 2681 ?
896 2624 1041 2694 Quia
1086 2629 1235 2682 teste
1281 2625 1528 2681 Domino
1562 2643 1575 2680 :
1606 2627 1765 2682 Beati
1793 2627 1890 2698 qui

228 2719 660 2791 persecutionem
690 2717 987 2789 patiuntur
1023 2722 1243 2788 propter
1277 2716 1577 2788 justitiam,
1628 2717 1890 2788 quoniam

235 2809 481 2881 ipsorum
527 2813 606 2862 est
641 2821 870 2877 regnum
913 2804 1196 2861 calorum.
1242 2803 1450 2874 (Matth.
1481 2807 1557 2875 v).
1591 2805 1887 2861 Timorem

238 2900 434 2954 autem
465 2911 667 2952 eorum
698 2910 770 2950 ne
800 2892 1136 2964 timueritis,
1168 2892 1382 2966 inquit,
1411 2897 1479 2950 ut
1508 2911 1624 2950 non
1657 2897 1890 2950 contur-

238 2984 458 3042 bemini
510 2983 718 3055 (Matth.
750 2986 829 3052 x).
858 2981 1058 3038 Timor
1104 2980 1326 3038 nimius
1372 2982 1457 3038 ita
1494 2982 1887 3056 quorumdam

240 3075 525 3131 rationem
551 3074 789 3130 turbare
817 3069 985 3139 solet,
1002 3074 1067 3126 ut
1086 3070 1306 3144 stupidi
1329 3075 1387 3127 et
1404 3070 1726 3144 perturbati
1747 3070 1889 3145 quid

240 3164 428 3220 facere
458 3162 709 3220 debeant
734 3177 851 3217 non
881 3161 1203 3216 advertant.
1223 3158 1505 3217 Caeterum
1534 3177 1663 3233 nos,
1682 3161 1891 3217 fratres

1984 583 2041 635 et
2087 578 2137 635 ei
2188 577 2474 653 promittit
2529 578 2789 634 ofﬁcium
2844 576 3293 651 praedicationis.
3344 577 3634 636 Docemur

1984 666 2165 741 igitur
2209 666 2397 740 primo
2428 666 2543 735 hic,
2575 667 2803 734 fratres,
2845 684 2977 723 cum
3012 671 3232 741 quanta
3258 667 3530 726 aviditate
3559 669 3633 726 ad

1981 755 2225 812 verbum
2257 754 2359 812 Dei
2391 755 2709 812 debeamus
2740 756 3183 826 festinare,cum
3216 757 3466 814 dicitur:
3493 760 3637 816 (lum

1985 844 2165 903 turba?
2184 847 2460 901 irruerent
2476 845 2547 900 ad
2555 846 2739 901 Iesum
2758 854 2821 901 ut
2838 845 3093 902 audirent
3114 848 3336 903 verbum
3352 850 3470 905 Dei.
3486 846 3634 914 Quid

1987 934 2144 990 enim
2175 933 2333 990 aliud
2364 938 2453 990 est
2479 934 2848 1005 irruere,nisi
2878 952 3010 991 cum
3043 936 3332 995 desiderio
3362 937 3637 995 currere?

1987 1022 2131 1079 Cum
2164 1039 2376 1096 magno
2406 1040 2542 1097 ergo
2581 1023 2889 1092 desiderio,
2924 1041 3056 1081 cum
3102 1042 3319 1100 magna
3366 1026 3639 1084 aviditate

1986 1112 2059 1168 ad
2093 1112 2453 1168 audiendum
2482 1113 2724 1168 verbum
2768 1113 2870 1169 Dei
2919 1114 3234 1170 currebant
3279 1115 3380 1188 qui
3428 1115 3538 1172 hac
3567 1117 3640 1173 de

1987 1218 2167 1259 causa
2201 1202 2271 1257 ad
2314 1201 2519 1258 Jesum
2564 1200 2885 1258 irruebant.
2935 1202 3096 1267 Quod
3136 1221 3205 1260 ex
3251 1203 3381 1272 hoc,
3428 1204 3640 1263 fratres

1989 1290 2124 1359 mei,
2154 1289 2443 1363 praecipue
2472 1290 2804 1347 ostenditur
2831 1292 2985 1365 quod
3018 1309 3123 1349 nec
3155 1292 3511 1367 indigentiae,
3534 1311 3641 1352 nec

1988 1379 2292 1452 temporis,
2329 1396 2433 1434 nec
2465 1377 2575 1435 loci
2619 1379 2967 1437 necessitate
3018 1382 3469 1439 retardabantur
3498 1383 3640 1457 quin

1992 1484 2127 1524 eum
2155 1471 2557 1540 sequerentur.
2594 1468 2819 1541 Ingruit
2849 1469 3053 1539 fames,
3098 1487 3233 1527 cum
3276 1472 3404 1544 jam
3449 1473 3642 1531 triduo

1995 1555 2163 1612 illum
2194 1556 2572 1626 sustinerent,
2588 1559 2646 1613 et
2663 1561 2862 1614 tamen
2891 1575 3027 1614 eum
3055 1564 3404 1633 sequuntur.
3421 1562 3647 1637 Ingruit

1994 1662 2126 1713 nox,
2142 1648 2198 1702 et
2215 1648 2412 1702 tamen
2439 1662 2575 1702 eum
2600 1651 2948 1719 sequuntur.
2965 1647 3190 1722 Ingruit
3208 1648 3320 1707 loci
3347 1651 3643 1726 angustia,

1995 1739 2053 1791 et
2080 1738 2276 1791 tamen
2308 1751 2442 1790 eum
2472 1738 2821 1808 sequuntur,
2852 1734 2935 1792 ita
2955 1736 3131 1793 etiam
3164 1742 3229 1794 ut
3256 1747 3494 1814 propter
3520 1745 3643 1798 tur-

1996 1824 2132 1880 bam
2158 1823 2555 1897 angustialam
2587 1841 2791 1880 navem
2841 1826 3248 1896 conscendere,
3280 1832 3338 1884 et
3366 1846 3527 1887 mare
3556 1830 3644 1887 in-

1995 1917 2151 1969 trare
2182 1912 2523 1985 compulsus
2555 1913 2648 1969 sit.
2673 1913 2737 1969 In
2771 1931 2906 1987 quo,
2929 1916 3137 1971 fratres
3168 1917 3283 1973 mei
3312 1919 3493 1991 (quod
3520 1919 3647 1977 sine

1995 2001 2217 2074 gemitu
2251 2000 2441 2057 dicere
2487 2018 2603 2057 non
2651 2002 2937 2076 possum),
2972 2003 3354 2062 confunditur
3400 2011 3565 2080 tepor
3593 2012 3651 2065 et

1996 2089 2245 2146 tarditas
2276 2094 2498 2158 nostra,
2531 2089 2630 2164 qui
2660 2092 2731 2147 ad
2765 2092 3122 2149 audiendum
3151 2094 3393 2151 verbum
3424 2095 3526 2153 Dei
3555 2096 3650 2153 vix

1996 2178 2397 2248 convenimus,
2432 2179 2841 2238 convenientes
2888 2181 2984 2237 vix
3011 2183 3310 2252 audimus,
3342 2185 3649 2244 audientes

1994 2266 2089 2322 vix
2134 2266 2355 2340 aliquid
2407 2267 2545 2324 inde
2604 2284 2776 2342 opere
2818 2271 3215 2343 exsequimur.
3266 2272 3395 2343 Ubi,
3442 2274 3650 2333 fratres

1996 2356 2132 2424 mei,
2167 2361 2256 2412 est
2283 2356 2384 2412 illa
2405 2357 2609 2426 fames,
2642 2358 2714 2413 de
2742 2375 2859 2431 qua
2888 2359 3192 2433 prepheta,
3218 2361 3336 2418 imo
3368 2367 3519 2420 Deus
3548 2379 3654 2437 per

1996 2443 2365 2516 prophetam,
2396 2444 2573 2501 dicit:
2607 2447 2830 2503 Mittam
2855 2448 3061 2519 famem
3088 2449 3148 2504 in
3179 2456 3405 2520 terram,
3428 2467 3539 2508 non
3566 2454 3653 2524 fa-

1996 2549 2138 2588 mem
2164 2534 2328 2605 panis
2359 2541 2455 2589 aut
2479 2536 2620 2601 vini,
2651 2535 2744 2591 sed
2783 2537 2988 2607 famem
3014 2537 3278 2594 audiendi
3303 2540 3527 2596 verbum
3555 2540 3656 2598 Dei

1997 2622 2196 2691 (Amos,
2225 2622 2368 2694 VIII).
2399 2621 2507 2678 Ubi
2539 2626 2628 2679 est
2657 2618 2759 2679 illa
2802 2624 3049 2682 dulcedo
3100 2626 3280 2682 divini
3324 2627 3506 2697 verbi,
3537 2646 3656 2702 qua

1997 2715 2234 2784 gustata
2265 2710 2553 2766 exclamat
2581 2711 2873 2784 Propheta
2904 2730 2917 2769 :
2954 2714 3125 2783 Quam
3171 2715 3358 2773 dulcia
3397 2719 3655 2790 faucibus

1996 2800 2132 2856 meis
2160 2800 2375 2872 eloquia
2403 2807 2499 2856 tua
2525 2817 2689 2874 super
2716 2802 2823 2858 mel
2852 2804 2939 2859 ori
2964 2807 3124 2860 meo!
3153 2804 3319 2877 (Psal.
3350 2807 3569 2880 cxvm).

2068 2888 2348 2961 Sequitur
2375 2906 2512 2962 pars
2542 2890 2819 2960 secunda,
2837 2891 2896 2948 in
2929 2909 3065 2965 qua,
3091 2909 3195 2966 per
3214 2895 3654 2954 frustrationem

1999 2977 2360 3051 piscationis,
2424 2979 2791 3053 signiﬁcatur
2845 2981 3147 3039 frustratio
3203 2984 3652 3057 praedicationis,

1999 3083 2134 3123 cum
2191 3066 2510 3124 subditur:
2548 3072 2614 3125 Et
2670 3069 2811 3125 vidit
2853 3069 2991 3126 duas
3036 3088 3202 3128 naves
3254 3081 3457 3132 stantes
3504 3092 3658 3133 secus

1996 3164 2266 3229 stagnum.
2289 3157 2459 3213 Videt
2484 3162 2677 3214 autem
2708 3158 2994 3215 Dominus
3024 3160 3357 3220 miserando
3379 3164 3529 3221 duas
3561 3182 3658 3222 na-

243 3254 380 3321 mei,
413 3270 528 3310 non
561 3255 889 3308 creaturam
919 3248 1200 3322 aliquam,
1229 3249 1328 3305 sed
1361 3249 1548 3305 Deum
1579 3249 1638 3304 in
1669 3253 1896 3305 ereatu-
1925 3236 1968 3304 C
1998 3261 2118 3314 ves,
2154 3245 2209 3300 id
2258 3250 2348 3301 est
2395 3246 2862 3303 circumcisionis
2912 3252 2971 3304 et
3027 3250 3297 3323 praeputii
3344 3251 3656 3321 Ecclesiae,

243 3344 325 3401 ris
356 3343 692 3399 timeamus.
723 3339 1086 3405 Timeamus,
1116 3336 1533 3411 inquam,cum
1565 3337 1892 3408 dilectione,

245 3437 304 3491 et
332 3431 646 3507 diligamus
674 3446 810 3487 cum
840 3444 1036 3485 amore
1061 3444 1074 3483 :
1107 3427 1206 3501 qui
1236 3426 1414 3484 timor
1446 3444 1561 3485 non
1590 3426 1767 3483 infert
1792 3426 1894 3482 tri-

242 3521 625 3588 bulationem,
658 3519 759 3576 sed
788 3517 983 3591 potius
1001 3515 1313 3573 consilium
1343 3520 1401 3573 et
1417 3514 1893 3572 consolationem.

315 3609 593 3685 Sequitur
612 3626 748 3682 pars
768 3605 1069 3681 quarta,in
1093 3622 1208 3679 qua
1226 3604 1543 3678 Apostolus
1572 3622 1679 3663 nos
1700 3607 1899 3661 monet

243 3699 561 3757 Dominum
593 3700 858 3752 nostrum
889 3694 1092 3751 Jesum
1116 3693 1410 3750 Christum
1443 3693 1808 3750 sanctiﬁcare
1837 3692 1896 3747 in

246 3788 524 3845 cordibus
554 3783 791 3840 nostris.
823 3783 999 3839 Porro
1029 3782 1329 3840 Christum
1377 3782 1437 3838 in
1482 3782 1758 3839 cordibus
1788 3797 1895 3837 no-

247 3877 388 3935 stris
418 3872 879 3941 sanctiﬁcamus,
898 3872 1132 3944 quando
1156 3872 1333 3927 corda
1364 3875 1562 3928 nostra
1590 3871 1650 3926 in
1680 3886 1747 3928 eo
1768 3887 1902 3928 san-

245 3968 500 4026 ctiﬁcare
548 3961 941 4020 studeamus?
970 3961 1131 4025 Quod
1172 3960 1376 4034 utique
1422 3961 1507 4027 ﬁt,
1553 3960 1602 4017 si
1633 3961 1809 4017 vitam
1841 3965 1900 4017 et

246 4073 439 4114 mores
486 4055 615 4127 ejus
664 4048 882 4107 imitari
930 4049 1301 4123 satagimus:
1335 4049 1384 4107 si
1415 4049 1741 4106 doctrinam
1769 4050 1899 4121 ejus

245 4145 571 4219 sequimur.
603 4142 715 4197 Sed
747 4139 935 4197 simus
963 4137 1187 4208 mundi,
1229 4156 1333 4212 pro
1382 4138 1621 4195 modulo
1671 4142 1894 4207 nostro,

246 4235 401 4293 sicut
428 4232 555 4306 ipse
585 4228 844 4285 mundus
872 4232 980 4298 est,
1012 4227 1419 4284 misericordes
1449 4226 1603 4284 sicut
1631 4226 1757 4301 ipse
1786 4226 1896 4283 mi-

247 4323 496 4383 sericors
526 4323 634 4390 est,
659 4318 809 4392 justi
840 4317 993 4374 sicut
1018 4316 1144 4390 ipse
1169 4316 1371 4389 justus
1397 4319 1505 4387 est,
1537 4317 1723 4374 sancti
1745 4316 1899 4374 sicut

245 4412 261 4471 i
269 4430 373 4488 pse
403 4414 643 4470 sanctus
673 4412 782 4475 est,
796 4410 862 4463 ut
888 4405 1126 4463 tandem
1149 4421 1481 4461 mereamur
1501 4422 1629 4462 esse
1649 4405 1748 4462 ubi
1770 4407 1896 4480 ipse

246 4510 357 4562 est.
389 4501 552 4566 Quod
585 4499 708 4572 ipse
736 4499 1010 4570 praestare
1035 4494 1328 4568 dignetur,
1353 4494 1453 4567 qui
1484 4512 1618 4551 eum
1650 4495 1818 4552 Patre
1837 4499 1896 4553 et

243 4592 466 4667 Spiritu
495 4592 697 4647 sancto
736 4584 876 4641 vivit
924 4587 978 4641 et
1009 4587 1215 4658 regnat
1242 4582 1398 4641 Deus
1426 4600 1530 4657 per
1556 4584 1755 4641 omnia
1786 4602 1893 4642 szs-
1919 4607 1970 4673 Β

243 4682 377 4741 cula
407 4677 778 4738 saeculorum.
809 4677 1015 4731 Amen.

822 4816 1131 4876 HOMILIA
1165 4816 1308 4873 XIII.

508 4927 790 4970 DOMINICA
826 4923 1037 4973 QUINTA
1074 4922 1214 4962 POST
1247 4921 1613 4964 TRINITATEM.

314 5042 449 5099 Cum
478 5040 655 5096 turbae
684 5038 962 5092 irruerent
988 5030 1059 5087 ad
1084 5031 1360 5100 Jesum,ut
1385 5030 1643 5088 audirent
1670 5032 1894 5087 verbum

242 5132 368 5197 Dei,
403 5132 515 5203 ipse
567 5127 745 5184 stabat
790 5139 942 5181 secus
982 5129 1237 5193 stagnum
1284 5120 1603 5178 Genesareth
1631 5122 1781 5192 (Luc.
1813 5121 1888 5195 v).

241 5218 509 5292 Quinque
518 5213 791 5290 capitulis
803 5208 1318 5285 distinguiturhaec
1333 5208 1740 5279 lectio,fratres
1753 5211 1888 5268 mei.

238 5307 433 5365 Primo
450 5305 608 5362 enim
621 5305 899 5361 docemur
908 5317 1043 5357 cum
1057 5301 1277 5373 quanta
1287 5298 1559 5356 aviditate
1571 5300 1641 5356 ad
1656 5300 1893 5357 audien-

235 5394 382 5452 dum
413 5394 515 5451 Dei
541 5393 785 5451 verbum
815 5390 1091 5447 festinare
1122 5387 1463 5444 debeamus.
1489 5386 1758 5445 Secundo
1787 5406 1893 5463 per

231 5482 674 5541 frustrationem
698 5478 1057 5555 piscationis,
1073 5476 1443 5551 signiﬁcatur
1458 5495 1609 5553 saepe
1631 5478 1891 5537 accidere

229 5572 674 5631 frustrationem
697 5567 1144 5644 praedicationis.
1166 5565 1358 5623 Tertio
1377 5566 1609 5624 Domini
1629 5568 1889 5644 exemplo

233 5662 554 5722 instruitur
573 5658 934 5736 praedicator.
949 5657 1163 5722 Quarto
1183 5672 1287 5729 per
1305 5660 1608 5731 capturam
1638 5659 1890 5733 piscium

232 5751 604 5831 signiﬁcatur
619 5750 859 5811 Petrum
880 5748 940 5808 et
956 5743 1147 5807 socios
1165 5744 1294 5821 ejus
1317 5745 1550 5808 futuros
1568 5747 1891 5827 piscatores

2004 3334 2195 3390 adhuc
2225 3334 2397 3391 bonis
2422 3334 2687 3407 piscibus
2714 3352 2949 3392 vacuas.
2968 3338 3039 3393 Et
3070 3355 3249 3411 quare
3279 3340 3536 3398 vacuas?
3565 3340 3659 3398 Pi-

2003 3426 2258 3478 scatores
2290 3422 2468 3490 enim,
2504 3440 2609 3496 per
2638 3427 2822 3480 totam
2856 3430 3088 3482 noctem
3119 3425 3476 3499 laborantes,
3508 3429 3657 3487 nihil

2004 3514 2295 3583 ceperant,
2328 3515 2384 3567 et
2432 3511 2559 3568 ideo
2609 3512 3061 3585 descendebant,
3095 3520 3153 3572 et
3187 3515 3462 3574 lavabant
3511 3519 3661 3577 retia

2004 3599 2122 3656 Hoc
2151 3600 2305 3673 quod
2337 3604 2475 3656 tunc
2507 3601 2716 3657 accidit
2745 3602 2830 3660 eis
2858 3603 2919 3659 in
2952 3604 3293 3677 piscatione,
3314 3606 3527 3664 accidit
3549 3609 3659 3666 fre-

2004 3691 2250 3761 quenter
2277 3687 2336 3743 in
2367 3689 2796 3762 praadieatione.
2818 3692 3235 3761 Piscatores,id
3266 3700 3357 3752 est
3376 3696 3661 3769 praedica-

2004 3779 2178 3847 tores,
2194 3794 2344 3850 saepe
2366 3777 2733 3851 praedicando
2752 3778 3041 3849 laborant,
3059 3786 3117 3838 et
3138 3785 3333 3839 tamen
3358 3785 3656 3842 neminem

2002 3866 2162 3923 verbi
2192 3865 2501 3923 dulcedine
2539 3867 2799 3940 capiunt,
2847 3869 3141 3926 neminem
3179 3872 3288 3929 Deo
3322 3873 3657 3947 acquirunt.

2004 3955 2191 4020 Quare
2210 3955 2238 4010 ?
2268 3954 2407 4028 quia
2436 3972 2539 4028 per
2568 3959 2797 4012 noctem
2836 3956 3127 4025 laborant,
3159 3963 3216 4015 et
3246 3977 3361 4017 non
3392 3961 3453 4018 in
3482 3964 3659 4021 verbo

2003 4044 2164 4101 Jesu.
2197 4044 2322 4100 Duo
2363 4044 2577 4117 quippe
2607 4044 3014 4119 signiﬁcantur
3041 4064 3171 4105 esse
3215 4048 3657 4123 impedimenta,

2002 4146 2077 4190 ne
2106 4132 2441 4206 praedicatio
2473 4132 2767 4189 auditores
2798 4150 3003 4207 capere
3034 4135 3241 4207 possit,
3263 4137 3353 4195 vel
3384 4139 3525 4212 quia
3554 4157 3658 4197 au-

2004 4223 2222 4279 ditores
2237 4220 2463 4296 indigni
2483 4225 2621 4278 sunt
2639 4222 2854 4295 quibus
2869 4224 3333 4297 proﬁciatur,vel
3352 4228 3491 4301 quia
3510 4246 3659 4303 pra:-

2003 4312 2227 4369 dicator
2246 4312 2526 4386 indignus
2547 4315 2637 4368 est
2660 4312 2758 4384 qui
2781 4313 3068 4386 proﬁciat.
3091 4314 3331 4379 Quando
3363 4318 3660 4379 auditores

2001 4402 2225 4476 indigni
2247 4406 2406 4469 sunt,
2427 4401 2643 4457 frustra
2662 4400 2891 4458 laborat
2912 4402 3258 4476 praedicator
3273 4422 3378 4478 per
3402 4411 3656 4475 noctem,

2002 4492 2140 4565 quia
2169 4491 2411 4547 absente
2440 4488 2559 4545 sole
2572 4488 2840 4561 justitiae,
2877 4490 3077 4548 nullus
3108 4496 3303 4565 potest
3334 4492 3656 4552 illuminari

2000 4581 2073 4636 ab
2104 4579 2360 4637 homine.
2379 4577 2499 4634 Nisi
2524 4577 2679 4634 enim
2707 4579 2867 4635 intus
2894 4578 2971 4636 sit
2991 4579 3092 4653 qui
3114 4580 3339 4650 doceat,
3357 4581 3416 4638 in
3440 4600 3655 4641 vanum

2000 4668 2203 4742 lingua
2232 4667 2486 4725 doctoris
2507 4666 3012 4731 laborat.Quando
3040 4686 3176 4726 vero
3208 4670 3552 4743 praedicaior
3572 4672 3657 4729 in-

2002 4757 2354 4838 dignusest,
2380 4756 2481 4830 qui
2510 4756 2598 4813 vel
2630 4757 2743 4813 sibi
2768 4757 2855 4813 vel
2878 4756 3009 4814 aliis
3034 4759 3320 4831 proﬁciat,
3345 4759 3406 4816 in
3435 4778 3653 4819 vanum

2001 4863 2154 4920 saepe
2181 4846 2427 4913 laborat,
2462 4844 2601 4918 quia
2629 4862 2744 4902 non
2776 4846 3053 4919 praedicat
3092 4847 3152 4903 in
3195 4848 3369 4905 verbo
3398 4848 3561 4919 Jesu,
3593 4850 3653 4907 id

2001 4939 2090 4993 est
2114 4935 2341 5003 salutis,
2359 4934 2459 4991 sed
2482 4934 2541 4989 in
2560 4935 2734 4991 verbo
2760 4935 3187 5005 ostentationis,
3207 4936 3345 5010 quia
3364 4954 3480 4994 non
3502 4956 3653 5012 prae-

2000 5025 2155 5082 dicat
2180 5028 2244 5080 ut
2271 5022 2475 5097 prosit,
2507 5023 2608 5079 sed
2641 5026 2707 5078 ut
2736 5028 3032 5096 appareat,
3067 5025 3208 5099 quia
3247 5026 3551 5099 praesumit
3579 5029 3651 5087 de

2000 5132 2109 5172 sua
2138 5110 2493 5186 eloquentia,
2524 5128 2638 5167 non
2673 5112 2744 5167 de
2775 5111 2989 5169 Christi
3022 5114 3230 5186 gratia,
3273 5115 3412 5188 quia
3441 5116 3653 5175 deinde

2000 5222 2116 5261 non
2165 5202 2227 5259 in
2283 5202 2479 5270 verbo,
2529 5199 2588 5256 id
2637 5204 2726 5256 est
2762 5200 2823 5255 in
2869 5207 3153 5275 praecepto
3200 5204 3303 5260 Dei
3350 5206 3648 5279 przedicat.

1999 5294 2152 5351 Deus
2182 5291 2336 5347 enim
2385 5288 2659 5362 indignos
2705 5292 2863 5345 arcet
2892 5306 2925 5345 a
2953 5291 3365 5363 praedicatione
3395 5295 3597 5352 dicens
3631 5313 3646 5354 :

2000 5384 2179 5453 Quare
2229 5388 2287 5437 tu
2332 5396 2558 5437 enarras
2588 5380 2851 5453 justitias
2897 5396 3067 5450 meas,
3117 5390 3170 5439 et
3217 5385 3450 5440 assumis
3487 5391 3648 5442 testa-

1996 5479 2235 5530 mentum
2267 5485 2450 5526 meum
2474 5485 2574 5542 per
2603 5484 2659 5524 os
2705 5475 2861 5525 tuum
2881 5472 2909 5525 ?
2937 5471 3113 5540 (Psal.
3142 5474 3282 5541 xxx).
3316 5472 3646 5545 Propterea,

1998 5565 2205 5620 fratres
2234 5559 2370 5627 mei,
2403 5558 2638 5632 quando
2668 5558 2999 5632 praedicatio
3037 5577 3155 5617 non
3186 5560 3342 5632 capit
3372 5562 3431 5617 in
3461 5562 3648 5633 vobis,

1998 5651 2259 5711 ﬂendum
2289 5651 2379 5707 est
2405 5646 2592 5720 vobis,
2624 5664 2696 5705 ne
2742 5648 2887 5706 forte
2935 5649 3159 5708 occulto
3197 5648 3428 5722 judicio
3457 5649 3582 5722 Dei,
3616 5669 3654 5709 a

1997 5739 2187 5821 gratia
2211 5737 2599 5819 repellamini.
2631 5737 2919 5801 Flendum
2964 5741 3056 5802 est
3097 5753 3338 5820 quoque
3374 5744 3435 5805 et
3479 5738 3653 5807 nobis
