3974 6076
380 293 528 355 1991

1392 286 1788 350 ADDENDA.
1816 320 1896 330 —
1926 284 2329 351 RABULPBI
2372 286 2791 349 ARDENTIS.

3655 284 3815 347 1902

374 421 876 497 praedicatoribus,
910 437 982 477 ne
1012 420 1159 477 forte
1187 419 1415 493 indigni
1444 420 1657 488 simus,
1681 419 1779 493 qui
1811 417 1899 475 vel
1925 436 2029 476 no-
2054 420 2116 487 Α
2143 418 2449 493 discipulis
2478 423 2544 477 ut
2570 419 2766 477 laxent
2794 417 2942 475 retia
2968 416 3427 491 praedicationis,
3458 420 3529 475 ut
3576 416 3815 475 scilicet

375 513 467 568 bis
496 510 584 567 vel
613 510 779 567 vobis
810 506 1299 583 proﬁciamus.Et
1329 513 1468 564 tunc
1481 509 1656 580 juxta
1679 507 1737 564 id
1760 508 1912 581 quod
1934 507 2031 564 hic

373 600 647 674 legimus,
662 599 944 656 debemus
971 597 1417 667 descendere,id
1447 600 1536 654 est
1564 615 1671 655 nos
1694 596 2027 669 humiliare,

372 688 431 747 et
458 689 650 745 lavare
680 687 844 754 retia,
878 687 938 742 id
989 691 1078 743 est
1125 686 1596 760 praedicationem
1646 690 1909 742 nostram
1941 703 2030 743 re-

369 775 671 846 volvenda,
688 776 739 833 si
756 773 898 848 quid
916 793 1018 849 per
1034 773 1268 831 inanem
1286 773 1554 849 gloriam,
1569 775 1619 831 si
1642 775 1783 848 quid
1805 792 1909 847 per
1928 774 2031 830 du-

371 866 586 923 riorem
606 864 1086 937 increpationem,
1101 863 1151 919 si
1172 862 1314 936 quid
1336 881 1439 936 per
1455 861 1800 933 molliorem,
1817 864 1865 919 si
1889 864 2028 937 quid

368 972 476 1028 per
523 947 925 1027 insipientiam
966 950 1409 1023 excesserimus,
1444 950 1720 1026 lat-rymis
1768 950 2024 1010 abluere.

443 1041 720 1116 Sequitur
747 1058 884 1114 pars
915 1040 1105 1111 tertia,
1120 1040 1182 1097 in
1203 1058 1320 1113 qua
1343 1040 1575 1097 Domini
1606 1040 1867 1114 exemplo
1900 1058 2029 1097 eru-

370 1128 530 1188 ditur
556 1128 921 1204 praedicator,
956 1146 1091 1186 cum
1142 1129 1416 1185 subditur
1447 1146 1460 1186 :
1495 1129 1796 1187 Ascendens
1845 1138 2030 1187 autem

370 1223 431 1277 in
460 1236 632 1276 unam
656 1235 872 1288 navem,
905 1232 1032 1291 quae
1058 1226 1175 1275 erat
1204 1220 1469 1285 Simonis,
1491 1220 1715 1292 rogavit
1750 1235 1875 1275 eum
1904 1227 1966 1275 ut
1993 1237 2028 1276 a

370 1317 519 1367 terra
546 1307 826 1365 reduceret
851 1309 979 1380 pusi
986 1306 1144 1362 llum.
1160 1308 1225 1363 Et
1240 1307 1428 1363 sedens
1452 1305 1670 1363 docebat
1685 1307 1750 1363 de
1767 1308 2030 1363 navicula

370 1399 580 1455 turbas.
634 1396 880 1453 Instruit
925 1395 1106 1470 igitur
1144 1394 1239 1452 hic
1284 1394 1547 1469 exemplo
1596 1396 1688 1452 sui
1739 1396 2027 1453 Dominus

370 1484 830 1562 praedicatorem,
849 1484 909 1540 in
937 1483 1219 1557 quinque,
1252 1485 1567 1540 ostendens
1599 1482 1821 1540 scilicet
1850 1501 2025 1557 quem

369 1570 564 1631 locum
608 1573 815 1630 debeat
863 1570 1207 1645 praedicator
1250 1576 1465 1641 tenere,
1499 1573 1639 1646 quid
1690 1571 2023 1647 praedicam,

373 1661 514 1736 quid
547 1678 770 1736 rogare,
803 1661 1096 1733 quomodo
1133 1660 1343 1728 vivere,
1376 1661 1531 1717 unde
1577 1662 1802 1719 docere.
1844 1661 2027 1727 Quem

364 1751 562 1809 locum
594 1755 791 1808 tenere
811 1750 1038 1817 debeat,
1053 1749 1383 1807 ostenditur
1405 1767 1539 1806 cum
1561 1750 1771 1807 dicitur
1799 1767 1811 1806 :
1836 1750 2027 1807 Asceno

368 1838 525 1899 dens.
574 1839 926 1897 Praedicator
952 1838 1167 1912 quippe
1206 1838 1378 1895 debet
1406 1839 1741 1907 ascendere,
1775 1843 1840 1896 ut
1868 1838 2026 1897 altus

368 1927 466 1999 sit,
491 1927 645 1985 sicut
672 1928 880 2002 gradu,
904 1926 985 1983 ita
1011 1926 1255 1984 scientia
1274 1932 1333 1983 et
1359 1926 1495 1983 vita.
1528 1926 1692 1984 Unde
1721 1928 2022 2001 propheta,

368 2016 545 2090 Super
569 2024 805 2074 montem
833 2016 1108 2073 excelsum
1138 2015 1382 2085 ascende,
1435 2025 1494 2073 tu
1542 2018 1640 2089 qui
1681 2019 2025 2089 evangeliaas

368 2107 504 2164 Sion
536 2106 684 2180 (Isai.
716 2108 831 2175 XL).
863 2102 1010 2168 Quid
1042 2103 1249 2160 debeat
1277 2108 1473 2161 tenere
1503 2110 1561 2160 et
1587 2105 1899 2177 praedicare
1929 2123 2025 2163 os-

368 2193 632 2252 tenditur
679 2208 813 2250 cum
864 2192 1080 2250 dicitur
1111 2210 1125 2249 :
1161 2193 1223 2249 In
1267 2210 1439 2249 unam
1480 2211 1694 2266 navem,
1743 2210 1869 2267 qua
1908 2202 2029 2251 erat

368 2284 631 2342 Simonis.
664 2282 890 2338 Dicitur
929 2286 1126 2337 autem
1158 2281 1322 2338 navis
1352 2280 1412 2337 in
1445 2299 1620 2354 quam
1654 2283 1936 2352 ascendit,
1969 2287 2028 2340 et

370 2390 507 2439 una,
535 2376 592 2429 et
620 2370 897 2435 Simonis,
924 2370 982 2425 id
1014 2374 1105 2425 est
1134 2370 1480 2441 obedientis,
1509 2374 1574 2426 ut
1602 2371 1825 2427 scilicet
1854 2370 2024 2428 intel-

367 2458 515 2536 ligat
545 2474 606 2517 se
638 2459 926 2534 praecipue
955 2458 1164 2515 debere
1185 2462 1242 2514 et
1264 2462 1458 2515 tenere
1479 2462 1536 2515 et
1556 2460 1871 2532 praedicare
1892 2461 2024 2516 uni-

374 2554 555 2607 tatem
587 2553 644 2606 et
668 2547 1365 2614 obedientiam,Ecclesiae
1388 2548 1692 2615 unitatem,
1708 2553 1765 2605 et
1785 2549 2021 2617 manda,

364 2643 561 2696 torum
586 2636 999 2695 obedientiam.
1043 2635 1188 2702 Quid
1223 2636 1431 2693 debeat
1460 2654 1664 2710 rogare
1693 2638 2023 2694 ostenditur

368 2746 503 2786 cum
534 2727 809 2784 subditur
839 2744 852 2782 :
886 2727 1113 2796 Rogavit
1137 2743 1263 2782 eum
1291 2734 1351 2782 ut
1397 2744 1592 2783 navem
1618 2745 1651 2782 α
1682 2735 1827 2783 terra
1858 2726 2021 2783 redu-

365 2824 508 2875 ceret
533 2816 820 2890 pusillum.
854 2816 1079 2888 Rogare
1112 2815 1406 2887 siquidem
1455 2816 1628 2871 debet
1676 2817 2023 2888 praedicator

366 2906 687 2973 Simonem,
720 2904 779 2961 id
810 2907 901 2961 est
947 2902 1244 2960 Christum
1289 2903 1390 2978 qui
1420 2904 1697 2961 obediens
1728 2904 1837 2961 fuit
1867 2904 2020 2960 Patri

366 3012 553 3069 usque
584 2994 658 3051 ad
690 2998 961 3065 mortem,
991 2996 1055 3049 ut
1085 2993 1324 3049 reducat
1369 2992 1652 3066 pusillum
1703 2993 2017 3051 Ecclesium

364 3102 400 3141 a
428 3089 584 3142 terra
614 3083 673 3138 in
706 3098 888 3150 mare,
919 3085 984 3137 ut
1011 3081 1276 3138 videlicet
1316 3081 1377 3137 in
1409 3085 1566 3138 statu
1598 3079 1697 3139 tali
1731 3081 1825 3151 sit,
1861 3083 2018 3155 quod

2139 513 2474 581 peccatores
2506 525 2609 582 per
2650 506 2899 563 nimium
2958 505 3210 580 rigorem
3246 510 3303 563 et
3350 504 3644 562 duritiam
3694 523 3813 563 non

2139 594 2444 670 repellant,
2486 597 2587 654 sed
2621 595 2815 670 potius
2844 612 2948 671 per
2994 594 3409 652 relaxationem
3461 598 3524 652 et
3568 595 3811 651 veniam

2138 702 2239 742 eos
2269 685 2576 743 retineant.
2592 685 2736 742 Hinc
2756 688 2845 741 est
2873 684 3027 757 quod
3060 683 3293 740 novitiis
3320 688 3376 741 et
3404 683 3667 741 rudibus
3694 682 3814 757 pri-

2138 791 2304 830 mum
2331 774 2453 831 vita
2480 773 2666 830 laxior
2706 772 3062 847 indulgetur.
3100 773 3387 829 Caeterum
3436 772 3653 829 Petrus
3712 788 3809 828 u-

2136 868 2339 936 pertus
2370 880 2434 920 se
2473 863 2772 920 neminem
2801 879 2904 935 per
2932 878 2996 919 se
3025 878 3197 935 posse
3223 862 3296 917 ad
3326 860 3513 917 Deum
3540 860 3804 927 trahere,

2129 952 2257 1024 jam
2289 948 2435 1008 nihil
2466 952 2537 1009 de
2566 968 2650 1019 se,
2682 951 2783 1007 sed
2814 952 2886 1007 de
2916 950 3091 1007 verbo
3120 950 3224 1007 Dei
3254 953 3446 1007 totum
3464 950 3801 1024 praesumit,

2137 1039 2375 1097 dicens:
2401 1045 2727 1115 Praeceptor,
2754 1056 2855 1113 per
2881 1046 3050 1095 totam
3076 1046 3286 1097 noctem
3310 1038 3628 1095 laborantes
3654 1039 3803 1095 nihil

2134 1131 2393 1202 cepimus.
2425 1131 2487 1187 In
2516 1130 2677 1186 verbo
2707 1137 2888 1185 autem
2917 1137 3009 1185 tuo
3040 1129 3239 1186 lavabo
3266 1136 3395 1185 rete.
3429 1130 3497 1185 Et
3522 1144 3653 1185 cum
3684 1128 3803 1187 hac

2132 1219 2404 1293 fecissent,
2443 1219 2823 1275 concluscrunt
2868 1219 3112 1290 piscium
3154 1215 3571 1274 multitudinem
3612 1220 3800 1290 copio-

2133 1323 2269 1362 sam.
2302 1306 2465 1373 Ecce,
2499 1306 2708 1364 fratres
2752 1305 2889 1371 mei,
2939 1305 3082 1377 quid
3128 1303 3321 1361 valeat
3365 1303 3429 1360 in
3468 1303 3652 1360 verbo
3700 1303 3797 1360 Dei

2135 1393 2335 1451 omnia
2358 1395 2568 1467 facere,
2581 1399 2641 1451 et
2662 1395 2734 1451 de
2767 1410 2828 1451 se
2859 1393 3006 1449 nihil
3032 1392 3555 1466 praesumererse
3578 1391 3799 1466 quippe

2136 1484 2237 1558 qui
2270 1489 2417 1541 nutu
2448 1501 2555 1542 suo
2586 1482 2762 1541 traxit
2790 1483 2979 1559 pisces
3009 1482 3083 1538 ad
3115 1485 3237 1539 rete
3265 1480 3440 1550 Petri,
3472 1481 3605 1553 ipse
3635 1479 3800 1539 solas

2135 1589 2239 1645 per
2267 1571 2730 1629 misericordiam
2761 1588 2932 1628 suam
2962 1568 3144 1627 trahit
3186 1573 3245 1626 et
3273 1570 3431 1643 capit
3459 1574 3798 1643 peccatores

2135 1660 2195 1717 in
2228 1664 2349 1718 rete
2376 1659 2824 1735 prmdicationis.
2872 1656 3036 1716 Unde
3067 1657 3353 1717 Dominus
3384 1674 3399 1713 :
3430 1659 3601 1715 Nemo
3626 1666 3799 1730 potest

2133 1752 2321 1806 venire
2346 1749 2419 1805 ad
2436 1750 2670 1815 me,nisi
2693 1748 2858 1805 Pater
2883 1764 3036 1803 meus
3062 1748 3296 1803 traxerit
3321 1762 3447 1803 eum
3476 1745 3670 1819 (Joan.
3697 1746 3793 1816 vi).

2131 1871 2198 1880 —
2227 1839 2598 1912 Rumpebatur
2624 1846 2811 1894 autem
2836 1844 2947 1895 rete
2977 1837 3267 1894 eorum.Et
3292 1844 3615 1892 annuerant
3631 1838 3795 1893 sociis

2132 1931 2229 2001 qui
2272 1936 2430 1985 erant
2452 1928 2511 1983 in
2540 1928 2657 1984 alia
2704 1928 2855 1997 navi,
2888 1934 2950 1983 ut
2975 1928 3224 1983 venirent
3250 1932 3302 1981 et
3326 1923 3659 1997 adjuvareru
3686 1942 3793 1983 eos.

2129 2018 2194 2074 Et
2222 2024 2489 2074 venerunt
2514 2023 2569 2073 et
2602 2016 2965 2089 impleverunt
3021 2012 3210 2071 ambas
3254 2013 3557 2081 naviculas,
3608 2016 3694 2070 ita
3740 2022 3796 2070 ut

2127 2122 2265 2180 pene
2291 2113 2685 2175 mergerentur.
2731 2105 2908 2161 Porro
2953 2107 3074 2160 rete
3102 2102 3535 2177 praedicationis
3566 2100 3795 2177 rumpi-

2130 2197 2247 2264 tur,
2276 2211 2409 2251 cum
2443 2193 2643 2251 unitas
2670 2190 2938 2250 Ecclesiae
2971 2208 3077 2264 per
3104 2190 3355 2249 haereses
3383 2195 3442 2248 et
3468 2190 3796 2248 schismata

2132 2284 2442 2358 superﬂuae
2472 2280 2871 2339 multitudinis
2903 2280 3211 2338 scinditur.
3234 2280 3347 2337 Sed
3378 2279 3583 2337 nullus
3612 2274 3793 2355 piscis

2132 2372 2318 2441 cadit,‘
2341 2370 2480 2445 quia
2512 2370 2584 2427 de
2612 2366 2811 2426 electis
2842 2368 3043 2427 nullus
3090 2368 3261 2443 perit,
3293 2368 3406 2425 Sed
3456 2386 3579 2426 non
3624 2368 3791 2427 sufﬁ-

2131 2460 2319 2518 ciente
2348 2459 2604 2517 Ecclesia
2629 2459 2989 2527 Judaeorum,
3005 2454 3284 2531 impletur
3303 2457 3523 2530 pariter
3540 2458 3615 2514 de
3642 2456 3790 2516 elec-

2131 2549 2207 2606 tis
2238 2549 2493 2606 Ecclesia
2520 2547 2806 2623 gentium.
2838 2546 2909 2604 Et
2938 2547 3122 2605 amba:
3152 2545 3236 2601 ita
3265 2551 3405 2603 sunt
3434 2544 3673 2621 populis
3702 2563 3785 2604 re-

2132 2639 2321 2713 pletae,
2351 2644 2418 2694 ut
2448 2655 2594 2712 pene
2624 2636 2775 2693 inter
2804 2636 2984 2709 hujus
3016 2634 3367 2692 tumultuosi
3398 2636 3607 2691 mundi
3640 2641 3781 2692 tem-

2130 2731 2388 2802 pestates
2418 2732 2839 2800 mergerentur,
2873 2740 2980 2781 nec
3017 2728 3212 2781 tamen
3240 2729 3383 2780 sunt
3412 2741 3643 2796 mersae,
3676 2726 3783 2782 Do-

2130 2816 2290 2874 mino
2334 2814 2467 2872 illas
2498 2815 2878 2889 gubernante.
2918 2812 3322 2870 Numerositas
3350 2812 3571 2887 quippe
3604 2814 3781 2871 malo-

2129 2924 2282 2975 rum,
2317 2923 2443 2978 quae
2476 2903 2536 2961 in
2588 2902 2847 2960 Ecclesia
2891 2903 3171 2959 excrescit
3215 2920 3393 2976 super
3439 2920 3777 2974 numerum,

2127 3012 2274 3070 pene
2305 3011 2503 3052 secum
2526 2994 2725 3067 justos
2753 2991 2934 3049 trahit
2964 2991 3024 3047 in
3070 2988 3481 3066 perditionem,
3512 2992 3632 3049 nisi
3669 2992 3781 3049 Do-

2128 3084 2327 3140 minus
2356 3084 2442 3140 eis
2471 3082 2806 3139 extenderet
2836 3079 3281 3138 sustentationis
3310 3098 3581 3138 manum.

364 3186 471 3230 nec
502 3170 744 3228 nimiam
775 3170 989 3227 habeat
1027 3169 1285 3238 quietem
1316 3174 1373 3226 et
1402 3171 1775 3226 securitatem
1805 3154 2016 3227 initer-
2048 3154 2091 3223 C
2199 3172 2477 3245 Sequitur
2504 3188 2641 3244 pars
2682 3169 2909 3243 quinta,
2940 3170 3002 3226 in
3035 3187 3151 3243 qua
3178 3170 3413 3226 Petrum
3445 3173 3781 3244 stupentem

363 3261 519 3319 renis
536 3258 1054 3335 prosperitatibus,
1074 3275 1179 3314 nec
1202 3257 1446 3314 nimiam
1468 3257 1937 3329 inquietudinem
1960 3265 2019 3317 et

362 3351 637 3407 timorem
667 3349 728 3404 in
758 3346 1228 3415 adversitatihus,
1263 3363 1335 3403 ne
1365 3345 1585 3404 scilicet
1614 3365 1717 3422 per
1770 3348 2016 3405 nimiam

362 3439 736 3496 securitatem
765 3440 823 3494 ct
851 3435 1106 3510 quietem
1136 3439 1428 3508 torpescat
1453 3442 1511 3493 et
1531 3436 1904 3505 dissolvatur,
1925 3435 2016 3494 vel

361 3544 465 3602 per
492 3527 743 3583 nimium
772 3524 1042 3582 timorem
1072 3529 1128 3581 et
1158 3525 1622 3598 inquietudinem
1645 3527 2017 3600 perturbetur

360 3621 418 3674 et
446 3618 890 3687 conquassetur.
912 3614 1211 3680 Quomodo
1242 3620 1437 3671 autem
1466 3614 1672 3672 debeat
1700 3616 1889 3672 vivere
1920 3633 2014 3673 os-

360 3703 644 3774 tenditur,
695 3720 829 3758 cum
875 3701 1148 3783 subditur
1180 3721 1193 3759 :
1226 3704 1292 3760 Et
1337 3703 1565 3774 sedens;
1613 3705 1812 3761 sedere
1856 3704 2013 3761 enim

361 3792 778 3869 magistrorum
820 3794 927 3848 est.
977 3780 1199 3849 sedens
1229 3792 1444 3867 quippe
1474 3793 1533 3849 in
1564 3796 1728 3867 parte
1754 3793 2015 3850 inferiori

358 3880 693 3954 requiescit,
710 3879 771 3936 in
802 3880 1087 3954 superiori
1116 3882 1377 3955 erigitur.
1398 3882 1493 3939 Sic
1523 3899 1756 3956 quoque
1783 3881 1844 3938 in
1876 3900 2016 3956 prai-

359 3968 614 4028 dicatore
643 3968 884 4027 inferior
912 3987 1049 4044 pars
1080 3969 1373 4028 interioris
1394 3970 1748 4039 hominis,id
1769 3976 1860 4028 est
1880 3988 2011 4029 sen-

354 4056 624 4126 sualitas,
657 4057 828 4116 debet
880 4059 1179 4132 quiescere
1210 4076 1245 4115 a
1273 4058 1667 4117 sollicitudine
1715 4064 2010 4134 tempora-

354 4146 525 4217 lium,
560 4152 618 4204 et
672 4147 935 4222 superior
965 4166 1123 4223 pars,
1154 4147 1214 4204 id
1263 4152 1372 4219 est,
1404 4149 1570 4219 ratio,
1604 4167 1706 4224 per
1752 4154 2013 4208 contem-

352 4232 675 4311 plationem
705 4236 848 4311 erigi
881 4236 952 4293 ad
984 4236 1216 4293 coelum.
1246 4234 1408 4295 Unde
1459 4237 1668 4295 debeat
1697 4237 2011 4312 praedicare

352 4324 705 4394 ostenditur,
729 4341 864 4381 cum
888 4324 1139 4383 dicitur:
1166 4324 1397 4383 Docebat
1416 4325 1482 4384 de
1512 4328 1771 4384 navicula
1801 4327 2008 4386 turbas.

356 4414 703 4473 Praedicator
729 4414 887 4470 enim
919 4415 1040 4472 sive
1070 4415 1143 4471 ad
1170 4415 1505 4487 exteriores,
1535 4415 1653 4472 sive
1679 4416 1750 4472 ad
1781 4414 2014 4472 interio-

354 4510 449 4594 res
479 4502 775 4594 loquatur,
800 4502 925 4594 ipse
954 4507 1151 4559 tamen
1184 4520 1416 4594 semper
1446 4503 1518 4560 de
1546 4502 1812 4594 navicula
1838 4505 2011 4594 debet
2037 4525 2088 4594 Β

258 4600 267 4611 °
354 4590 581 4650 docere.
615 4591 746 4667 Ipse
775 4591 932 4647 enim
964 4608 1197 4666 semper
1225 4592 1397 4650 debet
1444 4610 1573 4651 esse
1620 4593 1680 4648 in
1720 4592 2006 4664 navicula,

355 4696 471 4738 non
502 4680 696 4738 solum
728 4696 992 4750 numero,
1026 4681 1129 4738 sed
1177 4680 1356 4738 etiam
1389 4682 1595 4739 merito
1639 4686 1697 4739 et
1723 4682 2006 4740 doctrina.

422 4770 701 4844 Sequitur
729 4786 865 4843 pars
911 4774 1139 4842 quarta,
1172 4771 1234 4827 in
1282 4788 1400 4845 qua
1437 4789 1541 4844 per
1589 4775 1891 4845 capturam
1920 4772 2008 4845 pi-

353 4860 566 4928 scium,
599 4858 966 4933 signiﬁcatur
996 4858 1230 4916 Petrum
1262 4864 1319 4916 et
1366 4859 1554 4917 socios
1605 4860 1735 4932 ejus
1779 4860 2008 4919 futuros

354 4948 675 5022 piscatores
707 4949 827 5004 fore
854 4947 1209 5015 animarum,
1224 4966 1357 5004 cum
1381 4948 1461 5005 ait
1490 4949 1562 5005 ad
1592 4948 1889 5006 Simonem
1921 4949 2012 5007 Je-

356 5052 459 5093 sus
493 5051 507 5091 :
543 5036 656 5091 Duc
686 5039 745 5092 in
787 5038 979 5107 altum,
1012 5047 1063 5095 et
1110 5039 1293 5095 laxate
1321 5038 1459 5094 retia
1489 5046 1666 5095 vestra
1712 5040 1774 5094 in
1817 5048 2008 5111 captu-

352 5131 493 5180 ram.
527 5122 702 5179 Porro
733 5122 899 5180 Petro
932 5125 1063 5196 soli,
1092 5126 1230 5199 quia
1259 5126 1495 5183 futurus
1524 5130 1651 5183 erat
1680 5126 1798 5183 dux
1824 5127 2005 5198 verbi,

353 5209 572 5268 dicitur
592 5227 604 5267 :
628 5216 747 5268 Duc
776 5214 837 5269 in
864 5214 1134 5284 altum,id
1165 5216 1256 5271 est
1284 5214 1343 5270 in
1374 5214 1734 5288 profundum
1767 5217 2010 5273 munda-

354 5314 565 5357 norum
588 5298 916 5359 hominum.
931 5300 1073 5358 Tam
1097 5302 1209 5375 ipsi
1232 5320 1405 5376 quam
1433 5303 1674 5374 caeteris,
1691 5304 1829 5377 quia
1848 5323 2009 5363 com-

354 5388 613 5446 muniter
641 5388 823 5447 futuri
849 5392 1017 5446 erant
1047 5391 1474 5462 praedicatores,
1510 5391 1728 5449 dicitur
1758 5411 1773 5450 :
1806 5396 2011 5452 Laxata

352 5479 495 5536 retia
521 5486 698 5537 vestra
722 5481 785 5535 in
811 5484 1112 5550 capturum.
1147 5479 1297 5535 Sane
1346 5479 1395 5537 si
1444 5482 1589 5537 retia
1637 5481 1823 5556 rigide
1876 5486 2006 5541 ten-

357 5565 593 5633 dantur,
615 5565 809 5636 pisces
839 5560 1127 5631 resiliunt,
1148 5581 1253 5621 nec
1281 5566 1609 5639 capiuntur.
1635 5569 1847 5626 Laxins
1875 5586 2009 5628 vero

356 5658 527 5711 tensa
552 5650 744 5728 pisces
770 5648 875 5709 illa
903 5654 1121 5728 queant
1148 5656 1207 5710 et
1228 5652 1850 5733 retinent.Praecipitur
1871 5674 2007 5737 ergo

2126 3260 2460 3318 consolatur
2498 3258 2805 3328 Dominus,
2853 3262 2910 3315 et
2951 3256 3004 3314 ei
3057 3256 3319 3314 ofﬁcium
3348 3257 3783 3331 praedicationis

2123 3347 2450 3424 pollicetur.
2486 3348 2740 3421 Stupens
2778 3346 2933 3404 enim
2964 3347 3170 3403 Petrus
3202 3346 3274 3403 ad
3306 3345 3664 3404 miraculum
3698 3347 3781 3421 pi-

2123 3438 2334 3507 scium,
2370 3437 2620 3512 procidit
2649 3436 2720 3493 ad
2753 3453 2945 3510 genua
2980 3434 3144 3504 Jesu,
3192 3434 3393 3492 dicens
3424 3453 3439 3492 :
3472 3435 3587 3492 Exi
3611 3454 3648 3493 a
3674 3453 3780 3508 me,

2120 3528 2368 3597 Domine,
2391 3528 2523 3600 quia
2552 3528 2712 3583 homo
2733 3534 2984 3599 peccator
3008 3542 3152 3582 sum.
3176 3524 3493 3582 Indiscrete
3518 3522 3783 3600 loquitur

2122 3616 2349 3685 Petrus,
2380 3615 2521 3672 dum
2579 3632 2641 3671 se
2686 3620 3047 3687 peccatorem
3094 3615 3482 3687 recognoscit,
3513 3620 3575 3672 et
3602 3616 3779 3673 venis

2122 3704 2342 3761 fontem
2373 3722 2409 3760 a
2437 3722 2499 3761 se
2529 3702 2805 3760 excludit.
2837 3703 2974 3760 Tale
3005 3708 3095 3761 est
3144 3720 3210 3760 ac
3261 3703 3310 3760 si
3362 3702 3587 3760 diceret
3630 3722 3780 3779 ager

2123 3792 2346 3850 medico
2373 3811 2386 3848 :
2412 3793 2633 3850 Recede
2662 3809 2698 3849 a
2728 3810 2842 3861 me,
2875 3791 3120 3863 medice,
3151 3791 3291 3864 quia
3320 3791 3597 3850 inﬁrmus
3622 3810 3775 3850 sum.

2119 3882 2242 3939 Imo
2274 3881 2322 3938 si
2365 3881 2638 3938 inﬁrmus
2684 3898 2768 3950 es,
2800 3881 3096 3961 medicum
3128 3899 3162 3938 a
3189 3887 3245 3937 te
3276 3898 3391 3938 non
3424 3898 3687 3955 separes.
3718 3883 3775 3939 Si

2123 3974 2388 4045 peccator
2415 3988 2499 4040 es,
2532 3970 2825 4026 medicum
2874 3974 3247 4044 peccatorum
3293 3969 3481 4026 Deum
3514 3988 3552 4028 a
3579 3976 3638 4028 te
3662 3989 3777 4029 non

2120 4059 2558 4134 elonges.Petro
2588 4058 2781 4115 adhuc
2812 4054 2897 4116 sic
2927 4057 3162 4115 inﬁrmo
3182 4057 3423 4131 quidam
3444 4058 3623 4117 hodie
3642 4066 3778 4117 sunt

2121 4146 2367 4216 similes,
2398 4147 2521 4222 qui,
2555 4148 2697 4204 dum
2729 4164 2791 4205 se
2819 4152 3153 4222 peccatores
3193 4147 3593 4218 considerant,
3623 4150 3776 4205 viam

2118 4238 2247 4294 vitis
2277 4236 2532 4311 arripere
2561 4237 2875 4310 trepidant,
2907 4239 2965 4293 et
2993 4241 3191 4293 tamen
3211 4236 3409 4309 jacere
3440 4237 3503 4293 in
3533 4236 3633 4295 sui
3662 4243 3777 4295 tor-

2118 4326 2277 4401 poris
2306 4325 2538 4401 ignavia
2567 4343 2683 4383 non
2733 4324 3134 4395 reformidant,
3169 4328 3225 4382 et
3252 4326 3423 4400 quasi
3453 4325 3514 4382 in
3546 4328 3778 4401 pertur-

2118 4414 2351 4472 batione
2379 4414 2694 4471 consilium
2725 4432 2842 4471 non
2873 4414 3114 4483 habent,
3160 4410 3303 4471 dum
3354 4412 3695 4473 moriuntur
3722 4416 3778 4473 et

2117 4502 2297 4561 vitam
2326 4504 2674 4577 timent,qui
2703 4503 2871 4561 stulti
2901 4506 2959 4560 et
2988 4502 3181 4559 timidi
3201 4503 3534 4560 sunt.Vera
3559 4505 3778 4580 quippe

2117 4592 2424 4650 humilitas
2449 4597 2508 4650 et
2536 4591 2585 4649 si
2611 4593 2681 4649 de
2711 4609 2775 4650 se
2805 4592 3038 4665 ditﬁdit,
3050 4596 3249 4649 tamen
3279 4608 3343 4648 se
3371 4592 3577 4649 omnia
3606 4610 3777 4666 posse

2120 4681 2180 4737 in
2211 4682 2326 4737 Deo
2356 4680 2618 4738 conﬁdit.
2636 4684 2714 4736 At
2743 4685 3043 4755 stuporem
3066 4680 3220 4737 Petri
3249 4679 3539 4737 Dominus
3570 4699 3777 4739 conso-

2118 4769 2249 4826 laus
2279 4770 2403 4826 ait:
2436 4771 2568 4828 Noli
2611 4771 2823 4839 timere,
2867 4770 3229 4827 consortium
3278 4768 3505 4827 scilicet
3552 4788 3777 4839 meum,

2122 4860 2262 4932 quia
2289 4863 2347 4915 te
2377 4876 2494 4916 non
2513 4858 2796 4932 gravabit,
2813 4858 2934 4915 imo
2966 4857 3313 4929 sublevabit,
3326 4874 3446 4915 non
3474 4858 3585 4915 tibi
3617 4877 3783 4917 noee-

2121 4948 2228 5015 bit,
2262 4946 2382 5003 imo
2403 4946 2655 5020 juvabit.
2702 4948 2787 5002 Ea:
2830 4948 2949 5015 hoc,
2981 4947 3192 5020 inquit,
3212 4947 3337 5020 jam
3378 4948 3631 5006 homines
3672 4951 3783 5007 eris

2117 5038 2357 5109 capiens.
2384 5036 2465 5092 Ac
2496 5035 2543 5091 si
2579 5034 2733 5091 dicat
2763 5052 2776 5091 :
2816 5034 2896 5092 De
2926 5034 3214 5109 piscatore
3255 5035 3362 5092 ﬁes
3406 5036 3780 5108 praedicator,

2118 5143 2223 5199 pro
2255 5142 2397 5182 nave
2427 5141 2592 5197 reges
2622 5123 2961 5193 Ecclesiam,
2994 5141 3098 5198 pro
3127 5126 3245 5180 rete
3274 5124 3778 5198 praedicationem,

2118 5232 2223 5288 pro
2245 5213 2510 5288 piscibus
2529 5212 2722 5286 capies
2744 5212 3035 5270 homines.
3052 5214 3132 5269 Ac
3153 5212 3359 5270 Petrus
3380 5217 3438 5270 et
3458 5214 3605 5271 socii
3627 5219 3783 5289 ejus,

2116 5303 2289 5361 tracti
2345 5300 2650 5373 miraculo,
2682 5302 2853 5358 tracti
2900 5302 3312 5376 promissione,
3344 5302 3519 5359 tracti
3546 5303 3782 5363 interna

2118 5392 2521 5467 inspiratione,
2537 5408 2673 5448 mox
2691 5390 3008 5449 Dominum
3034 5394 3383 5465 sequuntur.
3395 5391 3549 5450 Nam
3582 5394 3783 5452 subdi-

2119 5487 2250 5540 tur:
2282 5484 2349 5538 Et
2374 5480 2650 5539 subductis
2679 5480 2750 5537 ad
2779 5488 2979 5538 terram
3006 5480 3454 5551 navibus,sccuti
3478 5493 3617 5541 sunt
3635 5502 3780 5543 eum.

2120 5571 2443 5645 Sequentes
2471 5569 2785 5627 Dominum
2826 5571 2902 5627 ad
2948 5568 3441 5644 praedicationem,
3476 5572 3782 5631 abrenun-

2118 5660 2270 5723 tiant
2282 5658 2576 5727 omnibus,
2593 5659 2733 5739 quia
2750 5676 2867 5719 non
2890 5662 3045 5717 recte
3061 5658 3321 5721 ofﬁcium
3339 5658 3780 5739 pradioationis
