4042 6434
554 365 625 429 Π
1406 366 1788 428 SYMEONIS
1825 365 2580 427 THESSALONICENSIS
2635 363 2996 425 ARCHIEP.
3754 362 3834 424 ‘8

553 498 712 555 reges
746 482 825 537 vel
854 481 1126 552 principes
1149 480 1509 545 constituunt,
1537 480 1796 549 inopesve
1825 489 1878 534 et
1907 478 2125 542 divites,

2241 479 2410 540 ἔτους,
2443 479 2508 546 τῇ
2565 478 2780 545 κινήπε.
2830 476 3038 528 τοὶτων
3074 469 3226 537 αὖθις
3285 474 3457 544 ἀρχὴν
3505 473 3774 542 λαμϐάνει
3812 520 3825 534 ,

553 586 726 644 πει-οε
764 580 818 626 et
845 585 1031 634 sanos,
1069 570 1366 625 morientes
1397 578 1450 623 et
1481 572 1747 632 viventes,
1791 567 1918 621 viles
1945 576 1996 619 et
2032 567 2132 618 ho-

555 662 848 722 norabiles,
874 661 1067 716 stultos
1092 671 1142 715 et
1170 662 1462 731 sapientes,
1483 660 1656 714 bonos
1687 669 1739 713 et
1774 660 1945 712 malos
1970 677 1979 722 ;
2007 673 2132 711 nam

558 753 851 823 impietatis
885 762 968 809 est
1000 754 1220 808 credere
1256 753 1380 806 talia
1459 765 1619 821 posse
1653 759 1797 805 astra
1855 757 1908 805 et
1940 751 2134 803 nativi—

557 853 742 902 tatem.
809 847 1010 900 Sancta
1075 844 1216 899 enim
1258 843 1392 898 dixit
1450 843 1773 911 Scriptura:
1819 859 1838 892 ι
1874 841 2133 894 Dominus

554 933 772 1002 inopem
840 934 969 989 facit
1028 943 1082 989 et
1120 935 1274 999 ditat,
1327 932 1575 987 humiliat
1607 942 1661 984 et
1711 931 1983 995 sublevat,
2027 947 2045 982 ι
2083 937 2136 984 et

555 1025 638 1078 sic
657 1024 876 1079 deinde.
902 1024 962 1080 Et
995 1041 1008 1076 :
1040 1043 1057 1074 ι
1086 1021 1730 1078 Dominusmortiflcatet
1750 1021 2007 1082 vivillcat,
2029 1019 2131 1072 du-

554 1113 628 1167 cit
655 1115 719 1168 ad
753 1115 960 1170 inferos
989 1124 1042 1168 et
1067 1113 1299 1176 reducit,
1335 1129 1353 1164 ι
1383 1111 1634 1182 equidem
1661 1111 1806 1180 juste
1834 1109 2132 1164 secundum

562 1204 992 1274 uniuscujusque
1057 1204 1382 1260 electionem
1437 1212 1600 1272 atque
1662 1202 2017 1264 voluntatem,
2081 1205 2130 1253 vi

555 1306 732 1349 autem
772 1295 1016 1359 minime,
1072 1293 1323 1364 quoniam
1375 1294 1560 1363 justus
1613 1303 1697 1347 est
1760 1293 2024 1346 Dominus
2079 1301 2130 1344 et

546 1386 816 1454 justitiam
866 1385 1096 1449 dilexit;
1135 1393 1210 1450 et,
1246 1402 1262 1435 ι
1308 1381 1386 1437 Tu
1418 1384 1630 1448 reddes,
1663 1384 1859 1452 inquit,
1920 1382 2132 1436 unicui-

553 1490 659 1544 que
687 1475 983 1530 sccundum
1015 1490 1174 1544 Opera
1216 1474 1360 1544 ejus.
1404 1492 1423 1526 ι
1483 1474 1766 1540 Quomodo
1797 1483 1975 1528 autem
2010 1475 2131 1528 red-

551 1565 662 1630 det,
699 1566 742 1619 si
776 1566 896 1634 quis
919 1566 969 1619 vi
1013 1578 1290 1635 peccatum
1326 1567 1651 1621 virtutemve
1683 1566 1974 1633 operatur?
2003 1579 2129 1617 nam

554 1654 599 1709 si
629 1655 676 1706 vi
709 1665 853 1726 agat,
905 1669 1081 1724 neque
1119 1667 1305 1725 peccat
1348 1655 1591 1725 iniquus,
1630 1669 1806 1724 neque
1839 1653 1974 1708 bene
2003 1653 2135 1706 facit

553 1744 758 1814 justus,
785 1761 959 1814 neque
983 1745 1216 1800 trucidat
1240 1745 1572 1811 interfector,
1593 1761 1692 1801 nec
1713 1745 1981 1800 adulterat
2003 1757 2133 1798 mm-

2241 569 2335 623 καὶ
2373 569 2659 621 διοικεῖται
2692 568 2759 620 τὰ
2797 569 3053 637 δρώμενα
3103 568 3266 630 οὕτω,
3302 567 3518 637 θελήσει
3554 567 3690 620 Θεοῦ
3730 570 3836 619 καὶ

2241 655 2632 724 προστάγματι
2687 657 3102 724 συμφερόντως.
3138 658 3210 707 Οὐ
3250 656 3357 726 μὴν
3390 657 3444 710 δὲ
3496 657 3672 725 ἀρχὴν
3707 657 3833 725 εχει

2237 747 2306 800 τά
2335 746 2636 814 κτίσματα,
2665 746 2698 816 ἢ
2726 746 3049 798 δυναστείαν
3081 748 3275 809 ἐπάγει
3301 787 3315 810 ,
3353 751 3386 819 ἢ
3425 747 3621 819 γνώμῃ
3654 752 3836 814 ποιεῖ,

2239 841 2271 910 ἢ
2304 840 2402 908 τῆς
2429 839 2609 908 ψυχῆς
2649 839 2938 908 κατάρχει,
2970 839 3001 906 ἦ
3053 840 3396 907 ἁμαρτάνειν
3429 841 3756 908 ἀναγγάζει,
3791 844 3830 910 ἢ

2238 929 2443 1000 ἀρετὴν
2476 930 2798 999 ινεργεῖν,ἢ
2835 929 3077 998 βασλείς
3106 929 3371 1000 καθιστᾷν
3400 948 3456 982 τε
3485 934 3577 984 καὶ
3613 934 3824 1000 ἀρχοει-

2238 1039 2358 1084 τας.
2393 1021 2728 1089 πενομένους
2758 1037 2815 1072 τι
2865 1023 2961 1073 καὶ
2998 1021 3310 1084 πλουσίους,
3353 1022 3695 1086 ὖγιαῖνοντας
3729 1020 3828 1071 καὶ

2237 1114 2580 1184 ἀρρώστους,
2612 1113 2952 1183 θνήσκοντας
2989 1114 3080 1164 καὶ
3110 1112 3339 1176 ζῶντας,
3379 1112 3605 1178 ἀτίμους
3634 1127 3687 1160 τε
3726 1111 3828 1159 καὶ

2237 1208 2475 1273 τιμίους,
2525 1205 2806 1275 ἐμφρονάς
2842 1221 2900 1255 τε
2931 1207 3022 1256 καὶ
3056 1205 3320 1271 ἆςρονας,
3357 1201 3595 1270 ἀγαθούς
3625 1218 3683 1252 τε
3724 1203 3828 1254 καὶ

2239 1297 2532 1365 πονηρούς.
2583 1296 2800 1358 Ἀθεῖας
2852 1298 2958 1364 γὰρ
3015 1296 3075 1347 τὸ
3136 1295 3361 1346 τοιαῦτα
3407 1292 3670 1346 δύνασθαι
3722 1293 3831 1359 τὴν

2237 1389 2453 1456 γένεσιν
2500 1388 2594 1440 καὶ
2644 1390 2768 1448 τοὺς
2820 1387 3056 1456 ἀστέρας
3093 1385 3358 1450 δοξάζειν.
3407 1385 3473 1437 Ἠ
3532 1391 3641 1451 γὰρ
3694 1385 3830 1450 ἁγία

2239 1480 2455 1548 Γραφὴ,
2508 1480 2746 1548 Κύριος,
2783 1480 2939 1548 φησὶ,
2975 1479 3240 1548 πτωχίζει
3274 1478 3366 1530 καὶ
3395 1476 3668 1540 πλουτίξει
3693 1519 3705 1534 ,
3741 1493 3836 1526 τα-

2242 1575 2418 1626 πεινοί
2465 1573 2558 1626 καὶ
2590 1573 2804 1642 ἀνυψοῖ,
2846 1573 2941 1624 καὶ
3001 1573 3066 1624 τά
3101 1572 3356 1640 καθεξῆς.
3390 1571 3440 1640 7
3476 1571 3582 1621 Kal
3622 1569 3832 1636 K-me;

2240 1663 2460 1717 θανατοῖ
2495 1666 2586 1715 καὶ
2629 1665 2902 1729 ζωογονεῖ,
2946 1666 3174 1730 κατάγει
3234 1666 3310 1720 είς
3365 1663 3490 1733 ᾅδου
3544 1663 3637 1713 καὶ
3687 1661 3825 1710 ἀνά-

2241 1772 2344 1821 γει,
2379 1757 2474 1806 καὶ
2528 1756 2685 1806 τοῦτο
2737 1756 2964 1817 (intuitu;
3001 1755 3095 1807 καὶ
3133 1756 3273 1807 κατᾶ
3327 1753 3649 1823 προαίρεσιν
3685 1751 3824 1802 ἑκά-ο

559 1833 695 1886 chus
723 1849 739 1895 ;
771 1832 1018 1902 impurus
1043 1849 1149 1889 non
1178 1845 1260 1888 εει
1288 1835 1556 1905 impurus,
1589 1848 1656 1891 ne
1677 1851 1762 1904 lue
1791 1834 1875 1889 fur
1905 1833 2134 1897 furatur,

2247 1867 2372 1901 στου
2425 1850 2513 1901 xal
2561 1849 2798 1915 κίνησιν,
2849 1850 2944 1899 καὶ
2973 1849 3032 1900 οὐ
3079 1850 3217 1900 κατά
3275 1847 3416 1914 βία-ι.
3451 1846 3574 1896 Ὀτι
3614 1843 3830 1903 δίκαιος

557 1935 735 1988 neque
764 1923 934 1977 salvat
963 1923 1217 1986 salvator,
1263 1939 1360 1978 nec
1412 1924 1564 1994 virgo
1597 1924 1907 1988 virginitate
1943 1925 2129 1989 claret,

563 2027 739 2081 neque
771 2014 1469 2084 sapitsapiens.Quomodo
1487 2013 1716 2082 denique
1748 2015 1934 2081 puniet
1957 2013 2138 2066 Domi-

561 2104 688 2157 nus?
708 2105 1121 2173 quomodojusti
1148 2114 1200 2158 et
1223 2104 1389 2159 multa
1410 2105 1522 2160 sive
1545 2107 1741 2160 veteris
1756 2108 1870 2160 sive
1889 2122 2041 2160 nova:
2064 2108 2133 2160 le-

557 2195 638 2264 gis
657 2196 929 2260 exempla?
946 2195 1111 2251 Nobis
1137 2209 1260 2250 vero
1281 2195 1630 2250 credentibus
1652 2212 1756 2250 non
1787 2198 2134 2252 solummodo

559 2288 858 2341 secundum
947 2297 1190 2340 naturam
1255 2287 1458 2341 moveri
1526 2288 1822 2341 creduntur
1877 2289 2130 2354 visibilfa,

557 2383 652 2435 sed
706 2379 868 2432 etiam
907 2380 1029 2446 jure
1063 2395 1226 2448 super
1281 2393 1552 2435 naturam.
1597 2379 1732 2434 Nam
1773 2382 1864 2451 qui
1921 2393 2134 2436 creatu-

559 2485 648 2525 ras
691 2467 818 2525 fecit
854 2479 1029 2539 potest
1073 2484 1186 2535 eas,
1242 2481 1301 2524 ut
1361 2471 1613 2534 voluerit,
1673 2472 1980 2526 immutare.
2012 2473 2136 2527 ldco

559 2561 806 2634 prodigia
847 2560 974 2616 fecit
1005 2576 1168 2630 supra
1203 2571 1452 2616 naturam
1502 2563 1677 2632 posita
1732 2573 1838 2618 tam
1903 2575 2028 2618 ante
2064 2566 2132 2619 le-

558 2668 701 2722 gem,
729 2669 890 2723 quam
933 2655 986 2708 in
1023 2655 1159 2723 lege,
1203 2667 1255 2709 et
1290 2665 1413 2724 post
1473 2655 1642 2724 legem
1679 2657 2024 2711 orationibus
2051 2659 2136 2727 ju-

552 2757 788 2809 storum,
821 2756 876 2802 et
904 2745 1227 2800 miraculum
1272 2745 1406 2801 fecit
1439 2763 1692 2817 magnum
1724 2762 1887 2818 super
1917 2764 2132 2803 omnem

555 2847 794 2891 mentem
847 2847 1011 2905 atque
1076 2845 1410 2896 sermonem.
1463 2836 1702 2894 Verbum
1761 2850 1983 2909 propter
2035 2855 2134 2895 nos

557 2929 897 2982 iucarnatnm
933 2937 988 2983 et
1033 2943 1127 2997 per
1175 2928 1339 2983 vitam
1381 2928 1524 2983 inter
1582 2943 1680 2984 nos
1725 2937 2132 2992 conversatum,

555 3029 610 3070 et
643 3031 807 3071 carne
838 3030 1081 3086 passum,
1113 3027 1166 3071 et
1201 3015 1503 3071 redivivum
1533 3023 1588 3070 et
1619 3027 1743 3086 post
1774 3017 2136 3072 resurrectio-

557 3127 676 3164 ncm
761 3123 1142 3180 conspectum,
1223 3119 1425 3166 tactum
1519 3120 1683 3180 atque
1761 3126 2132 3182 progressum,

2249 1941 2440 2008 Κύριος
2481 1939 2572 1990 καὶ
2611 1938 2950 1997 δικαιοσύνας
2983 1939 3265 2006 ἠγάπησε.
3303 1938 3408 1987 Καὶ
3441 1928 3519 1986 ὅτι
3559 1933 3660 1984 ιΣῦ
3689 1934 3831 1982 ἀπο-

2245 2030 2430 2087 δώσεις
2465 2033 2699 2099 ἑκάστῳ,
2728 2034 2881 2097 φησὶ,
2903 2032 3043 2083 κατὰ
3070 2032 3133 2080 τὰ
3165 2029 3301 2097 ἔργα
3329 2026 3549 2082 αὐτοῦ.»
3576 2028 3683 2078 Kal
3707 2024 3834 2084 πῶς

2252 2121 2548 2184 ἀποδώσει,
2584 2123 2632 2172 εῑ
2673 2123 2814 2174 κατά
2868 2122 2987 2189 βίαν
3024 2121 3352 2191 ἁμαρτάνει,
3401 2119 3434 2188 ἧ
3472 2117 3769 2184 κατορθοῖ;
3805 2117 3834 2168 ὁ

2246 2212 2354 2282 γὰρ
2389 2214 2532 2265 κατά
2566 2213 2691 2284 βίαν
2727 2213 2898 2266 ποιῶν
2926 2212 3049 2265 οὔτε
3087 2213 3272 2274 ἄδικος
3308 2211 3666 2280 ἁμαρτάνων,
3697 2207 3830 2260 οὐτε

2243 2307 2449 2370 δίκαιος
2479 2305 2762 2378 κατορθῶν
2794 2323 2807 2337 ·
2841 2308 2937 2359 καὶ
2982 2305 3109 2358 οὐτε
3147 2306 3173 2357 ὁ
3210 2305 3481 2371 φονεύσας
3515 2300 3729 2370 σονεύςο
3793 2298 3828 2367 ἢ

2244 2398 2270 2449 ὁ
2330 2398 2625 2467 μοιχεύσας
2689 2398 2911 2468 μοιχὸς,
2960 2399 2992 2468 ἢ
3042 2403 3067 2451 ὁ
3101 2396 3415 2467 ἀκάθαρτος
3469 2395 3566 2447 καὶ
3613 2391 3832 2460 ἅρπαξ,

2244 2490 2551 2561 ἀκάθαρτος
2603 2508 2663 2543 τε
2708 2492 2798 2544 καὶ
2848 2491 3055 2561 ἅρπαξ,
3111 2489 3234 2543 οὔτε
3288 2492 3314 2541 ὁ
3371 2487 3561 2551 σώζων
3615 2484 3827 2555 σωτὴρ,

2245 2587 2338 2636 καὶ
2395 2587 2421 2636 ὁ
2482 2583 2750 2655 παρθένος
2809 2585 3098 2654 παρθένος,
3170 2584 3265 2636 καὶ
3340 2583 3573 2651 σώφρων
3630 2580 3657 2631 δ
3714 2579 3828 2629 σώ-

2246 2693 2420 2744 φρων,
2456 2677 2549 2730 καὶ
2597 2680 2624 2729 6
2661 2677 2870 2740 δίκαιος
2914 2677 3140 2738 δίκαιος.
3196 2676 3304 2729 Καὶ
3358 2676 3473 2736 πῶς
3505 2674 3691 2726 λοιπὸν
3729 2688 3830 2724 χοε

2243 2768 2395 2831 λάζει
2441 2769 2607 2832 Θεός;
2651 2769 2744 2820 καὶ
2780 2769 2896 2830 πῶς
2923 2768 3125 2820 δικαιοῖ
3167 2769 3259 2820 καὶ
3312 2767 3539 2818 πλεῖστα
3583 2766 3637 2817 ἐν
3666 2781 3722 2816 τε
3756 2765 3829 2832 τῇ

2246 2861 2459 2930 Παλαιᾷ
2489 2863 2585 2914 xal
2617 2863 2792 2930 Καινῇ
2823 2861 2890 2912 τά
2939 2861 3321 2929 ὑποδείγματα
3352 2878 3367 2926 ;
3405 2859 3566 2913 Ἀλὶά
3597 2859 3706 2920 τοῖς
3737 2873 3832 2907 πι-

2245 2954 2389 3015 στοῖς
2414 2953 2546 3021 ἡμῖν
2571 2952 2690 3004 οὐδὲ
2720 2953 2778 3004 τὸ
2803 2953 2946 3006 κατά
2977 2953 3140 3022 φύσιν
3173 2953 3442 3004 κινεῖσθαι
3466 2951 3534 3003 τά
3567 2949 3828 3019 ὁρώμενα

2247 3043 2407 3112 μόνον
2441 3044 2588 3110 δόξα,
2642 3046 2780 3098 ἀλλὰ
2828 3048 2925 3098 καὶ
2972 3045 3112 3116 ὑπὲρ
3147 3047 3309 3114 φύσιν
3338 3046 3584 3106 δικαίως.
3628 3043 3686 3096 ’0
3715 3043 3831 3111 γὰρ

2244 3135 2478 3204 ποιήσας
2525 3136 2623 3200 τὴν
2656 3137 2836 3188 κτίσιν
2887 3135 3063 3204 ἰσχύει
3117 3136 3479 3205 μεταϐάλλειν
3510 3133 3582 3197 ὡς
3633 3133 3829 3204 βούλε-

557 3220 764 3260 necuon
825 3209 879 3258 in
937 3205 1132 3259 malum
1184 3218 1308 3257 cum
1374 3218 1540 3258 carne
1593 3205 1915 3272 ascendens,
1949 3216 2002 3260 et
2041 3221 2134 3276 per

2242 3185 2372 3279 ται..
2392 3225 2480 3277 Διδ
2510 3185 2604 3278 καλ
2652 3227 2858 3296 τέρατα
2907 3185 3207 3297 πεποίηκεν
3236 3229 3378 3297 ὑπὲρ
3411 3229 3592 3296 φύσιν,
3621 3185 3688 3279 «la
3722 3227 3832 3292 πρὸ

560 3297 839 3365 npos'olos
866 3306 1120 3349 naturam
1142 3295 1436 3350 humanam
1458 3295 1669 3364 replens
1690 3295 1896 3366 Spiritu
1921 3307 2138 3362 sancto;

559 3389 790 3456 etsigna
845 3386 970 3441 fecit
1000 3387 1140 3447 Deus
1206 3397 1369 3457 atque
1417 3389 1687 3460 prodigia,
1729 3398 2043 3458 terramque
2075 3391 2140 3442 ad

561 3480 716 3534 tidem
763 3478 930 3533 traxit
976 3479 1090 3534 sola
1124 3479 1512 3548 prmdicatione
1547 3490 1601 3534 et
1651 3481 1959 3541 miraculis,
2014 3494 2142 3534 nec-

557 3585 667 3622 non
705 3584 878 3637 us.jue
912 3570 977 3623 ad
1028 3571 1169 3624 hanc
1227 3571 1418 3624 horam
1479 3572 1726 3641 prodigia
1783 3571 2039 3640 patravit,
2087 3579 2140 3625 et

563 3661 796 3714 mortuis
825 3669 1140 3716 sanctorum
1164 3661 1409 3731 reliquiis
1431 3663 1798 3732 precibusque
1818 3672 2136 3717 sanctorum

564 3751 832 3806 mirabilia
865 3761 1142 3821 operatur,
1175 3763 1228 3807 et
1279 3753 1483 3823 ligandi
1521 3763 1687 3823 atque
1743 3753 1988 3808 solvendi
2044 3771 2139 3822 po-

563 3853 733 3897 testas
765 3843 1150 3898 manifestatur
1184 3862 1200 3909 ;
1237 3859 1358 3913 quae
1387 3846 1571 3899 omnia
1627 3855 1751 3899 sunt
1784 3861 1948 3915 supra
1981 3856 2138 3900 natu-

559 3951 699 3998 rain,
733 3936 933 4005 Deique
962 3949 1126 4003 opera
1157 3938 1576 4006 omnipotentis.
1610 3936 1904 4008 Propterea
1932 3940 2135 3993 infirmi

560 4040 847 4094 precamur
880 4035 939 4079 ut
995 4027 1284 4082 sanitatem
1343 4012 1698 4096 accipiamus,
1747 4040 1802 4084 et
1856 4033 2046 4085 tentati
2080 4042 2139 4086 ut

559 4119 854 4174 liberemur
889 4134 952 4172 ex
994 4118 1260 4183 adversis,
1290 4129 1344 4173 et
1377 4121 1504 4174 dum
1535 4121 1804 4178 elementa
1833 4123 2139 4178 inordinate

560 4220 866 4277 moventur,
901 4211 1246 4282 postulamus
1289 4221 1348 4266 ut
1372 4213 1965 4268 secundummrdinem
2019 4231 2136 4268 Ino-

560 4317 826 4375 veautur,
897 4317 952 4362 et
1011 4307 1272 4378 pleraque
1321 4307 1456 4383 fiunt
1506 4309 1750 4361 virorum
1815 4315 2136 4361 sanctorum

559 4401 831 4470 precibus,
883 4404 1028 4458 velut
1086 4400 1270 4471 pluvia
1333 4407 1455 4471 pust
1510 4407 1724 4465 aestum,
1785 4401 1845 4454 tit
1891 4401 2135 4455 hostium

555 4494 756 4562 clades,
790 4503 848 4553 ut
881 4493 1042 4549 famis
1072 4501 1126 4548 et
1174 4493 1344 4559 pestis
1380 4492 1606 4557 solutio,
1642 4501 1696 4546 et
1737 4493 1999 4562 pleraque
2026 4493 2148 4545 alia.

553 4595 606 4642 et
641 4587 982 4641 inllrmorum
1047 4585 1384 4645 sanationes.
1438 4584 1490 4641 et
1525 4583 1896 4636 calamitatum
1929 4583 2133 4636 exstin-

553 4677 788 4742 c‘.iones,
828 4685 1048 4746 propter
1075 4691 1199 4746 quae
1255 4676 1587 4745 deprecatur
1646 4673 1910 4728 Ecclesia.
1966 4673 2135 4742 lgitnr

553 4784 705 4839 spem
749 4769 804 4824 in
837 4769 1007 4823 Deum
1033 4769 1230 4824 evertit
1257 4767 1394 4821 falsa
1423 4767 1489 4823 de
1531 4768 1748 4822 fortuna
1780 4777 1836 4821 et
1870 4765 1982 4822 fato
2016 4767 2134 4836 opi-

552 4864 666 4929 nio,
699 4862 989 4933 ipsumque
1053 4861 1224 4916 Deum
1289 4860 1542 4926 destruit,
1600 4859 1959 4929 divinamque
2014 4861 2134 4928 ejus

551 4956 878 5025 potentiam,
905 4965 960 5010 et
989 4968 1208 5010 omnem
1248 4950 1585 5021 Scripturam
1623 4961 1888 5018 sanctam,
1935 4962 1990 5007 et
2029 4951 2135 5006 ini-

550 5063 784 5118 quorum
847 5062 1056 5117 pmnas,
1092 5056 1145 5102 et
1181 5047 1454 5116 justorum
1503 5047 1831 5111 mercedem,
1861 5058 1917 5101 et
1950 5045 2132 5100 omnia

550 5137 641 5194 Dei
679 5139 955 5211 mysteria.
988 5138 1108 5193 Ideo
1134 5137 1301 5192 nolite
1352 5137 1725 5192 Christianum
1757 5137 1959 5191 ducere
2008 5151 2133 5191 eum

549 5231 643 5300 qui
693 5233 757 5286 de
821 5229 934 5286 fato
960 5237 1015 5288 et
1048 5230 1345 5300 astrologia
1392 5239 1557 5298 atque
1603 5230 1876 5286 similibus
1926 5230 2130 5284 studet.

552 5320 618 5378 Et
649 5325 697 5380 sl
729 5324 854 5393 quis
903 5322 1104 5378 dixerit
1145 5337 1207 5379 se
1261 5323 1466 5383 talibus
1542 5324 1750 5388 doceri,
1802 5340 1830 5378 a
1886 5327 2134 5379 daemone

549 5417 827 5473 deluditur
873 5426 926 5472 et
965 5415 1235 5488 rejicitur,
1273 5427 1329 5473 et
1363 5415 1432 5472 ab
1472 5415 1714 5473 Ecclesia
1748 5417 1806 5471 fit
1844 5419 2054 5472 alienus
2081 5427 2135 5472 et

549 5507 806 5564 mendax.
865 5500 1088 5565 Omnis
1127 5519 1308 5568 autem
1370 5508 1453 5562 vir
1514 5508 1823 5577 religiosus,
1885 5526 2008 5563 cum
2062 5513 2135 5566 sit

549 5599 772 5668 Christi,
800 5603 893 5673 qui
934 5611 1018 5658 est
1045 5601 1214 5658 virtus
1251 5601 1449 5669 Patris,
1470 5603 1696 5669 veritas,
1736 5604 1968 5660 Verbum
2016 5618 2132 5658 om-

551 5694 828 5765 nipotens,
855 5705 1036 5766 speret
1067 5695 1121 5749 in
1180 5693 1490 5762 Dominum,
1529 5695 1621 5765 qui
1654 5707 1756 5752 est.
1777 5713 1920 5753 nunc
1949 5707 2002 5752 et
2038 5713 2132 5767 per

548 5801 711 5844 omne
761 5787 1048 5856 saeculum,
1098 5788 1359 5858 quoniam
1422 5789 1662 5859 praeterit
1732 5787 1903 5859 ﬁgura
1964 5789 2128 5863 hujus

2242 3315 2337 3370 τοῦ
2371 3317 2561 3387 νόμου,
2595 3318 2663 3370 τά
2686 3320 2744 3370 ὲν
2787 3317 2866 3387 τῷ
2896 3321 3071 3388 νόμῳ,
3114 3322 3207 3372 καὶ
3248 3323 3387 3389 μετά
3439 3320 3603 3387 νόμον
3646 3335 3830 3388 προσ-

2242 3411 2427 3478 ευχαῖς
2463 3409 2574 3461 τῶν
2610 3410 2836 3464 δικαίων
2865 3451 2880 3474 ,
2912 3418 3007 3465 καὶ
3038 3413 3098 3466 τὸ
3152 3413 3296 3482 μέγα
3347 3413 3440 3465 xal
3473 3412 3614 3480 ὑπὲρ
3648 3413 3832 3464 πάντα

2255 3501 2380 3554 νοῦν
2409 3519 2466 3554 τε
2499 3504 2593 3554 xal
2619 3502 2778 3570 λόγον
2824 3504 2883 3557 τὸ
2946 3506 3301 3576 σσρκωθῆναι
3344 3506 3435 3557 τὸν
3487 3506 3656 3572 Λόγον
3689 3506 3835 3572 ὑπὲρ

2242 3591 2422 3661 ἡμῶν,
2458 3593 2552 3645 καὶ
2587 3593 3048 3664 ὲμπολιτευθῆναι
3098 3593 3177 3663 τῷ
3221 3595 3343 3665 βίῳ,
3377 3593 3472 3648 καὶ
3507 3595 3673 3665 σαρκὶ
3723 3613 3832 3647 πα-

2241 3684 2380 3747 θεῖν,
2411 3687 2503 3736 καὶ
2535 3687 2869 3753 ἀναστῆναι,
2917 3689 3011 3739 καὶ
3042 3688 3312 3756 ιραθῆναι
3351 3689 3492 3756 μετά
3536 3692 3636 3760 τὴν
3669 3690 3830 3757 ἔγερ-

2242 3790 2348 3837 σιν,
2386 3773 2478 3829 καὶ
2498 3773 2920 3844 ψηλαφηθῆναι,
2957 3778 3050 3827 καὶ
3083 3775 3386 3845 τραφῆναι,
3416 3789 3508 3828 καὶ
3541 3779 3620 3839 είς
3656 3777 3827 3843 οὐρα-

2241 3866 2365 3927 νοὺς
2402 3868 2542 3934 μετά
2578 3867 2677 3934 τῆς
2718 3868 2924 3936 σαρκὸς
2955 3869 3202 3921 ἀνελθεῖν
3259 3870 3353 3922 καὶ
3414 3868 3615 3935 πλῆσαι
3659 3868 3832 3921 Πνεύ-

2245 3973 2411 4024 ματος
2451 3957 2613 4025 ἀγίου
2643 3958 2745 4028 τὴν
2777 3959 3133 4030 ἀνθρωπίνην
3175 3961 3340 4028 φύσιν
3397 3961 3484 4014 διὰ
3535 3960 3646 4011 τῶν
3696 3963 3835 4012 ἀπο-

2243 4049 2470 4115 στόλων,
2498 4050 2592 4102 καὶ
2624 4052 2831 4119 σημεῖα
2861 4053 2954 4105 καὶ
2981 4053 3187 4122 τέρατα
3219 4054 3547 4124 ἐνεργῆσαι,
3577 4054 3671 4106 καὶ
3723 4053 3830 4121 τὴν

2239 4140 2569 4211 οἰκουμένην
2609 4145 2689 4205 είς
2743 4143 2842 4213 τὴν
2893 4144 3080 4223 πίστιν
3135 4143 3364 4197 ιλκῦσαι
3419 4145 3570 4214 μόνῳ
3609 4145 3688 4215 τῷ
3727 4162 3835 4214 κη-

2243 4233 2486 4303 ρύγματι
2542 4235 2634 4287 καὶ
2678 4238 2791 4299 τοῖς
2867 4220 3134 4306 θαύμασι,
3219 4239 3315 4291 καὶ
3375 4241 3504 4308 ἄχρι
3572 4237 3664 4290 τοῦ
3730 4237 3832 4290 νῦν

2240 4327 2298 4378 εν
2355 4324 2634 4395 θαύμασιν
2703 4327 3004 4396 ἀνεργεῖν,
3078 4332 3176 4382 καὶ
3261 4332 3477 4400 νεκροῖς
3543 4330 3834 4396 λειψάνοις

2240 4419 2439 4486 ἁγίων,
2483 4418 2577 4470 καὶ
2609 4419 2797 4488 εὐχαῖς
2837 4421 3032 4490 ἱερέων
3077 4425 3475 4492 τερατουργεῖν
3517 4422 3607 4474 τὸν
3666 4421 3830 4483 Θεὸν,

2238 4509 2335 4561 καὶ
2381 4511 2478 4578 τὴν
2525 4510 2617 4563 τοῦ
2651 4511 2801 4564 λύειν
2850 4513 2946 4564 καὶ
2993 4512 3214 4583 δεσμεῖν
3257 4513 3632 4585 φανεροῦσθαι
3662 4513 3830 4568 δύνα-

2241 4618 2355 4670 μιν,
2390 4601 2534 4672 ἅπερ
2567 4602 2746 4656 πάντα
2785 4603 3071 4674 ὑπερφυῆ,
3108 4605 3206 4658 καὶ
3259 4605 3354 4659 τοῦ
3403 4606 3828 4676 παντοδυνάμου

2239 4692 2374 4763 ἔργα
2409 4693 2568 4748 Θεοῦ.
2607 4693 2701 4746 Διδ
2736 4695 2830 4747 καὶ
2873 4695 3297 4766 ἀρρωστοῦντες
3325 4699 3601 4769 εὐχόμεθα
3634 4700 3830 4752 ὑγείαν

2239 4787 2442 4854 εὑρεῖν,
2470 4789 2567 4838 καὶ
2607 4789 3122 4858 περιστατοῦμενοι,
3157 4789 3506 4862 λυτρωθῆναι
3553 4791 3664 4845 τῶν
3688 4793 3829 4845 δυσ-

2239 4879 2441 4950 χερῶν,
2501 4880 2596 4930 xal
2642 4880 2753 4934 τῶν
2783 4883 3075 4951 στοιχείων
3105 4885 3436 4956 παραλόγως
3467 4887 3832 4955 κινουμένων,

2239 4972 2318 5033 είς
2354 4971 2414 5023 τὸ
2453 4972 2703 5041 εὐφόρως
2729 4964 3027 5028 κινεῖσθαι.
3062 4977 3172 5028 Καὶ
3217 4977 3446 5030 πλεῖστα
3495 4980 3706 5047 γίνεται
3740 4983 3833 5032 εὐ-

2236 5066 2362 5134 χαῖς
2389 5064 2616 5118 δικαίων
2647 5066 2881 5136 ἀνδρῶν
2915 5066 2990 5127 ὡς
3040 5068 3192 5130 ὐετδς
3233 5069 3293 5131 ἐξ
3341 5070 3580 5139 αὐχμοῦ,
3618 5070 3693 5135 ὡς
3730 5090 3832 5123 κα-

2238 5157 2516 5226 ταστροφὴ
2557 5157 2877 5227 πολεμίων,
2927 5157 3001 5220 ὡς
3048 5158 3209 5226 λιμοῦ
3255 5160 3411 5221 λύσις
3463 5163 3558 5214 καὶ
3601 5162 3822 5232 λοιμοῦ,

2240 5248 2334 5299 καὶ
2365 5248 2595 5302 πλεῖστα
2655 5250 2809 5302 ἄλλω
2846 5252 2942 5303 καὶ
3008 5251 3254 5306 ἀσθενῶν
3311 5255 3654 5324 ἀναρῤώσεις
3681 5296 3696 5320 ,
3737 5259 3831 5310 καὶ

2237 5337 2532 5410 ἀπαλλαγὴ
2592 5339 2882 5411 λυπηρῶν,
2915 5341 2981 5394 δι’
3014 5341 3049 5396 ἃ
3101 5344 3201 5396 καί
3239 5347 3273 5415 ἡ
3314 5345 3618 5416 Ἐκκλησία
3659 5365 3832 5416 προσ·

2239 5429 2481 5498 εὐχεται.
2527 5432 2857 5503 Ἀνατρέπει
2891 5435 3078 5487 τοίνυν
3111 5438 3211 5506 τὴν
3241 5440 3320 5500 είς
3357 5439 3493 5492 Θεὸν
3522 5441 3715 5492 ἐλπίδα
3757 5441 3831 5494 τὰ

2235 5521 2335 5589 τῆς
2368 5521 2539 5592 τύχης
2592 5540 2650 5576 τε
2697 5525 2790 5577 καὶ
2842 5527 3114 5593 γενέσεως
3159 5531 3253 5582 καὶ
3309 5532 3474 5585 αὐτὸν
3521 5533 3705 5586 ἀθετεῖ
3733 5535 3827 5586 τὸν

2237 5610 2404 5677 Θεὸν,
2436 5617 2530 5668 καὶ
2580 5616 2679 5686 τὴν
2733 5617 2901 5670 αὐτοῦ
2943 5619 3097 5673 θείαν
3149 5621 3382 5694 δύναμιν
3412 5665 3426 5689 ,
3493 5629 3589 5680 καὶ
3639 5627 3829 5684 πᾶσαν

2239 5703 2399 5770 ἁγίαν
2432 5703 2682 5778 Γραφὴν,
2719 5708 2818 5762 καὶ
2855 5709 3080 5764 κόλασιν
3113 5712 3337 5781 ἀδίκων,
3376 5721 3469 5769 καὶ
3519 5717 3827 5772 ἀπόλαυσιν

2239 5795 2486 5868 δικαίων,
2527 5801 2621 5854 καὶ
2658 5799 2835 5859 πάντα
2869 5800 3005 5856 Θεοῦ
3037 5807 3344 5877 μυστήρια.
3380 5810 3474 5866 Διὸ
3502 5811 3598 5866 καὶ
3629 5811 3824 5882 μηδεὶς
