4042 6438
563 351 635 416 67
1430 353 1816 420 SYMEONIS
1841 359 2604 429 THESSALONICENSIS
2644 370 3007 434 ARCHIEP.

563 458 742 514 lorum
770 457 1030 530 epistolas
1057 466 1111 513 et
1159 460 1350 526 Actus,
1378 462 1470 516 sed
1530 474 1727 533 pratter
1784 467 1887 522 ista
1937 479 2142 536 caetera:

2273 475 2372 544 μιν
2397 476 2784 548 ὑποκρίνονται
2838 480 3115 549 στέργειν,
3177 481 3270 535 καὶ
3321 481 3420 546 τὰς
3469 482 3579 538 τῶν
3611 484 3869 540 ἀποστό-

564 565 793 622 prorsus
817 548 1071 618 reficiunt
1098 549 1434 619 Scripturas,
1464 570 1566 608 nec
1585 558 1884 632 quidquam
1920 575 2154 629 evange-

565 641 794 712 llcorum
821 649 874 693 et
900 642 1330 709 apostolicorum
1353 643 1580 713 faciunt,
1604 647 1698 702 sed
1727 651 1906 716 potius
1940 661 2156 705 eontra-

563 730 642 785 ria
679 723 1050 798 committunt,
1083 734 1283 803 quippe
1321 737 1388 790 ab
1411 736 1730 792 adversario
1751 741 1858 793 acti
1885 742 2150 797 omnibus

565 821 779 876 Domini
810 822 1013 886 verbis,
1069 825 1329 892 operibus
1383 837 1438 881 et
1501 828 1892 885 traditionibus
1957 833 2154 887 adrer-

561 925 776 968 santur.
811 914 1007 968 Verum
1042 919 1223 986 potius
1257 919 1486 973 student
1524 928 1635 975 toto
1667 925 1832 976 corde
1866 924 2154 992 cogitatio-

560 1003 724 1057 nibus
778 1005 1144 1074 operibusque
1197 1010 1434 1076 partium
1517 1012 1862 1075 Antichristi.
1928 1015 2155 1084 quibus-

557 1096 683 1150 dam
717 1095 996 1152 furoribus
1025 1109 1282 1168 aguntur,
1317 1116 1510 1169 preces
1539 1104 1592 1155 in
1628 1115 1844 1162 secreto
1897 1107 2153 1162 lascivos-

557 1200 664 1256 quc
695 1200 890 1242 cautus
927 1190 1144 1258 aliaque
1176 1191 1342 1260 impia
1375 1200 1428 1244 et
1464 1193 1644 1262 turpia
1675 1203 1841 1264 atque
1901 1197 2147 1250 immun-

555 1280 787 1334 dissima
853 1290 1192 1348 operantur,
1246 1299 1368 1352 quae
1423 1300 1531 1338 non
1588 1286 1672 1342 fas
1732 1296 1817 1342 est
1867 1290 2152 1358 scriptura:

557 1374 926 1426 committere.
959 1373 1228 1442 Rejiciuut
1253 1376 1419 1430 etiam
1454 1392 1576 1430 cum
1616 1377 1719 1432 [ide
1735 1381 1918 1433 omnla
1943 1380 2148 1435 Christi

556 1464 840 1531 mysteria,
859 1462 978 1515 etin
1005 1478 1067 1517 ea
1085 1474 1346 1518 evomunt
1372 1466 1763 1534 blaspltemias,
1785 1469 1838 1524 in
1867 1469 2143 1525 divinissi-

554 1568 705 1607 mum
733 1553 1031 1622 baptisma,
1063 1569 1276 1609 sacram
1306 1559 1775 1620 communionem,
1812 1562 2162 1617 crucisado--

553 1644 740 1700 Iandte
772 1645 1034 1714 signum,
1063 1660 1252 1701 sacras
1288 1647 1576 1717 imagines,
1642 1651 1840 1720 templa
1895 1664 2150 1722 augusta,

553 1741 768 1795 divinas
800 1742 930 1811 legis
959 1750 1018 1796 et
1051 1742 1443 1812 prophetarum
1481 1742 1816 1815 seripturas,
1838 1748 2152 1814 justosom-

556 1849 654 1889 nes
686 1842 741 1888 et
769 1845 1058 1906 martyres,
1085 1835 1446 1890 bierarchiam
1477 1847 1529 1890 et
1550 1848 1789 1901 sanctos,
1826 1853 1932 1892 uno
1957 1841 2146 1904 verbo,
2183 1831 2223 1885 Β

554 1925 610 1980 in
642 1927 829 1980 omnia
858 1942 980 1995 qua:
1004 1937 1191 1981 sancta
1215 1936 1366 1993 sunt,
1397 1929 1697 1983 secundum
1742 1929 1910 1984 Satan
1934 1942 2150 2000 aposta-

549 2026 663 2072 tam
687 2027 742 2089 et
773 2019 1073 2084 dzcmones,
1105 2018 1305 2086 quibus
1343 2020 1553 2074 incitati
1597 2022 1776 2076 solum
1835 2023 1891 2077 in
1959 2022 2148 2078 Trini-

550 2117 661 2162 tate
689 2108 879 2170 Deum,
915 2109 1188 2178 Verbique
1220 2110 1659 2166 lncaruationem
1697 2123 1751 2168 et
1782 2115 1969 2169 omnia
2023 2130 2148 2186 quae

549 2198 811 2257 Dei‘sunt
834 2202 1066 2270 turpiter
1103 2202 1506 2272 blasphemant.
1559 2203 1686 2258 ﬂre
1749 2216 1934 2260 autem
1989 2209 2147 2263 nobis

551 2293 776 2349 tradidit
806 2292 1055 2348 Salvator
1085 2303 1275 2349 noster
1336 2294 1429 2362 qui
1482 2296 1858 2364 apostolorum
1914 2313 2143 2353 suorum

550 2387 814 2456 operibus
852 2393 907 2440 et
933 2386 1282 2441 sermonibus
1318 2387 1568 2442 divinum
1609 2389 1881 2457 baptisma
1910 2391 2146 2445 commi-

549 2480 643 2544 sit,
668 2480 1117 2550 tremendamque
1137 2481 1383 2550 corporis
1408 2492 1458 2535 et
1478 2484 1767 2552 sanguinis
1788 2484 1872 2537 sui
1899 2498 2145 2537 commu-

552 2571 772 2626 nionem
797 2585 1132 2641 sacrumque
1161 2571 1553 2640 ministerium,
1579 2584 1632 2627 et
1669 2583 1865 2628 caetera
1899 2577 2018 2644 ejus
2064 2578 2142 2630 di-

551 2662 679 2715 viua
709 2661 992 2732 mysteria.
1053 2661 1176 2731 Ipse
1220 2663 1386 2717 etiam
1453 2679 1557 2720 nos
1606 2666 1912 2722 orationem
1943 2683 1957 2721 :
1986 2665 2147 2721 Pater

551 2763 749 2817 uoster,
783 2753 1033 2823 aliasque
1062 2754 1253 2809 docuit
1293 2771 1485 2825 preces
1512 2757 1715 2826 quibus
1753 2758 1867 2824 ipse
1926 2757 2164 2830 Patrem

549 2843 970 2914 deprecabatur.
1003 2844 1276 2900 Debemus
1301 2846 1468 2900 etiam
1504 2848 1677 2917 legem
1742 2858 1798 2902 et
1849 2850 2143 2918 prophetas

546 2938 797 3006 accipere
825 2951 947 3006 qua:
1000 2937 1122 3006 ejus
1173 2939 1345 3008 gratia
1397 2940 1678 3009 pramissa
1736 2950 1884 2994 sunt.
1947 2939 2141 2994 Divina

544 3039 766 3096 quoque
800 3013 1132 3082 veneremur
1161 3028 1360 3098 templa
1400 3045 1415 3094 ;
1447 3028 1552 3083 hoc
1577 3028 1721 3083 enim
1753 3029 1912 3083 nobis
1949 3037 2139 3083 osten-

547 3119 630 3173 dit
668 3134 732 3173 ex
764 3119 859 3173 illo
890 3119 1091 3187 templo
1131 3128 1336 3184 vetere,
1371 3117 1427 3174 in
1468 3134 1581 3189 quo
1609 3119 1817 3174 nefarie
1846 3121 2141 3175 vemlentes

2246 3142 2343 3196 καὶ
2408 3117 2576 3209 αὐτὸς
2641 3117 2778 3216 πρὸς
2844 3149 2938 3203 τὸν

545 3209 1002 3280 Ποθειιοβιιρυιίι,
1024 3210 1170 3279 quod
1195 3211 1464 3266 orationis
1487 3211 1738 3275 domum,
1757 3211 1949 3280 suique
1962 3210 2144 3267 Patris
2168 3191 2211 3250 (ἶ

544 3301 767 3356 domum
804 3301 1118 3370 appellarit.
1156 3319 1174 3353 ι
1207 3301 1273 3355 Et
1305 3317 1413 3356 nou
1444 3304 1686 3366 sinebat,
1713 3305 1790 3356 ait
1813 3301 2052 3368 Marcus,
2083 3312 2141 3356 ut

545 3391 838 3461 quisquam
860 3391 1180 3447 transferret
1197 3407 1300 3446 vas
1317 3407 1414 3462 per
1439 3393 1724 3463 templum,
1769 3413 1788 3445 ι
1810 3395 2008 3462 quibus
2041 3408 2140 3449 nos

545 3485 737 3540 docuit
763 3484 1171 3537 venerationem
1195 3483 1394 3538 divinis
1413 3485 1632 3554 templis
1648 3485 1913 3539 debitam.
1945 3485 2140 3542 Crucis

546 3585 728 3631 autem
757 3575 987 3644 ligurum
1012 3578 1227 3645 s‘gnum
1259 3591 1420 3630 suum
1446 3577 1686 3641 vocavit,
1709 3587 1763 3631 et
1788 3589 1913 3632 ante
1940 3580 2142 3632 advctt-

547 3677 663 3722 tum
687 3683 847 3722 suum
875 3671 1235 3736 posteriorem
1258 3681 1379 3722 eam
1400 3669 1688 3724 videndam
1708 3685 1828 3724 esse
1851 3672 2094 3740 praedixit
2121 3687 2135 3724 :

549 3777 569 3811 ι
610 3757 785 3822 Tunc,
818 3759 1014 3830 inquit,
1061 3761 1347 3828 apparebit
1383 3759 1601 3830 signum
1641 3758 1764 3814 Filii
1807 3761 2043 3816 hominis
2082 3765 2133 3814 in

543 3852 706 3914 calo,
748 3869 768 3904 ι
805 3829 872 3905 id,
893 3859 979 3905 est
1022 3867 1181 3915 crus,
1210 3867 1376 3921 quam
1409 3853 1733 3922 imperatori
1767 3851 2134 3908 Constantino

542 3960 760 4001 sursum
787 3943 1046 4011 ostendit,
1075 3954 1129 3999 et
1184 3945 1264 3999 sic
1308 3959 1434 4000 eum
1485 3945 1552 3999 ad
1595 3944 1755 4000 [idem
1780 3962 1936 4001 suam
1975 3949 2132 4017 quasi

544 4052 711 4092 manu
747 4035 1025 4107 perduxit,
1053 4051 1220 4104 quam
1254 4036 1420 4091 etiam
1445 4052 1612 4107 supra
1634 4037 2052 4099 Constantinum
2080 4041 2130 4093 in

542 4128 725 4184 media
793 4127 881 4182 die
936 4127 1280 4182 monstravit.
1342 4127 1400 4182 In
1464 4129 1566 4182 liae
1617 4143 1780 4184 cruce
1827 4141 1880 4184 et
1930 4129 2132 4186 Paulus

539 4219 826 4290 gloriatur,
884 4217 1197 4289 omnesque
1248 4221 1424 4274 sancti
1491 4221 1583 4290 qui
1635 4237 1744 4275 non
1809 4225 2132 4292 spiritaliter

537 4321 774 4378 tantum,
799 4311 890 4367 sed
921 4321 975 4365 et
1019 4311 1312 4366 visibiliter
1354 4327 1475 4367 eam
1519 4314 1814 4368 coluerunt
1835 4326 1889 4369 et
1921 4317 2129 4386 ample-

536 4405 649 4462 xati
678 4413 827 4461 sunt.
867 4402 1096 4474 lpseque
1127 4403 1324 4460 Petrus
1362 4404 1508 4458 illam
1555 4406 1690 4475 pati,
1743 4406 1794 4460 id
1823 4417 1928 4472 est,
1975 4408 2122 4464 cruci

533 4493 680 4567 εωςί
704 4495 981 4565 cupiebat,
1000 4494 1148 4564 quod
1169 4494 1472 4577 secundum
1493 4493 1796 4552 Salvatoris
1815 4498 2123 4566 praedictio.
2155 4542 2209 4601 Β
2236 4517 2375 4588 πρὸς

535 4602 658 4643 netu
685 4587 946 4652 obtinuit,
981 4603 1193 4642 necnon
1216 4587 1465 4643 Andreas
1484 4589 1602 4658 ejus
1618 4588 1805 4654 frater,
1838 4590 2130 4662 exterique

532 4694 726 4736 omnes
760 4680 992 4750 apostoli
1027 4691 1081 4733 et
1116 4688 1384 4751 martyres
1407 4680 1501 4750 qui
1541 4680 1646 4736 hoc
1669 4683 1883 4754 signum
1925 4682 2129 4738 Christi

533 4771 774 4842 sigillum
819 4771 1186 4841 appellabant.
1235 4772 1546 4827 Tremenda
1582 4789 1710 4829 vero
1757 4782 1811 4829 et
1845 4776 2128 4831 salutifera

531 4864 906 4931 divinitusque
926 4863 1049 4917 data
1068 4864 1326 4934 mysteria
1353 4850 1557 4942 Paulus
1579 4866 1804 4920 tradidit
1822 4882 1943 4937 qua:
1962 4871 2081 4939 ipse
2097 4884 2126 4924 a

532 4956 763 5012 Domino
789 4958 1019 5026 accepit.
1039 4956 1303 5011 Dominus
1337 4958 1503 5012 etiam
1530 4973 1635 5013 non
1662 4959 2006 5016 solummodo
2030 4978 2129 5020 nos

529 5064 690 5105 orare
718 5049 901 5103 docuit
924 5049 1184 5114 dicendo,
1206 5047 1371 5103 Pater
1399 5057 1598 5115 noster,
1623 5050 1717 5104 sed
1751 5063 1805 5105 et
1833 5051 1968 5104 alias
1991 5065 2129 5121 quas

529 5143 634 5213 ipsi
661 5142 911 5197 dedecori
934 5144 1156 5208 habent,
1195 5158 1385 5212 preces
1420 5143 1702 5207 iudicavit,
1729 5144 1877 5196 verbi
1906 5145 2077 5214 gratia
2109 5163 2123 5200 :

536 5253 556 5286 ε
582 5232 747 5298 Deus,
767 5233 1036 5302 propitius
1062 5243 1180 5288 esto
1207 5234 1341 5288 mihi
1373 5233 1673 5305 peccatori,
1709 5253 1729 5286 ι
1752 5249 1862 5304 quo
1887 5236 2128 5292 salvatus

528 5336 613 5382 est
633 5325 958 5381 Publicanus
982 5345 995 5393 ;
1021 5338 1109 5381 et:
1141 5345 1159 5379 ι
1190 5326 1415 5382 Peccavi
1437 5329 1490 5383 in
1508 5329 1708 5384 cmlum
1729 5339 1782 5384 et
1800 5344 1983 5383 coram
2008 5339 2119 5396 te,»

527 5429 584 5476 et
638 5421 882 5475 salvatus
921 5430 1002 5474 est
1036 5421 1180 5476 [ilius
1222 5422 1508 5493 prodigus,
1544 5425 1746 5494 quippe
1785 5423 1949 5493 hujus
1973 5416 2124 5478 verbi

527 5514 703 5586 gratia
740 5526 1025 5584 susceptus
1052 5523 1283 5585 estpust
1330 5516 1816 5572 conversionemet
1864 5515 2122 5570 reditum.

525 5606 596 5660 Et
629 5624 641 5660 :
670 5624 688 5658 ι
719 5605 987 5662 Memento
1013 5609 1142 5674 mei,
1171 5608 1426 5676 Domine,
1445 5624 1568 5666 cum
1593 5611 1803 5665 veneris
1823 5612 1874 5664 in
1896 5625 2122 5681 regnum

525 5709 700 5764 tuum,
729 5717 747 5750 ι
772 5711 990 5770 propter
1005 5702 1151 5771 quod
1171 5703 1311 5759 latro
1334 5704 1652 5774 paradisum
1677 5705 1909 5774 accepit.
1967 5703 2126 5761 Insu-

526 5806 622 5864 per
646 5800 832 5864 petere
854 5793 1116 5854 debemus
1139 5797 1192 5853 iu
1218 5798 1439 5855 nomine
1452 5797 1677 5865 Christi,
1703 5799 1846 5869 quod
1876 5799 1994 5869 ipse
2019 5798 2118 5855 do-

2265 564 2374 619 λων
2398 567 2452 619 δὲ
2481 570 2770 634 ἐπιστολάς
2808 588 2865 623 τε
2897 573 2993 625 καὶ
3021 574 3281 641 ῐΙράξεις.
3343 561 3490 646 Πῖὴν
3539 578 3634 630 καὶ
3687 578 3869 642 αὑτὰς

2264 656 2361 711 καὶ
2400 659 2501 723 τὰς
2530 660 2698 725 άλλας
2731 661 2984 729 καθάπαξ
3009 663 3267 718 ἀθετοῦσι
3300 665 3544 736 Γραφάς.
3598 670 3714 723 Καὶ
3772 672 3868 724 οὗ·

2259 751 2348 801 δὲν
2399 751 2450 804 οί
2501 751 2656 806 άθεοι
2724 753 3012 824 ἐνεργοῦσι
3059 755 3170 808 τῶν
3221 757 3608 828 εὐαγγελικῶν
3646 778 3708 814 τε
3766 765 3867 815 καὶ

2259 844 2668 910 ἀποστολικῶν,
2731 847 2872 901 ἀλλά
2921 847 3182 902 τάναντία
3233 851 3459 920 μᾶλλον,
3513 854 3576 906 ἑκ
3613 853 3718 923 τῆς
3761 857 3866 908 τοῦ

2260 934 2509 988 ἐναντίου
2570 937 2846 1007 κινήσεως
2934 938 3346 1008 ιναντιούμενοι
3406 944 3541 996 πάσι
3587 946 3708 1006 τοῖς
3763 944 3864 998 τοῦ

2259 1027 2470 1096 κυρίου
2499 1028 2687 1097 λόγοις
2719 1032 2819 1083 καὶ
2850 1030 3037 1101 Ιργοις
3072 1032 3555 1104 καὶ-παραδόσεσι.
3617 1035 3865 1091 Τελοῦσι

2259 1117 2314 1170 δὲ
2349 1119 2553 1186 μᾶλλον
2585 1121 2904 1189 ὁλοσχερῶς
2935 1123 3171 1186 ἐννοίαις
3196 1141 3256 1178 τε
3287 1124 3383 1178 καὶ
3417 1125 3604 1198 ῑργοις
3629 1129 3733 1198 τῆς
3757 1128 3862 1181 τοῦ

2273 1209 2652 1280 Ἀντιχρίστου
2719 1213 2966 1284 μερίδος,
3031 1215 3470 1284 ὲνθουσιασμοὺς
3535 1235 3691 1281 τινας
3754 1221 3864 1272 καὶ

2261 1303 2573 1373 προσευχὰς
2607 1305 2666 1355 ἀν
2695 1304 2928 1375 κρυπτῷ
2963 1306 3056 1358 καὶ
3089 1307 3305 1376 ὶπῳδάς
3335 1307 3561 1376 μιαράς,
3583 1311 3680 1364 καὶ
3712 1311 3859 1363 ἄλλα

2255 1392 2391 1446 άθεα
2425 1395 2772 1464 ἐνεργοῦντες
2801 1397 2894 1450 καὶ
2926 1399 3093 1467 ἐναγῆ
3123 1401 3228 1456 ,καὶ
3265 1399 3625 1469 παμϐέσηλα,
3689 1403 3860 1456 ὅτινα

2255 1485 2376 1539 οὐδὲ
2405 1487 2632 1557 Θεμιτὸν
2663 1493 2852 1562 γραφῇ
2888 1489 3251 1559 παραδοῦναι.
3299 1492 3582 1547 ’Δθετοῦσι
3639 1494 3698 1547 δι
3751 1496 3860 1550 σὺν

2254 1578 2320 1646 τῇ
2348 1578 2532 1630 πίστει
2559 1581 2655 1632 καὶ
2682 1581 2863 1634 πάντα
2905 1581 2999 1635 τοῦ
3035 1583 3276 1652 Χριστοῦ
3322 1583 3392 1636 τὰ
3415 1585 3717 1654 μυστήρια,
3753 1586 3860 1640 καὶ

2255 1669 2336 1732 είς
2367 1670 2511 1724 αὐτὰ
2549 1669 2994 1742 βλασφημοῦσιν,
3023 1676 3103 1736 είς
3144 1691 3202 1727 τε
3231 1675 3292 1728 τὸ
3328 1675 3611 1730 θειότατον
3645 1676 3858 1746 βάπτι-

2253 1775 2367 1828 σμα
2425 1761 2523 1814 καὶ
2566 1763 2666 1831 τὴν
2707 1765 2858 1834 ίεράν
2904 1766 3221 1833 κοινωνίαν,
3251 1766 3463 1820 καὶτὸν
3521 1766 3696 1820 τύπον
3750 1769 3855 1822 τοῦ

2253 1851 2436 1920 τιμίου
2470 1855 2735 1924 σταυροῦ,
2762 1855 2859 1916 τὰς
2897 1857 3047 1926 ίεράς
3077 1875 3136 1910 τε
3183 1859 3424 1923 είκόνας,
3463 1861 3594 1924 τοὺς
3679 1861 3856 1914 σιδα-

2257 1944 2451 2012 σμίους
2500 1947 2684 2009 ναοὺς,
2711 1948 2808 2009 τὰς
2841 1949 2990 2008 Θείας
3013 1947 3109 2001 τοῦ
3146 1949 3311 2018 νόμου
3344 1953 3438 2004 καὶ
3480 1955 3594 2008 τῶν
3629 1972 3855 2026 προφητ

2252 2037 2361 2089 τῶν
2386 2038 2626 2110 Γραφάς,
2656 2045 2783 2106 τοὺς
2816 2045 3066 2110 δικαίους
3101 2049 3315 2113 πάντας
3365 2051 3463 2106 καὶ
3521 2051 3844 2123 μάρτυρας,

2254 2130 2519 2201 ίεράρχας
2553 2150 2612 2186 τε
2647 2135 2742 2188 καὶ
2773 2137 2955 2202 ὁσίους
2979 2155 2992 2169 ·
3026 2141 3122 2194 καὶ
3173 2141 3370 2206 ἁπλῶς
3415 2145 3495 2207 είς
3549 2146 3733 2201 πάντα
3775 2149 3851 2202 τὰ

2249 2221 2404 2288 ἅγια,
2443 2227 2582 2280 κατὰ
2616 2229 2707 2281 τὸν
2758 2231 3078 2304 ἀποστάτην
3118 2237 3298 2290 Σατάν
3347 2241 3443 2293 καὶ
3488 2241 3617 2305 τοὺς
3647 2243 3848 2312 δαίμο-

2250 2333 2368 2381 νας,
2406 2319 2470 2387 τῇ
2523 2320 2715 2374 τούτου
2771 2327 2987 2395 κινήσει
3023 2328 3104 2391 είς
3179 2320 3272 2382 τὸν
3321 2330 3380 2385 ιν
3419 2331 3614 2402 Τριάδι
3674 2334 3850 2403 μόνον

2248 2407 2401 2470 Θεὶν,
2441 2412 2536 2464 καὶ
2583 2411 2677 2466 τοῦ
2719 2416 2895 2483 Λόγου
2941 2418 3042 2487 τὴν
3109 2419 3410 2490 σάρκωσιν,
3477 2424 3572 2477 καὶ
3626 2424 3698 2479 τά
3747 2426 3847 2480 τοῦ

2247 2499 2386 2554 Θεοῦ
2453 2497 2635 2556 πάντά
2680 2506 2788 2558 stat
2851 2508 3308 2580 βλασφημοῦντες
3355 2513 3406 2567 οί
3455 2517 3686 2586 μιαροί·
3744 2521 3848 2571 καὶ

2247 2591 2423 2645 ταῦτα
2450 2594 2544 2646 τοῦ
2571 2597 2826 2668 Σωτῆρος
2857 2601 3041 2671 ἡμῶν,
3075 2604 3171 2656 καὶ
3229 2605 3340 2658 τῶν
3394 2607 3713 2663 ἀποστόλων
3745 2613 3846 2664 αὖ·

2248 2681 2342 2734 τοῦ
2375 2685 2822 2753 παραδεδωκότος
2853 2692 3038 2761 ἔργοις
3097 2696 3195 2748 καὶ
3224 2696 3408 2764 λόγοις
3434 2699 3497 2753 τδ
3541 2699 3689 2754 θεῖον
3739 2703 3846 2772 βά-

2251 2791 2501 2844 πτισμα,
2531 2781 2626 2832 καὶ
2689 2783 2788 2848 τὴν
2822 2779 3058 2857 φρικτὴν
3104 2788 3195 2841 τοῦ
3229 2789 3477 2860 σώματος
3542 2793 3710 2849 αὐτοῦ
3746 2797 3844 2850 καὶ

2245 2868 2479 2935 αἵματος
2509 2874 2796 2926 κοινωνίαν
2825 2893 2883 2928 τε
2916 2880 3009 2930 καὶ
3038 2880 3382 2950 ἱερουργίαν,
3428 2887 3526 2938 xal.
3556 2885 3625 2940 τὰ
3666 2887 3840 2941 λοιπὰ

2244 2959 2437 3014 τούτου
2491 2963 2610 3016 θεῖα
2665 2969 2980 3037 μυστήριαο
3045 2973 3140 3024 καὶ
3200 2973 3282 3027 ἔτι
3351 2978 3413 3029 οὐ
3471 2978 3571 3042 τδ,
3637 2979 3843 3049 Πάτερ

2244 3049 2436 3117 ἡμῶν,
2494 3054 2678 3121 μόνον,
2713 3056 2847 3110 ἀλλά
2906 3061 2999 3114 καὶ
3039 3061 3231 3132 ἑτέρας
3267 3068 3602 3138 προσευχάς,
3659 3069 3729 3122 δι’
3760 3064 3841 3123 ὧν

3013 3152 3235 3225 Πατέρα
3296 3159 3681 3229 προσηύχετο·
3737 3161 3842 3215 καὶ

2243 3232 2305 3285 τὺ
2358 3234 2722 3306 ἀποδέχεσθαι
2750 3240 2818 3294 τά
2850 3241 2947 3295 τοῦ
3009 3244 3177 3316 νόμου
3212 3264 3271 3300 τε
3303 3250 3399 3303 καὶ
3452 3249 3564 3302 τῶν
3615 3267 3841 3322 προφηο

2245 3325 2376 3392 τῶν,
2427 3329 2588 3400 χάριν
2650 3332 2815 3386 αὐτοῦ
2873 3340 3359 3408 προαγορευθέντα
3423 3344 3514 3396 καὶ
3564 3344 3628 3396 τὸ
3683 3345 3842 3399 σέσεο

2247 3417 2372 3470 σθαι
2399 3419 2458 3472 δὲ
2485 3422 2610 3484 τοὺς
2641 3424 2823 3488 Θείους
2877 3429 3062 3491 ναοὺς,
3119 3430 3230 3483 ἀπὸ
3277 3430 3371 3484 τοῦ
3435 3432 3587 3504 ίεροῦ
3620 3435 3836 3490 ἑκείνου

2246 3507 2342 3561 τοῦ
2393 3511 2629 3566 παλαιοῦ
2659 3515 2820 3568 τοῦτο
2849 3517 3262 3587 ἀποδείξαντος,
3311 3523 3441 3578 ἔνθα
3475 3521 3605 3589 τοὺς
3639 3525 3839 3582 θεοκα-

2245 3601 2453 3666 πήλους
2483 3605 2729 3668 ἐκείνους
2790 3609 3040 3675 ἐξεδίωξε
3069 3615 3409 3685 φραγγελίῳ,
3458 3617 3554 3669 καὶ
3588 3636 3836 3686 προσευ-

2246 3693 2349 3762 χῆς
2381 3690 2552 3761 οἶκον,
2588 3699 2684 3752 καὶ
2726 3700 2938 3771 Harpe;
2967 3704 3134 3758 αὐτοῦ
3167 3703 3318 3759 οἷκον
3343 3708 3536 3762 τοῦτον
3573 3712 3828 3768 ἐκάλεσε.

2246 3786 2358 3839 Καὶ
2382 3788 2482 3840 οὐκ
2525 3790 2680 3858 ἧφιε,
2708 3793 2896 3860 φησὶν,
2937 3795 3023 3848 (va
3052 3813 3136 3860 τις
3169 3798 3364 3862 σκεῦος
3406 3800 3495 3853 διὰ
3548 3801 3643 3854 τοῦ
3677 3805 3833 3876 ἱεροῦ

2241 3877 2552 3968 είσενέγκῃ,
2580 3882 2678 3951 τὴν
2712 3885 2846 3953 πρὸς
2886 3887 3012 3950 τοὺς
3042 3888 3218 3952 Θείους
3269 3894 3431 3954 ναοὺς
3464 3894 3832 3968 ὀφειλομένην

2237 3967 2507 4021 διδάσκων
2543 3971 2856 4030 εὐλάϐειαν.
2885 3976 2995 4028 Καὶ
3025 3977 3118 4030 τὸν
3144 3980 3204 4032 τύ
3217 3996 3314 4033 πον
3339 3980 3395 4034 δὲ
3436 3981 3534 4036 τοῦ
3583 3967 3829 4054 σταυροῦ

2240 4062 2467 4128 σημεῖον
2536 4062 2735 4116 ἑαυτοῦ
2783 4067 3044 4120 ἐκάλεσεν
3073 4070 3103 4122 ό
3165 4070 3381 4142 Σωτὴρ,
3422 4073 3516 4126 καὶ
3575 4075 3686 4145 πρὸ
3724 4076 3830 4148 τῆς

2242 4153 2553 4220 παρουσίας
2573 4154 2741 4209 αὑτοῦ
2761 4157 2859 4226 τῆς
2881 4159 3142 4230 δευτέρας
3158 4166 3393 4232 φανῆναι
3413 4168 3826 4236 προηγόρευσε,

2235 4242 2359 4296 τότε
2389 4247 2720 4314 φανήσεται,
2760 4248 2954 4317 εἰπὼν,
2986 4252 3048 4307 τὺ
3095 4257 3323 4324 σημεῖον
3375 4257 3472 4311 τοῦ
3528 4259 3662 4314 Υίοῦ
3723 4263 3827 4317 τοῦ

2235 4333 2529 4405 ἀνθρώπου
2561 4339 2619 4390 ὲν
2672 4339 2750 4408 τῷ
2791 4337 3043 4412 ὀὐρανῷ,
3078 4349 3108 4398 ὁ
3161 4351 3393 4417 σταυρὸς
3452 4352 3721 4422 δηλονότι,
3765 4355 3829 4412 ὃν

2235 4429 2336 4482 καὶ
2388 4428 2466 4499 τῷ
2499 4433 2902 4508 Κωνσταντίνῳ
2947 4438 3161 4508 βασιλεῖ
3212 4443 3492 4512 ὑπέδειξεν
3545 4447 3681 4513 ἀνω,
3729 4452 3827 4503 καὶ

2406 4521 2504 4588 τὴν
2526 4520 2696 4577 αὑτοῦ
2730 4526 3383 4603 πίστιντιχειραγὼεβςσε,
3419 4539 3512 4590 καὶ
3541 4539 3634 4590 ἐπὶ
3668 4541 3830 4594 Κων-

2238 4611 2520 4702 σταντίνου
2560 4613 2620 4665 ιν
2654 4614 2872 4687 οὐρανῷ
2907 4621 2966 4672 ιν
3013 4622 3156 4694 μέσῃ
3219 4625 3421 4689 ἔδειξεν
3479 4629 3686 4702 ἡμέρᾳ.
3733 4631 3829 4684 Ἐν

2236 4701 2415 4773 τούτῳ
2475 4704 2531 4757 δὲ
2563 4706 2640 4776 τῷ
2683 4711 2907 4781 σταυρῷ
2957 4713 3054 4766 καὶ
3118 4715 3331 4780 Παῦλος
3382 4701 3673 4791 καυχᾶται,
3727 4726 3828 4777 καὶ

2233 4796 2437 4858 πάντες
2469 4798 2636 4864 amt,
2663 4800 2729 4888 οῦ
2761 4802 2970 4870 νοητῶς
2993 4805 3182 4873 μόνον,
3218 4808 3356 4863 ἀλλά
3388 4813 3482 4865 καὶ
3533 4813 3822 4888 αἰσθητῶς

2231 4886 2398 4938 αὑτὸν
2420 4889 2692 4956 τιμῶντες
2722 4882 2816 4946 καὶ
2844 4895 3262 4968 ἀσπαζόμενοι*
3317 4906 3412 4955 καὶ
3457 4906 3664 4977 Πέτρος
3688 4882 3699 4888 -
3724 4882 3823 4962 au-

2231 4975 2346 5040 τὸς,
2376 4978 2536 5032 τοῦτο
2562 4981 2802 5053 ζητήσας
2834 4987 3048 5051 παθεῖν,
3115 4992 3175 5044 τὸ
3210 4997 3621 5064 σταυρωθῆναι,
3653 5001 3680 5052 ὃ
3721 5006 3822 5055 καὶ

2235 5070 2391 5138 παρὰ
2418 5072 2510 5126 τοῦ
2565 5076 2818 5147 Σωτῆρος
2852 5082 3260 5153 προαγόρευσιν
3303 5089 3495 5158 εἴληφε
3524 5107 3538 5121 ⁸
3567 5095 3660 5146 καὶ
3696 5095 3822 5147 ’Δι-

2231 5162 2392 5233 δρέας
2443 5167 2692 5221 ὁτούτου
2752 5169 3001 5250 ἀδελφὸς⁹
3047 5176 3136 5227 καὶ
3195 5177 3436 5233 πλεῖστοι
3495 5182 3645 5237 ἀλὶοι
3710 5189 3824 5240 τῶν

2234 5255 2554 5308 ἀποστόλων
2581 5261 2677 5312 καὶ
2702 5263 3020 5333 μαρτύρων.
3077 5269 3188 5324 Καὶ
3247 5273 3521 5343 σφραγῐδ.
3576 5276 3821 5345 Χριστοῦ

2231 5346 2328 5398 atat
2361 5351 2585 5417 σημεῖον
2618 5353 2811 5406 τοῦτον
2866 5356 3178 5428 ὠνόμαζον.
3216 5363 3300 5416 Τὰ
3363 5368 3567 5436 φρικτὰ
3602 5369 3660 5421 δὲ
3722 5370 3825 5423 καὶ

2231 5438 2475 5507 σωτήρια
2539 5444 2631 5494 καὶ
2677 5442 3051 5512 Θεοπαράδοτα
3116 5457 3395 5525 μυστήρια
3445 5460 3541 5511 καὶ
3602 5459 3823 5525 Παῦλος

2232 5532 2552 5600 παρέδωκεν
2586 5536 2749 5600 αὐτὸς
2778 5538 2956 5593 λαϐὼν
2981 5543 3090 5596 ἀπὸ
3120 5545 3215 5598 τοῦ
3246 5549 3477 5618 Κυρίου.
3525 5549 3583 5603 '0
3609 5552 3820 5624 Κύριος

2227 5624 2284 5677 δὲ
2333 5625 2407 5696 μὴ
2441 5626 2605 5694 μόνον
2630 5631 3037 5701 προοεῦχεσθαι
3063 5637 3165 5708 τὴν
3200 5638 3318 5707 τοῦ,
3354 5659 3371 5692 t
3405 5643 3590 5716 Πάτερ
3632 5647 3816 5716 ἡμῶν,

2225 5718 2253 5769 ό
2285 5719 2474 5809 ἐντοῖς
2502 5722 2773 5792 οὐρανοῖς,
2807 5743 2824 5777 ›
2852 5728 3137 5797 παρέδωκε
3165 5732 3271 5803 16
3315 5737 3652 5809 προσευχὴν,
3679 5740 3822 5793 ἀλλά

2230 5810 2321 5859 καὶ
2365 5808 2578 5879 ἑτέρας,
2627 5811 2691 5877 ἃς
2754 5816 2907 5870 αὐτοὶ
2970 5820 3370 5888 ἀτιμάζουσιν·
3428 5825 3503 5890 ὠς
3559 5808 3645 5896 τὸ,
3681 5845 3699 5882 ε
3755 5827 3819 5884 ὐ
