4042 6446
512 377 518 382 -
574 338 674 403 ΝἹ

1428 339 1810 403 SYMEONIS
1844 338 2603 401 THESSALONICENSIS
2653 339 3010 403 ARCHIEP.

3743 339 3854 405 ΗΒ

565 464 666 517 tuti
696 462 843 518 enim
897 468 1146 516 creatura
1195 460 1444 529 subjecta
1501 469 1608 525 est,
1647 475 1754 516 non
1797 457 2006 520 νυΙειιε,
2047 455 2144 511 sed

2265 459 2428 521 ιτίσις
2456 458 2601 528 αὕτη
2650 459 2969 527 γεγένηται,
3025 461 3119 512 καὶ
3171 459 3241 513 δι’
3289 459 3450 513 αὑτὸν
3487 459 3742 530 ὑπέκυψε
3771 463 3848 530 τῇ

562 562 789 623 propter
833 567 958 607 eum
993 553 1085 622 qui
1148 553 1382 621 subjecit
1434 568 1553 608 eam
1608 553 1661 606 in
1713 567 1830 620 spe.
1875 568 1893 601 ι
1931 550 2147 603 Stultus

568 649 754 694 autem
781 639 1028 694 Barlaam
1073 653 1312 695 mentem
1342 640 1396 694 in
1434 641 1746 711 disciplinis
1777 655 1897 709 qua:
1943 639 2010 694 ad
2051 655 2142 691 nr-

565 743 672 786 tem
711 732 986 799 pertinent
1015 735 1205 788 rudem
1231 742 1466 788 mentem
1498 734 1871 788 irrationalem
1904 741 1958 787 et
1995 743 2146 787 tene-

564 825 781 879 brosam
813 826 1041 880 vocabat
1100 826 1188 882 ille
1234 827 1633 893 nequissimus,
1684 823 1937 883 nesciens
1983 827 2146 880 homo

560 929 737 969 vanus
762 919 1020 984 quoniam
1052 918 1150 972 ista
1183 920 1400 988 quidem
1449 932 1672 988 propter
1706 935 1807 975 nos
1841 931 1899 974 ut
1927 919 2143 988 corpori

565 1009 921 1076 providentur
957 998 1475 1081 prazsentiq'uenvita
1522 1025 1722 1069 nostra:
1760 1014 1973 1084 prosint
2005 1011 2141 1068 facta

567 1109 717 1164 sunt,
757 1103 871 1182 alia
924 1119 1055 1158 vero
1109 1114 1290 1159 sunta
1326 1107 1434 1161 Deo
1484 1106 1640 1162 nobis
1683 1116 1985 1176 pra-parata
2021 1116 2145 1159 ante

565 1196 1041 1259 constitutionem,
1084 1211 1246 1268 prout
1301 1201 1418 1270 ipse
1467 1201 1595 1254 olim
1646 1201 1826 1254 dixit:
1874 1219 1891 1252 ι
1932 1199 2141 1263 Venite,

564 1287 842 1342 benedicti
876 1288 1054 1345 Patris
1097 1293 1223 1354 mei,
1275 1281 1558 1360 possidete.
1585 1304 1834 1362 paratum
1872 1279 2026 1346 vobis
2062 1309 2144 1346 re-

565 1393 730 1446 gnum
763 1395 790 1432 a
826 1380 1224 1436 constitutione
1269 1385 1478 1437 mundi.
1530 1404 1548 1436 »
1592 1385 1737 1438 Bona
1779 1394 1960 1438 autem
1998 1375 2144 1438 illius

569 1469 739 1536 regni,
770 1471 842 1523 ait
870 1469 1088 1535 Paulus,
1145 1474 1268 1527 talia
1327 1486 1454 1528 sunt
1503 1486 1560 1528 ut
1601 1496 1618 1527 ι
1657 1491 1753 1530 nec
1807 1477 2002 1531 oculus
2033 1478 2146 1530 luec

565 1559 763 1615 vidbrit
827 1577 927 1616 nec
989 1565 1136 1616 auris
1195 1565 1470 1619 audiverit
1513 1582 1614 1621 nec
1658 1568 1710 1621 in
1768 1583 1863 1621 cor
1902 1567 2144 1621 hominis

568 1656 876 1710 ascenderit
915 1673 1035 1725 qua:
1067 1661 1393 1727 prmparavit
1428 1659 1571 1714 Deus
1607 1661 1964 1729 diligentibus
1996 1677 2074 1716 se.
2122 1681 2139 1712 ε

569 1747 693 1800 lit-0
753 1749 909 1803 docet
953 1749 1270 1813 Dominus-2
1317 1771 1335 1804 ι
1373 1753 1580 1807 Caelum
1636 1764 1689 1807 et
1737 1763 1878 1822 terra
1939 1754 2147 1807 transi-

571 1844 740 1908 bunt;
773 1863 788 1894 ο
822 1844 1180 1914 prohibetque
1213 1845 1414 1901 Paulus
1446 1862 1512 1900 ne
1537 1847 1602 1900 de
1635 1847 1717 1901 his
1751 1863 1871 1916 qum
1901 1849 2148 1902 videntur

571 1934 791 1988 solliciti
823 1937 1033 2002 simus;
1068 1953 1190 1991 nam
1225 1954 1344 2007 quae
1367 1940 1626 1993 videntur
1654 1942 1974 2008 temporalia
2001 1951 2145 2005 sunt,

567 2041 692 2090 qua
722 2037 899 2079 autem
933 2043 1037 2081 non
1073 2031 1326 2083 videntur
1364 2042 1566 2085 mterna
1602 2043 1750 2087 sunt.
1801 2032 1904 2085 Et:
1952 2052 1969 2083 ι
2012 2032 2147 2087 Coeli

2255 550 2453 623 φθορᾷ,
2485 551 2631 606 καθά
2665 568 2768 604 που
2809 551 2904 605 καὶ
2956 553 3171 615 Παῦλος
3218 555 3352 622 περὶ
3395 555 3588 607 τούτου
3656 555 3804 623 φησὶ
3830 594 3850 619 ,

2258 662 2275 695 ι
2315 645 2394 715 Τῇ
2430 643 2540 712 γὰρ
2595 644 2918 712 ματαιότητι
2947 646 2980 714 ι)
3011 645 3190 714 κτίσις
3245 645 3518 716 ὑπετάγη,
3558 664 3575 696 ι
3636 645 3862 719 λέγων,

2256 753 2275 786 ι
2309 737 2407 804 ούχ
2442 734 2668 800 ἑκοῦσα,
2697 737 2834 789 ἀλλὰ
2855 737 2944 788 διὰ
2971 739 3060 790 τδιν
3084 738 3550 804 ὑποτάξανταὶπ*
3577 737 3761 791 ἑλπίδι
3793 756 3844 794 ε.

2261 827 2322 879 '0
2356 827 2411 879 δέ
2453 845 2515 895 γε
2552 828 2812 891 ἀσύνετος
2844 829 3114 899 Βαρλαάμ
3143 829 3268 882 νοῦν
3324 829 3416 883 τὸν
3451 833 3528 900 μὴ
3564 831 3693 901 περὶ
3730 829 3849 882 τῶν

2253 923 2597 998 μαθημάτων
2655 924 2764 976 τῶν
2820 923 3086 993 ἐντέχνων
3140 924 3322 978 είδότα
3385 924 3510 978 νοῦν
3566 927 3763 991 ἄλογον
3819 926 3852 977 δ

2249 1011 2481 1080 δείλάιος
2503 1013 2770 1072 ἀπεκάλει
2798 1017 2890 1068 καὶ
2913 1015 3211 1074 σκοτεινὸν,
3240 1014 3496 1086 μὴέίδὼς
3523 1019 3550 1069 ὁ
3583 1019 3848 1082 μάταιος,

2249 1105 2324 1168 ὡς
2355 1108 2529 1158 ταῦτα
2572 1107 2672 1175 μὶν
2727 1106 2794 1159 δι’
2825 1107 2994 1174 ἡμᾶς,
3031 1106 3126 1158 καὶ
3179 1106 3267 1158 ἵνα
3325 1106 3394 1158 τά
3435 1105 3531 1159 τοῦ
3587 1104 3850 1174 σώματος

2249 1198 2542 1267 διοικῆται,
2572 1199 2665 1251 καὶ
2699 1200 2774 1260 είς
2808 1198 3008 1268 χρῆσιν
3054 1191 3156 1251 ὦσι
3194 1198 3292 1268 τῆς
3347 1199 3636 1268 παρούσης
3681 1199 3850 1268 ἡμῶν

2250 1288 2418 1359 ζωῆς,
2452 1290 2687 1360 ἓτεραδ⁹
2717 1292 2823 1344 εἰσὶ
2855 1290 2924 1343 τὰ
2959 1290 3064 1357 πρὸ
3099 1289 3411 1372 καταδολῆς
3437 1291 3644 1357 κόσμου
3694 1291 3850 1358 ἡτοι-

2253 1383 2507 1451 μασμένα
2538 1383 2667 1452 ἡμῖν
2717 1382 2871 1454 παρὰ
2898 1381 2992 1435 τοῦ
3025 1381 3184 1448 Θεοῦ,
3215 1382 3289 1445 ὡς
3327 1381 3490 1445 αὐτὸς
3523 1382 3639 1451 ἐρεῖ
3664 1384 3793 1434 τότε
3829 1397 3847 1413 ⁶

2257 1491 2274 1524 ι
2302 1473 2489 1539 Δεῦτε,
2513 1477 2560 1527 οἱ
2589 1473 2950 1546 εὐλογημένοι
2981 1474 3074 1526 τοῦ
3105 1475 3318 1543 Πατρός
3348 1491 3472 1543 μου,
3499 1475 3850 1546 κληρονομή-

2252 1579 2381 1614 σατε
2436 1563 2534 1634 τὴν
2585 1566 3004 1634 ἡτοιμασμένην
3038 1566 3167 1634 ὑμῖν
3207 1565 3485 1640 βασιλείαν
3520 1567 3627 1618 ἀπὸ
3670 1583 3845 1618 κατα-

2253 1657 2417 1727 ϐολῆς
2452 1659 2677 1726 κόσμου.
2711 1677 2728 1709 ι
2773 1660 2852 1712 Τὰ
2881 1659 2935 1711 δὲ
2970 1657 3068 1727 τῆς
3094 1659 3370 1728 βασιλείας
3392 1658 3604 1728 ἐκείνης
3637 1657 3847 1723 ἀγαθὰ,

2255 1753 2390 1817 φησὶ
2427 1749 2664 1812 Παῦλος,
2694 1749 2943 1812 τοιαῦτα,
2972 1751 3054 1802 ὅτι
3091 1770 3108 1802 ι
3161 1750 3473 1818 Ὀφθαλμὸς
3529 1749 3704 1802 ταῦτα
3742 1750 3848 1802 οὑκ

2255 1839 2383 1905 οἶδε,
2421 1845 2512 1896 καὶ
2541 1840 2632 1906 οὖς
2672 1845 2770 1895 οὐκ
2803 1844 3027 1913 ἢκουσε,
3081 1844 3174 1896 καὶ
3237 1843 3328 1894 ἐπὶ
3361 1843 3587 1910 καρδίαν
3629 1841 3849 1909 ἀνθρὼ-

2255 1953 2356 1988 που
2390 1938 2488 1988 οὐκ
2515 1937 2704 2004 ἀνέὸη.
2737 1936 2771 1989 ἀ
2809 1936 3110 2003 ἡτοίμασεν
3157 1938 3184 1988 ὁ
3232 1934 3366 1997 Θεὸς
3404 1939 3516 1994 τοῖς
3550 1936 3850 2001 ἀγαπῶσιν

2254 2029 2413 2081 αύτὸν
2454 2048 2494 2080 ι.
2540 2030 2645 2080 Καὶ
2666 2029 2744 2080 ὅτι
2775 2029 2803 2079 ὁ
2845 2029 3075 2096 ούρανδς
3112 2031 3262 2099 καὶὴ
3291 2031 3360 2098 γῆ
3400 2029 3847 2096 παρελεύσονται

567 2117 712 2173 sicut
737 2120 869 2173 liber
896 2120 1392 2188 complicabuutur;
1416 2143 1433 2174 ι
1459 2123 1705 2193 dixitque
1733 2125 1954 2179 Petrus:
1983 2125 2146 2180 «Coeli

2265 2122 2496 2174 διδάσκει
2522 2122 2548 2171 ὁ
2577 2121 2800 2190 Κύριος.
2833 2122 2944 2174 Καὶ
2973 2122 3033 2174 ού
3064 2120 3144 2174 δεῖ
3169 2123 3298 2189 περὶ
3323 2121 3431 2175 τῶν
3485 2120 3850 2191 βλεπομένων

567 2212 784 2280 quidem
823 2228 1018 2282 magno
1046 2215 1278 2268 stridore
1313 2217 1652 2280 transibunt,
1696 2218 1964 2272 elementa
2020 2235 2150 2272 vero

567 2305 1105 2372 calore'solventur;
1141 2316 1282 2361 terra
1330 2317 1511 2363 autem
1550 2320 1603 2363 et
1633 2325 1755 2380 qua:
1788 2311 1837 2364 in
1871 2310 1984 2379 ipsa
2021 2323 2148 2365 sunt

571 2410 733 2463 opera
788 2408 1110 2454 exurentur.
1150 2419 1168 2451 ι
1205 2403 1269 2455 At
1328 2402 1413 2456 his
1459 2403 1716 2458 omnibus
1756 2405 2147 2469 dissolvemlis,

570 2490 762 2559 quales
789 2506 887 2544 nos
914 2506 1033 2546 esse
1063 2494 1320 2562 oportet?
1344 2493 1595 2549 Profecto
1629 2496 1681 2549 in
1711 2507 1897 2550 sancta
1925 2513 2150 2551 convrr-

573 2584 789 2639 satione
841 2586 1213 2656 operibusque
1250 2589 1466 2655 pietatis
1518 2599 1901 2658 exspectantes
1939 2591 2150 2644 Domini

573 2676 744 2729 nostri
781 2673 910 2730 Jesu
938 2676 1142 2731 Christi
1177 2678 1493 2740 adventum,
1526 2678 1593 2732 de
1628 2695 1735 2747 quo
1766 2695 1866 2733 nos
1898 2696 2018 2735 esse
2044 2683 2148 2735 Sol-

572 2767 752 2821 iit-itos
780 2775 1018 2835 oportet.
1055 2767 1313 2833 Quaenam
1361 2772 1504 2822 enim
1560 2771 1768 2824 utilitas
1798 2788 1862 2825 ex
1911 2783 2154 2826 content-

575 2863 813 2928 rlutiOne
845 2873 1224 2916 creaturarum
1246 2863 1566 2928 ?Quantum
1596 2864 1717 2917 inde
1737 2873 1915 2929 torpet
1937 2867 2148 2918 animal

574 2950 849 3017 Quantum
885 2953 1008 3006 inde
1043 2955 1388 3008 conteritur!
1424 2957 1526 3009 nisi
1570 2957 1734 3010 etiam
1772 2956 1898 3010 inde
1937 2967 2153 3011 crescat

577 3046 954 3116 praesumptio,
981 3047 1258 3118 impiaque
1293 3049 1512 3117 superbi
1547 3050 1896 3104 tenebrarum
1928 3052 2156 3120 spiritus

2253 2217 2424 2283 ἡμᾶς,
2463 2213 2672 2275 Παῦλος
2709 2231 2864 2281 φησι,
2909 2216 3204 2283 μεριμνᾷν.
3241 2214 3321 2268 Τὰ
3377 2213 3485 2284 γὰρ
3527 2212 3848 2282 βλεπόμενα

2254 2308 2586 2377 πρόσκαιρα,
2614 2308 2680 2357 τὰ
2711 2308 2765 2359 δὲ
2801 2306 2876 2375 μὴ
2915 2307 3226 2376 βλεπόμενα
3278 2305 3494 2359 αἰώνια.
3532 2306 3640 2358 Καὶ
3695 2307 3724 2358 ὁ
3752 2305 3850 2358 ob-

2260 2401 2417 2470 ρανὸς
2448 2400 2802 2469 εἰληθησεται
2835 2401 2909 2460 ὡς
2958 2398 3183 2469 βιῦλίον.
3250 2401 3355 2451 Καὶ
3387 2399 3594 2468 Πέτρος
3651 2401 3846 2467 φησὶν,

2264 2514 2281 2544 ι
2317 2495 2552 2564 Ούρανοὶ
2589 2493 2688 2561 μὲν
2725 2492 2974 2563 ροιξηδδν
3016 2491 3495 2560 ιταρελεύσονταιν
3519 2495 3762 2560 στοιχεῖα
3787 2490 3850 2547 δε

2257 2586 2612 2654 καυσούμενα
2670 2583 3035 2653 λ.υθὴσονται”
3076 2589 3170 2636 καὶ
3221 2587 3418 2652 γῆκαὶ
3465 2587 3535 2637 τὰ
3586 2587 3645 2638 ὲν
3701 2587 3846 2655 αὐτῇ

2257 2682 2436 2733 πάντα
2464 2680 2900 2744 κατακαήσεται.
2934 2697 2950 2728 ι
2992 2678 3213 2730 Τούτων
3235 2678 3290 2730 δὲ
3319 2678 3538 2730 πάντων
3561 2680 3848 2747 λυομένων

2259 2772 2533 2834 ποταποὺς
2561 2771 2640 2824 δεῖ
2674 2767 2812 2825 εἶναι
2858 2771 3046 2839 ἠμᾶς;
3089 2769 3180 2822 Ἐν
3233 2770 3422 2837 ἁγίαις
3473 2773 3850 2840 ἀναστροφαῖς

2257 2868 2351 2918 καὶ
2407 2863 2740 2928 εὐσεϐείαις,
2803 2862 3282 2930 ἀπεκδεχομένους
3333 2866 3432 2930 τὴν
3485 2862 3580 2914 τοῦ
3634 2862 3849 2931 Κυρίου

2258 2959 2416 3028 ἡμῶν
2463 2958 2639 3028 Ἰησοῦ
2674 2956 2913 3023 Χριστοῦ
2965 2957 3300 3026 παρουσίαν,
3353 2959 3484 3025 περὶ
3526 2951 3593 3024 ἦς
3643 2956 3708 3024 δὴ
3749 2959 3850 3010 καὶ

2263 3053 2572 3124 φροντίζειν
2599 3053 2746 3122 ἡμᾶς
2775 3049 2972 3120 χρεών.
3034 3049 3099 3102 Τί
3130 3049 3239 3119 γὰρ
3296 3051 3354 3101 τὸ
3380 3049 3571 3118 δφελος
3627 3053 3693 3103 ἐκ
3748 3051 3854 3121 τῆς

576 3140 763 3209 opinio
793 3141 1068 3195 mentibus
1107 3141 1319 3196 insanis
1351 3142 1646 3197 inseratur.
1692 3144 1848 3210 Quod
1886 3161 1991 3199 non
2024 3147 2156 3215 ipsae

2265 3148 2367 3200 τῶν
2401 3147 2722 3214 κτισμάτων
2752 3143 2984 3214 Θεωρίας
3013 3159 3028 3210 ;
3063 3144 3194 3194 ποία
3227 3143 3292 3195 εκ
3334 3141 3540 3196 τούτων
3569 3143 3854 3214 άπάθεια;

579 3233 782 3289 faciunt
808 3243 1072 3289 creaturae
1099 3251 1222 3289 cum
1248 3236 1403 3290 home
1427 3235 1538 3290 sint
1563 3243 1749 3305 utpote
1775 3253 1805 3292 a
1834 3239 1980 3293 bono
2007 3255 2157 3294 erea-

579 3339 718 3383 turte
755 3328 1010 3393 conditae,
1070 3331 1161 3382 sed
1229 3328 1465 3382 sollicita
1529 3345 1714 3384 earum
1763 3332 2158 3398 consideratio,

578 3435 742 3489 quam
804 3421 1233 3489 contemplatqu
1311 3430 1614 3490 apostatam
1679 3421 1868 3476 dicttnt
1933 3424 2159 3493 quidam

581 3513 929 3579 (sublimiore
977 3514 1122 3568 enim
1165 3515 1631 3582 contemplatione
1671 3517 1870 3586 dignus
1918 3516 2162 3570 nonfuit

582 3607 673 3662 ille
719 3606 792 3662 ab
849 3606 1008 3662 initio
1037 3607 1435 3677 gloriabundus
1484 3618 1537 3663 et
1568 3609 2036 3665 insolentissimus
2068 3611 2162 3678 qui

583 3711 766 3755 tamen
793 3715 1010 3754 summo
1036 3700 1359 3771 angelorum
1397 3703 1578 3756 ordini
1608 3704 1886 3772 prmerat),
1911 3701 2038 3757 dum
2054 3704 2164 3762 ,ἰη-

583 3800 832 3848 tuet'etttr
847 3793 1231 3862 superbivisse,
1247 3809 1414 3864 seque
1429 3795 1709 3865 jaetitasse
1728 3795 1987 3850 thronum
2003 3810 2161 3852 suum

585 3902 752 3958 super
779 3886 953 3943 nttbes
970 3896 1023 3940 et
1041 3896 1184 3941 astra
1210 3890 1538 3957 positurum,
1567 3891 1909 3961 similemque
1932 3889 2050 3947 fore.
2072 3891 2165 3946 Al-

585 3982 821 4046 tissimo,
840 3981 932 4049 qui
948 3979 1290 4034 Altissimum
1307 3997 1414 4036 non
1435 3984 1818 4054 cognoscebat.
1839 3983 1994 4038 Hunc
2014 3999 2169 4040 mens

583 4071 766 4139 omnis
785 4086 1002 4141 semper
1021 4072 1379 4142 contemplari
1401 4074 1559 4129 debet
1582 4073 1730 4128 velut
1759 4082 1993 4129 mentem
2012 4085 2167 4130 teter-

586 4165 949 4220 ttamPatrem
976 4180 1100 4220 curn
1121 4163 1302 4227 Verbo
1324 4174 1379 4219 et
1406 4166 1635 4235 Spiritu,
1663 4177 1715 4221 et
1739 4183 1864 4221 eum
1888 4178 2166 4238 appetere,

504 4280 505 4283 η
583 4271 748 4329 atque
759 4259 827 4315 ad
841 4275 964 4315 eum
983 4267 1356 4314 creaturarum
1377 4261 1637 4314 factorem
1653 4263 1910 4315 continua
1930 4275 2169 4331 pr0pen-

583 4352 742 4409 sione
762 4355 1004 4417 tendere.
1019 4360 1073 4406 et
1093 4368 1217 4407 eum
1245 4353 1297 4408 iu
1322 4352 1538 4407 silentio
1564 4354 1796 4408 adorare
1816 4355 2170 4424 quemadmo-

583 4445 715 4502 dum
734 4447 933 4516 angeli;
954 4445 1159 4516 Deique
1174 4459 1337 4515 Opera
1358 4459 1608 4514 quamam
1627 4445 1738 4500 siut
1757 4447 1986 4502 intuitus
2002 4447 2166 4502 homo
2194 4479 2245 4540 υ

587 4541 747 4594 debet
764 4539 1062 4594 secundum
1081 4539 1302 4610 angelos
1320 4553 1506 4608 agere,
1521 4553 1715 4608 nempe
1735 4554 1856 4594 eum
1878 4539 2095 4610 hymnis
2111 4552 2167 4596 et

587 4629 841 4685 laudibus
863 4630 1163 4687 celebrare.
1195 4630 1286 4685 Ait
1320 4630 1504 4686 enim:
1539 4649 1556 4681 ι
1594 4629 1827 4696 Quando
1857 4629 2000 4684 facta
2041 4641 2170 4686 sunt

589 4731 763 4791 astra,
791 4723 1193 4778 laudabantme
1230 4739 1363 4780 voce
1387 4739 1583 4795 magna
1615 4738 1808 4779 omnes
1846 4723 2024 4794 angeli
2065 4724 2170 4779 mei

591 4817 920 4887 hymnisque
951 4816 1245 4871 ornabant.
1286 4835 1305 4867 ι
1335 4815 1564 4871 Vidcn‘?
1595 4816 1893 4871 humilitati
1940 4825 2089 4879 sunt,
2121 4827 2175 4871 et

589 4910 778 4968 statim
804 4910 870 4964 ad
903 4909 1423 4978 contemplationem
1480 4919 1535 4964 et
1576 4909 2028 4977 gloriﬁcationem
2079 4906 2173 4961 Dei

591 5015 825 5062 tuentem
864 5012 1182 5068 erexerunt,
1233 5004 1496 5074 quoniam
1558 5001 1676 5071 ipse
1707 5003 1953 5055 onmium
1989 5000 2174 5056 Domi-

596 5115 736 5168 nus;
771 5113 946 5170 neque
983 5105 1201 5168 propter
1229 5112 1378 5162 eum,
1416 5095 1513 5150 sed
1551 5104 1770 5164 propter
1811 5109 1931 5163 nos,
1970 5104 2030 5149 ut
2072 5110 2177 5149 no-

593 5205 710 5251 stra
740 5200 998 5262 regantur
1031 5206 1259 5262 corpora
1303 5189 1541 5269 visibilia
1603 5189 1870 5253 condidit,
1919 5190 2172 5244 invisibi-

593 5288 666 5342 lia
698 5294 880 5340 autem
912 5293 971 5339 ut
1003 5285 1201 5340 animis
1252 5284 1458 5339 nostris
1495 5283 1808 5354 proliciant.
1843 5281 1974 5349 Qua
2009 5283 2179 5351 igitur

597 5381 810 5438 utilitas
875 5381 919 5434 si
976 5377 1044 5433 de
1101 5377 1187 5433 his
1238 5376 1690 5447 corruptibilibus
1738 5375 1964 5430 solliciti
2005 5374 2180 5432 simus

597 5491 723 5548 qua:
749 5472 1098 5529 studentibus
1153 5487 1264 5527 non
1320 5482 1576 5541 prosunt,
1633 5469 1737 5524 nisi
1796 5468 1921 5539 quis
1975 5469 2066 5522 illa
2092 5483 2183 5522 so-

597 5569 882 5626 lummodo
923 5567 1178 5637 inspiciat
1231 5573 1291 5620 ut
1344 5564 1453 5619 Deo
1498 5564 1705 5634 gratias
1762 5571 1816 5616 et
1864 5561 2052 5616 Iaudes
2085 5561 2184 5615 tri-

601 5664 757 5727 buat,
798 5671 856 5716 ut
886 5661 1065 5716 solent
1098 5659 1298 5722 sancti,
1335 5667 1392 5713 et
1438 5656 1608 5712 David
1664 5654 1811 5712 istud
1850 5661 2095 5716 testatur
2124 5652 2180 5706 in

602 5755 791 5811 tnultis
820 5753 1043 5825 psalmis
1070 5765 1233 5823 opera
1291 5749 1385 5806 Dei
1436 5748 1805 5819 pmdicando.
1872 5744 1967 5801 ille
1999 5751 2180 5799 autem

604 5848 922 5919 immundus
957 5847 1072 5905 hac
1107 5845 1332 5903 omnino
1365 5845 1570 5903 oblitus
1601 5841 1914 5899 Grecorum
1947 5837 2181 5911 ineptias

2262 3239 2392 3292 ποία
2416 3237 2596 3307 ψυχῆς
2631 3234 2928 3306 ωντρι6ή;
2960 3235 3008 3287 εί
3065 3235 3140 3303 μὴ
3182 3235 3273 3287 καὶ
3309 3233 3489 3310 οίησιν
3520 3235 3856 3306 προστίθησι

2267 3333 2490 3402 μᾶλλον,
2518 3332 2614 3384 καὶ
2643 3333 2765 3391 ταῖς
2799 3330 2908 3382 τῶν
2939 3329 3195 3396 ἀφρόνων
3239 3327 3441 3396 ψυχαῖς
3469 3328 3569 3396 τὴν
3601 3327 3698 3381 τοῦ
3726 3346 3859 3383 σκο-

2265 3425 2445 3480 τεινοῦ
2473 3424 2592 3485 νοὸς
2617 3423 2711 3475 καὶ
2731 3420 3084 3490 ὑπερηφάνου
3107 3420 3355 3473 ἀντίθεον
3380 3419 3611 3490 γνώμην
3635 3422 3854 3492 tutan.

2269 3535 2374 3572 σιν.
2405 3519 2478 3570 Οὐ
2519 3517 2586 3568 τά
2620 3516 2897 3584 κτίσματι
2923 3514 2977 3567 δὲ
3023 3513 3184 3567 τοῦτο
3215 3517 3380 3578 ποιεῖ,
3416 3501 3558 3567 καλᾶ
3611 3517 3722 3586 γὰρ
3780 3517 3859 3582 ὡς

2267 3613 2362 3665 καὶ
2397 3609 2564 3664 καλοῦ
2615 3610 2914 3674 κτίσματα,
2946 3606 3065 3661 ἀλλ’
3120 3609 3154 3676 ἡ
3194 3607 3488 3678 περίεργος
3529 3610 3760 3679 θεωρία,
3790 3613 3860 3680 ἣν

2268 3704 2362 3756 καὶ
2392 3704 2750 3772 θεωρήσαντα
2783 3701 2874 3754 τὸν
2897 3699 3218 3780 ἀποστάτην
3267 3702 3402 3767 φασί
3450 3718 3598 3764 τινες
3633 3703 3716 3772 (οὐ
3747 3705 3862 3774 γὰρ

2268 3796 2606 3866 ὑψηλοτέρας
2630 3793 2831 3862 ἠξίωτο
2872 3791 3130 3862 θεωρίας,
3162 3792 3258 3845 ἀπ’
3291 3794 3470 3862 ἀρχῆς
3523 3795 3601 3848 ὢν
3640 3795 3864 3860 ἀλαζὼν

2269 3891 2364 3944 καὶ
2424 3888 2762 3960 ὑπέροφρυς,
2815 3885 2918 3953 τῆς
2964 3883 3285 3948 τελευταίας
3336 3885 3392 3938 δὲ
3441 3886 3552 3940 τῶν
3603 3887 3861 3956 ἀγγέλων

2271 3981 2487 4050 ὑπῆρχέ
2536 3976 2765 4047 τάξεως)
2821 3973 3239 4045 ὑπερφρονῆσαι
3299 3977 3357 4028 εν
3409 3975 3486 4044 τῷ
3541 3977 3697 4040 ίδεῖν,
3764 3981 3864 4032 καὶ

2271 4075 2446 4127 θεῖναι
2479 4068 2863 4141 καυχήσασθαι
2907 4067 3094 4120 ἐπάνω
3141 4067 3252 4120 τῶν
3299 4069 3539 4135 νεφελῶν
3593 4072 3691 4124 καὶ
3747 4073 3862 4126 τῶν

2273 4167 2493 4236 ἄστρων
2555 4163 2648 4216 τὸν
2705 4160 2897 4230 θρόνον
2961 4158 3150 4222 αὐτοῦ,
3212 4164 3308 4215 καὶ
3338 4161 3526 4229 ὅμοιον
3583 4159 3729 4217 εἶναι
3783 4165 3866 4235 τῷ

2283 4258 2547 4328 ,τψίστφ,
2590 4253 2666 4324 μὴ
2700 4253 2878 4305 εἰδότα
2906 4252 3000 4304 τὸν
3033 4251 3324 4321 ’Υφιστοι
3381 4256 3478 4307 ’ον
3517 4254 3599 4308 δεῖ
3629 4254 3866 4326 θεωρεῖν

2277 4350 2453 4404 πάντα
2482 4346 2611 4402 νοῦν
2629 4346 2718 4400 ἀεὶ
2742 4345 2816 4409 ὼς
2837 4343 2944 4415 50
2960 4344 3198 4414 ἀναρχον
3219 4344 3348 4398 ὄντα
3378 4345 3503 4402 νοῦν
3529 4347 3621 4400 τὸν
3640 4349 3866 4422 Πατέρα

2275 4445 2371 4496 σὺν
2400 4441 2480 4510 τῷ
2509 4441 2669 4510 Λόγῳ
2718 4441 2813 4494 καὶ
2865 4437 3170 4506 ηνεύματι,
3205 4437 3300 4491 καὶ
3329 4438 3487 4513 Δ,πρὸς
3539 4439 3705 4494 αὑτὸν
3769 4444 3866 4513 τὴν

2275 4537 2463 4605 ἔφεσιν
2497 4533 2666 4604 ἔχειν,
2706 4534 2798 4586 καὶ
2832 4531 2973 4602 πρὸς
3005 4531 3172 4584 αὑτὸν
3207 4531 3296 4585 ἀεὶ
3326 4510 3732 4598 ἀνατείνεσθαι,
3767 4510 3867 4588 τδν

2274 4631 2508 4700 ποιητὴν
2560 4627 2674 4680 τῶν
2724 4629 3067 4694 κτισμάτων.
3126 4624 3221 4678 καὶ
3277 4623 3528 4690 δοξάζειν
3581 4627 3868 4698 ἀσιγήτως

2275 4723 2437 4777 αὑτὸν
2465 4720 2541 4784 ὡς
2557 4721 2607 4773 οἱ
2637 4719 2884 4788 ἄγγελοι,
2911 4718 3006 4771 καὶ
3031 4716 3175 4770 κατὰ
3207 4717 3336 4780 τοὺς
3360 4716 3628 4784 ἀγγέλους
3659 4721 3866 4787 ποιεῖν,

2277 4812 2587 4883 θεωροῦντα
2615 4809 2736 4863 τίνα
2767 4810 2835 4861 τὰ
2856 4807 2951 4861 τοῦ
2980 4805 3118 4860 Θεοῦ
3148 4808 3448 4878 κτίσματα,
3478 4809 3670 4878 ὑμνεῖν
3700 4811 3870 4866 αὑτὸν

2278 4913 2372 4961 καὶ
2390 4906 2713 4973 δοξολογεῖν.
2746 4905 2912 4958 ι”Οτε
2943 4921 2961 4955 ι
2987 4902 3120 4972 γάρ,
3147 4902 3336 4973 φησὶν,
3369 4920 3386 4954 ι
3418 4902 3640 4968 ἐγένετο
3659 4903 3863 4975 ἀστρα,

2277 4999 2477 5072 ᾔνεσαν
2501 5015 2567 5069 με
2611 4999 2762 5068 φωνῇ
2831 4994 3048 5068 μεγάλῃ
3081 4994 3285 5058 πάντες
3343 4994 3568 5064 ἄγγελοί
3628 5013 3736 5065 μου
3768 4996 3869 5052 καὶ

2281 5093 2551 5162 ὕμνησαν.
2586 5110 2604 5143 ι
2649 5091 2863 5161 Ὀρᾷς;
2897 5087 3368 5156 Τεταπείνωνται,
3428 5093 3524 5142 καὶ
3573 5088 3713 5160 πρὸς
3767 5091 3872 5160 τὴν

2280 5184 2377 5238 τοῦ
2413 5182 2552 5237 Θεοῦ
2611 5182 2849 5253 θεωρίαν
2879 5183 2977 5236 καὶ
3028 5179 3344 5249 δοξολογίαν
3374 5180 3538 5244 εὐθὺς
3591 5182 3688 5234 τδν
3739 5179 3872 5240 νοῦν

2281 5273 2540 5342 ἔστησανο
2570 5272 2654 5325 ὅτι
2683 5273 2779 5326 καὶ
2807 5270 2974 5335 αύτός
3010 5273 3232 5324 πάντων
3266 5271 3662 5342 παραγωγεὺς,
3685 5271 3872 5324 καὶού

2281 5365 2348 5418 δι’
2381 5365 2545 5418 αὑτὸν
2582 5365 2648 5417 τὰ
2679 5364 2982 5433 κτίσματα,
3012 5363 3146 5417 ἀλλά
3167 5363 3237 5417 δι’
3268 5364 3441 5436 ήμᾷς,
3470 5363 3556 5416 ἵνα
3592 5362 3871 5435 κυϐερνᾶ-

2283 5477 2372 5514 ται
2406 5458 2564 5529 ἡμῶν
2591 5456 2661 5511 τὰ
2698 5461 2947 5528 σώματα.
2982 5458 3064 5513 Τά
3119 5457 3175 5512 δι
3203 5456 3346 5526 ὑπερ
3366 5456 3475 5510 τῶν
3497 5455 3690 5526 ψυχῶν
3711 5453 3875 5527 ἡμῶν

2285 5553 2654 5624 ἀκατανόητα.
2686 5552 2784 5616 Τις
2839 5547 2931 5606 οὖν
2966 5552 3000 5621 ἡ
3036 5549 3201 5620 χρεία
3264 5549 3535 5620 μεριμνᾷν
3595 5549 3728 5619 περὶ
3762 5550 3877 5606 τῶν

2286 5645 2566 5718 φθαρτῶν,
2601 5645 2698 5700 καλ⁵
2731 5645 2900 5716 μηδὲν
2931 5641 3292 5711 ὠφελούντων
3339 5643 3396 5694 ιν
3426 5640 3507 5710 τῷ
3554 5645 3876 5708 κατανοεῖν,

2287 5744 2335 5794 εί
2371 5741 2444 5812 μή
2478 5756 2561 5804 τις
2589 5739 2950 5808 κατανοήσειε
2981 5734 3179 5808 μικρὸν
3199 5735 3288 5788 διὰ
3310 5735 3480 5806 μόνην
3510 5735 3876 5806 εὐχαριστίαν

2289 5834 2424 5889 Θεοῦ
2453 5835 2548 5890 καὶ
2575 5832 2905 5904 δοξολογίαν,
2939 5830 3016 5896 ὡς
3047 5832 3143 5886 καὶ
3186 5831 3299 5896 τοῖς
3330 5827 3506 5898 ἀγίοις
3545 5828 3668 5894 ἔθος
3710 5831 3834 5884 ιστί
3850 5844 3872 5900 ;
