4050 6444
597 243 704 299 ιςςδ

1441 243 1740 305 SYMEON
1751 244 1824 308 IS
1857 242 2613 308 TBESSALONICENSIS
2649 242 3012 306 ARCHIEP.

3772 228 3878 294 UB

597 358 786 419 autem
819 351 1138 423 episcopus,
1165 363 1554 426 postremaque
1583 357 1922 417 salutatione
1977 359 2034 414 in
2091 375 2185 432 sy-

2294 359 2418 423 σίας
2452 356 2619 412 αὐτοῦ
2665 355 2985 427 φροντίζειο
3021 353 3280 426 συνεργεῖ
3318 351 3378 406 δὲ
3431 350 3526 404 καὶ
3567 349 3680 410 τοῖς
3711 344 3880 416 ιιροῐς

599 442 750 497 nodo
779 441 1008 502 functus
1038 446 1319 516 proprium
1366 449 1546 502 locum
1595 461 1850 521 occupat,
1899 469 2006 507 non
2067 467 2186 506 am-

599 530 749 601 plius
773 544 896 603 eget
921 536 1136 590 caeteris
1187 552 1310 607 quze
1365 546 1493 609 typo
1548 541 1924 604 continentur,
1977 540 2071 595 sed
2126 551 2186 595 ut

2295 451 2481 522 ἔργοις
2511 449 2880 518 παραϐάλλων
2903 450 2970 518 τῇ
3006 445 3233 518 συνόδῳ,
3273 444 3371 498 καὶ
3399 441 3496 513 ἀφ’
3537 435 3762 502 ἑαυτοῦ,
3787 436 3878 489 ὅτε

2294 544 2473 616 χρεία,
2512 543 2608 597 καὶ
2633 540 3142 612 προσκαλούμενος.

595 628 896 696 episcopus
922 629 1194 684 rxsistens
1226 645 1346 700 qua:
1379 629 1646 685 adsuam
1683 631 1984 686 Ecclesiam
2027 640 2298 703 spectant,
2323 645 2503 690 curat.
2561 633 2905 704 Cooperatur
2971 646 3194 703 quoque
3250 626 3428 686 sacris
3489 624 3753 696 operibus
3791 635 3883 677 ac-

595 723 798 778 cedens
831 725 897 778 ad
923 725 1193 794 synodum
1216 742 1246 780 a
1271 731 1476 796 seipse,
1520 744 1644 783 cum
1677 745 1816 801 Opus
1844 738 1951 794 cst,
1989 740 2046 786 et
2073 731 2397 788 advocatus.

1125 844 1358 904 CAPUT
1395 847 1660 907 CCXXII.

599 933 757 1001 Quod
813 939 1084 1013 episcopus
1141 939 1336 1013 electus
1382 950 1462 995 ter
1502 943 1742 1013 osculum
1796 942 1934 1012 ﬁgit,
1965 951 2016 998 st
2057 959 2186 1013 quo-

949 1009 1106 1062 modo
1153 1011 1395 1063 osculum
1433 1015 1676 1082 quodque
1705 1009 1828 1078 ﬁat.

665 1093 932 1153 Osculum
971 1108 1055 1155 ter
1079 1101 1244 1155 datur
1275 1103 1585 1158 ordinando
1611 1116 1810 1175 praeter
1850 1107 1981 1161 illud
2037 1108 2180 1176 quod

595 1188 656 1244 ﬁt
678 1190 732 1244 in
762 1193 1103 1246 sanctuatio.
1135 1191 1379 1247 Primum
1439 1195 1660 1264 quidem
1713 1208 1837 1268 post
1886 1198 2182 1253 indicatio-

597 1296 745 1346 nem,
775 1291 962 1350 utpote
997 1291 1111 1335 tum
1165 1282 1346 1338 factus
1398 1283 1663 1340 Ecclesiae
1727 1302 1966 1357 sponsus
2017 1287 2178 1357 cujus

593 1361 1005 1440 possessionem
1039 1374 1377 1443 aggreditur.
1403 1376 1540 1447 Cum
1593 1377 1848 1433 videlicet
1895 1381 2050 1434 nullo
2083 1394 2178 1433 ex-

595 1463 828 1516 siSteute
875 1466 1230 1520 suaveolcule
1265 1467 1446 1521 sumtu
1482 1470 1564 1524 vel
1600 1484 1756 1525 roseo
1774 1471 1989 1539 liquore
2011 1472 2182 1526 addu-

597 1554 739 1608 citur
768 1556 1111 1612 ordinandus
1143 1559 1209 1612 ad
1257 1560 1736 1631 archiepiscopum
1787 1567 2092 1629 sedentem,
2127 1576 2181 1620 ct

597 1644 664 1697 ad
699 1645 990 1715 episc0pos
1022 1649 1166 1704 circa
1203 1651 1379 1720 ipsum
1413 1669 1482 1706 ex
1513 1663 1745 1722 utraque
1793 1667 1952 1725 parte
1984 1659 2180 1714 seden-

2849 847 3104 902 ΚΕΦΑΔ.
3143 843 3314 900 ΣΚΒ.

2291 943 2428 998 Ὀτι
2477 943 2612 1011 τρὶς
2687 939 2940 995 ποιεῖται
2979 941 3090 1011 τότ
3135 936 3469 1011 ἀσθζασμὸν
3496 937 3530 989 ό
3563 929 3885 1011 ᾀρχιερεὺς

2397 1005 2869 1082 χειροιῖονηθειςο
2913 1009 3013 1063 καί
3049 1009 3209 1075 ὅπως
3238 1005 3498 1072 ἕκαστος
3520 1005 3772 1074 γίνεται.

2368 1101 2430 1154 Ὀ
2480 1101 2776 1169 ἀσπασμὸς
2813 1100 2869 1152 6t
2911 1098 2990 1169 τῷ
3033 1094 3539 1168 χειροτονουμένη),
3588 1091 3734 1160 πλὴν
3781 1089 3881 1142 τοῦ

2284 1196 2344 1246 tv
2379 1193 2457 1263 τῷ
2480 1193 2688 1263 βήματι
2723 1191 3080 1260 τελουμένου,
3109 1189 3319 1256 γίνεται
3349 1188 3491 1255 τρίς·
3523 1185 3742 1257 πρῶτον
3779 1181 3883 1252 μὲν

2294 1288 2435 1354 μετὰ
2472 1287 2533 1338 τὸ
2567 1286 2795 1355 μήνυμα
2821 1285 2896 1346 ὠς
2919 1283 3207 1350 γεγονότος
3239 1279 3408 1334 αὐτοῦ
3436 1277 3754 1349 μνηστῆρος
3780 1273 3887 1343 τῆς

2287 1379 2607 1449 ἐκκλησίας,
2641 1374 2708 1449 ἦς
2751 1379 2850 1448 τὴν
2880 1377 3194 1448 ἐγχείρισαν
3230 1375 3469 1443 δέχεται,
3502 1373 3593 1424 ὅτε
3622 1369 3701 1438 μὴ
3727 1367 3887 1420 εὐόσ-

2291 1489 2395 1541 μου
2428 1471 2581 1532 ὄντος
2622 1470 2792 1533 τινὸς,
2839 1469 3189 1539 θυμιάματος
3239 1464 3544 1535 δηλονότιῆ
3586 1461 3888 1534 ροδοστάγ-

2296 1581 2495 1632 ματος,
2531 1563 2852 1632 καθημένου
2883 1561 2978 1615 τοῦ
3011 1560 3448 1632 ἀρ’χιεπισκόπου
3503 1558 3598 1610 καὶ⁵
3640 1555 3750 1607 τῶν
3784 1554 3888 1623 ἅρ-

2292 1655 2524 1724 χιερέων
2556 1655 2922 1723 ἑκατέρωθεν,
2948 1652 3360 1722 προσαγόμενος
3389 1649 3692 1719 προσκυνεῖ
3725 1645 3884 1713 τρίςο

599 1745 703 1798 tes,
736 1746 925 1806 terque
955 1754 1076 1794 sese
1100 1744 1422 1809 prosternit,
1455 1753 1510 1797 et
1539 1747 1830 1801 osculatur
1861 1763 2027 1816 genu,
2065 1765 2179 1804 ma-

2294 1749 2385 1802 καὶ
2413 1746 2801 1814 ἀσπαζόμενος
2845 1746 2976 1812 γόνυ
3027 1744 3122 1796 καὶ
3169 1746 3331 1812 χεῖρα
3363 1741 3456 1793 καὶ
3503 1739 3743 1809 παρειὰν
3788 1735 3889 1790 τοῦ

597 1842 728 1880 num
789 1840 842 1882 et
875 1846 1067 1899 genam
1109 1835 1405 1901 poniilteis,
1432 1846 1487 1888 ct
1524 1837 1576 1888 in
1616 1854 1709 1892 ore
1737 1840 2029 1908 episcopos
2063 1851 2180 1895 tum

597 1921 849 1975 sedentes
878 1941 894 1986 ;
933 1924 1175 1977 nondum
1208 1926 1355 1978 enim
1389 1939 1472 1982 est
1503 1931 1815 1999 episcOpns,
1842 1932 2031 1998 jussus
2083 1949 2183 1988 au-

599 2023 704 2065 tem
745 2016 921 2078 sedet,
953 2031 1060 2067 non
1099 2016 1149 2068 in
1177 2018 1375 2070 throno
1411 2021 1728 2087 episcopali,
1772 2023 1865 2076 sed
1926 2023 2180 2091 privatim

597 2102 852 2165 inferius,
896 2105 947 2158 iu
983 2107 1105 2161 loco
1135 2107 1520 2176 depressiore:
1555 2126 1666 2179 quo
1687 2111 2024 2181 signiﬁcatur
2056 2129 2178 2166 eum

596 2193 901 2249 Ecelesiatn
935 2207 1146 2251 tantum
1176 2200 1559 2266 despondissoc,
1594 2211 1646 2254 et
1677 2203 2014 2270 Sponsalium
2066 2202 2179 2271 pll-

599 2284 785 2339 tnitias
817 2287 1121 2356 accepisse,
1161 2288 1403 2342 nondum
1439 2290 1583 2342 enim
1630 2291 1710 2342 \ir
1767 2290 1886 2360 ejus
1943 2302 2048 2352 est,
2099 2290 2182 2342 vel

599 2377 854 2430 maritus.
883 2376 1008 2431 Ideo
1038 2377 1187 2431 velut
1212 2377 1308 2447 qui
1341 2386 1554 2431 tantum
1581 2378 1789 2434 dederit
1822 2382 2069 2451 symbola
2128 2389 2183 2436 et

598 2470 978 2524 arrhabouum
1037 2472 1308 2540 primitias
1365 2487 1493 2526 cum
1551 2475 1743 2529 amicis
1802 2484 1857 2528 et
1919 2475 2182 2528 fratribus

595 2577 810 2629 sponsae
843 2577 904 2616 ea
930 2564 1146 2632 peragit
1169 2579 1293 2632 qua:
1317 2563 1384 2618 ad
1418 2564 1718 2618 amicitiam
1745 2566 2179 2619 conﬁrmandam

597 2653 946 2721 inserviunt;
979 2655 1124 2709 unde
1151 2671 1246 2709 eos
1268 2657 1552 2710 osculatur
1587 2668 1646 2710 ut
1696 2658 1807 2725 jam
1861 2658 2097 2719 amicus,
2132 2666 2187 2711 et

597 2749 752 2799 sedet
781 2762 906 2803 cum
939 2747 1038 2812 eis,
1077 2759 1130 2803 et
1181 2749 1421 2803 consulit
1464 2765 1588 2803 cum
1647 2751 1765 2816 eis;
1833 2766 1940 2804 non
2004 2762 2184 2803 tamen

601 2839 878 2902 considet,
909 2854 1033 2892 cum
1071 2840 1332 2894 thronum
1369 2841 1612 2894 nondum
1655 2851 1947 2896 assecutus
1997 2843 2182 2907 fuerit,

601 2942 701 2980 nec
740 2928 1003 2981 honorem
1036 2938 1089 2984 et
1116 2927 1444 2999 dignitatem
1496 2929 1676 2985 Patris
1734 2931 2028 2996 Ecclesia};
2085 2946 2186 2986 nec

597 3019 743 3072 enim
775 3018 911 3087 ipsis
949 3030 1299 3089 cooperator,
1337 3037 1461 3076 cum
1499 3021 1760 3077 ordinare
1827 3039 1936 3077 non
1986 3025 2182 3091 possit.

2291 1840 2693 1907 lepdpxou,_xal.
2724 1837 2859 1899 τοὺς
2893 1837 3176 1907 ἀρχιερεῖς
3207 1835 3288 1897 είς
3322 1833 3385 1886 τὸ
3424 1833 3600 1900 στόμα
3635 1829 3902 1897 καθημθη

2289 1918 2413 1992 νους
2443 1930 2541 1982 καὶ
2575 1903 2799 1993 αὐτοὺς,
2831 1929 2890 1981 οὐ
2927 1930 3037 1996 γὰρ
3061 1927 3359 1989 ὲπίσκοπός
3382 1928 3531 1978 εστιν
3558 1927 3661 1988 ἐτι,
3693 1923 3887 1975 κελευ-

2288 2023 2440 2084 σθεὶς
2478 2021 2739 2088 κάθηται,
2787 2020 2888 2073 οὐκ
2921 2021 2978 2073 tv
3007 2019 3185 2090 θρόνῳ
3215 2019 3326 2070 τῶν
3378 2018 3718 2076 ἐπισκόπων,
3759 2013 3889 2067 ἀλλ’

2291 2113 2423 2182 ἰδίᾳ.
2453 2111 2702 2166 κάτωθεν
2729 2113 2787 2162 tv
2825 2111 3106 2180 ὑφειμένῳ
3140 2111 3270 2175 τινὶ,
3310 2108 3642 2178 δηλουμένου
3675 2107 3738 2156 ὲκ
3763 2104 3890 2157 τού-

2287 2223 2404 2268 του,
2456 2205 2530 2264 ὡς
2576 2204 2858 2273 ἡρμόσατο
2911 2203 3074 2273 μόνον
3121 2201 3223 2271 τὴν
3276 2200 3606 2268 ἐκκλησίαν,
3642 2199 3738 2252 καὶ
3780 2195 3885 2265 τῆς

2291 2299 2588 2367 μνηστείας
2610 2296 2784 2350 ἔλαϐε,
2809 2295 2906 2366 τὴν
2932 2294 3211 2363 ἀπαρχὴν,
3241 2293 3463 2346 οὐδέπω
3487 2292 3543 2344 δέ
3571 2293 3716 2344 ἔστιν
3746 2289 3886 2359 ἀνὴρ

2287 2393 2319 2451 ἢ
2372 2389 2628 2459 νυμφίος.
2681 2387 2770 2440 Διὸ
2807 2388 2884 2452 ὡς
2922 2387 3085 2458 μόνον
3119 2387 3187 2439 τά
3241 2385 3550 2454 συμϐόλαια
3591 2385 3736 2447 δοὺς,
3789 2384 3886 2436 καὶ

2288 2487 2399 2538 τῶν
2426 2484 2768 2554 ἁρρασώνων
2806 2483 2908 2543 τὰς
2949 2480 3230 2549 ἀπαρχὰς,
3269 2477 3407 2548 μετὰ
3438 2478 3548 2530 τῶν
3584 2477 3753 2544 φίλων
3786 2475 3886 2543 τῆς

2289 2578 2510 2644 νύμφης
2540 2574 2636 2646 καλ
2662 2572 2914 2642 ἀδελφῶν
2936 2574 3174 2624 ποιεῖται
3202 2570 3270 2623 τὰ
3287 2570 3387 2637 τῆς
3409 2569 3593 2636 φιλίας
3624 2567 3881 2636 ἐνέχυρα.

2290 2673 2397 2724 Καὶ
2434 2667 2745 2730 ἀσπάζεται
2776 2667 2850 2728 ὠς
2898 2666 3050 2733 φίλος
3082 2664 3207 2733 ἢδη.
3247 2666 3341 2716 καὶ
3389 2661 3628 2729 κάθηται
3661 2663 3758 2712 σὺν
3789 2660 3886 2711 αὑ-

2291 2764 2430 2824 τοῖς,
2474 2761 2569 2814 καὶ
2612 2758 2932 2828 βουλεύεται
2985 2759 3105 2824 μετ’
3154 2754 3483 2810 αύτῶν.’ού
3533 2753 3883 2819 συγκάθηται

2289 2855 2365 2917 δὲ,
2400 2852 2523 2906 ἐπεὶ
2559 2852 2684 2905 οὐδὲ
2716 2850 2809 2904 τοῦ
2843 2850 3037 2918 θρόνου
3068 2851 3390 2919 τετύχηκεν,
3425 2846 3545 2900 οὐδὲ
3576 2848 3675 2914 τῆς
3714 2845 3882 2911 τιμῆς

2288 2947 2384 3000 τοῦ
2416 2946 2631 3013 Πατρδς
2667 2944 2837 3012 αὐτῆς
2876 2943 2971 2996 καὶ
3010 2943 3192 3006 ἀξίας·
3222 2941 3344 2995 οὐδέ
3378 2956 3442 3007 γε
3494 2937 3842 3006 συμπράττει
3866 2974 3881 2998 ,

2293 3039 2376 3092 ὅτι
2408 3038 2532 3093 οὐδὲ
2581 3038 2914 3108 χειροτονεῖν
2968 3035 3226 3088 δύναται·
3293 3030 3608 3101 συμϐουλὴν
3655 3029 3714 3080 δὲ
3765 3028 3883 3096 ἦτοι

601 3112 905 3167 Consilium
935 3127 1063 3168 vero
1085 3111 1180 3166 dat
1211 3114 1419 3177 solum,
1455 3116 1573 3169 sive
1597 3117 1927 3170 sententiam
1953 3115 2108 3180 dicit,
2128 3123 2186 3171 et

2294 3130 2520 3203 γνώμην
2547 3130 2644 3185 καὶ
2671 3130 2839 3202 μόνον
2864 3128 3070 3191 δίδωσι,
3094 3127 3189 3180 καὶ
3219 3125 3330 3178 τῶν
3351 3125 3449 3191 τῆς
3472 3121 3694 3190 νύμφης
3722 3136 3887 3188 φρον-

599 3217 790 3259 eorum
834 3221 954 3273 qua:
1009 3215 1140 3260 sunt
1179 3221 1398 3276 sponsa:
1427 3222 1618 3260 curam
1669 3208 1829 3277 gerit,
1888 3210 2190 3278 possessio—

601 3315 732 3353 num
765 3299 980 3355 scilicet
1012 3311 1067 3356 et
1099 3302 1446 3372 negotiorum
1483 3301 1550 3355 ad
1566 3300 1873 3357 Eeclesiam
1935 3310 2191 3370 spectan-

601 3395 768 3447 tium.
803 3391 1056 3447 Seeunda
1092 3393 1358 3449 salutatio
1393 3395 1451 3446 lit
1481 3410 1605 3447 cum
1640 3394 2001 3464 perﬁciuntur
2021 3408 2190 3464 spon-

602 3486 762 3551 salia,
822 3485 1100 3556 traditque
1156 3501 1399 3557 sponsus
1461 3497 1516 3541 et
1573 3487 1775 3557 accipit
1844 3488 2075 3556 pignora
2138 3499 2193 3541 et

603 3591 822 3634 mutuas
851 3580 1180 3635 donationes
1210 3589 1338 3634 ante
1371 3580 1786 3635 matrimonium
1826 3581 1940 3634 ﬁeri
1975 3582 2190 3648 solitas,

599 3688 775 3738 eaque
801 3673 908 3744 agit
935 3688 1056 3740 quae
1089 3671 1238 3726 Patri
1270 3674 1629 3733 conveniunt.
1661 3681 1716 3726 et
1764 3675 1830 3727 ad
1873 3677 2052 3743 ipsum
2106 3690 2192 3726 re-

604 3764 878 3828 feruntur,
917 3765 1085 3819 veluti
1138 3763 1280 3835 quod
1343 3774 1548 3819 reetam
1588 3764 1750 3820 ﬁdem
1796 3765 2107 3828 confessus,
2139 3778 2190 3820 et

599 3857 965 3910 meonomiam
995 3857 1097 3910 sibi
1129 3856 1393 3910 creditam
1423 3871 1484 3910 sc
1510 3857 1644 3911 bene
1669 3857 2188 3924 administraturum

600 3947 820 4001 sincere
858 3946 1139 4015 pollicitus
1165 3947 1438 4016 primitias
1470 3947 1810 4001 matrimonii
1846 3947 2105 4014 accipiat,
2139 3954 2192 3999 et

602 4041 657 4093 in
699 4040 846 4094 illius
884 4041 1293 4109 possessionem
1336 4054 1434 4109 per
1477 4055 1706 4107 parvum
1744 4041 1987 4108 sigillum
2023 4040 2188 4094 veluti

601 4146 700 4199 per
724 4132 1088 4184 arrhabonem
1146 4130 1418 4184 mittatur.
1489 4128 1645 4184 Tunc
1703 4134 1851 4183 enim
1909 4130 2031 4185 sine
2084 4146 2188 4184 uu-

604 4234 811 4294 guento
848 4234 904 4277 ct
935 4224 1120 4278 sulﬁtu
1156 4224 1409 4278 osculum
1438 4222 1588 4277 facit.
1628 4222 1892 4278 Osculum
1917 4238 2048 4278 vero
2102 4238 2192 4277 or-

601 4317 912 4372 dinationis
942 4315 1088 4385 quod
1121 4314 1260 4372 litin
1305 4316 1630 4370 sanctuario
1689 4316 2187 4372 consummativum

601 4418 686 4463 t-sl.
716 4420 769 4462 et
795 4409 1205 4464 mutrimoniiet
1258 4407 1502 4472 unionis,
1537 4408 1667 4478 quia
1723 4408 1806 4461 vir
1851 4415 1906 4462 et
1957 4409 2188 4462 maritus

2291 3228 2430 3287 τῐζει
2465 3225 2768 3294 κτημάτων
2806 3221 3009 3295 δηλαδὴ
3039 3220 3135 3276 καὶ
3163 3220 3513 3293 πραγμάτων
3542 3216 3644 3290 τῆς
3680 3216 3886 3292 tuum;-

2294 3319 2437 3381 σίας.
2511 3317 2572 3372 ’0
2631 3317 2890 3384 δεύτερος
2938 3316 2994 3368 δὲ
3051 3317 3366 3383 ἀσπασμὸς,
3423 3315 3514 3368 ὅτε
3585 3314 3888 3369 τελεσθῶσι

2293 3411 2361 3463 τὰ
2397 3410 2676 3477 μνῆστρα,
2717 3408 2813 3460 καὶ
2847 3408 2972 3470 δοὺς
3017 3409 3144 3470 τοὺς
3184 3407 3512 3477 ἀρραϐῶνας
3556 3410 3651 3459 καὶ
3678 3406 3888 3470 λαϐὼν,

2295 3504 2390 3560 καὶ
2425 3502 2524 3565 τὰς
2558 3501 2666 3568 πρὸ
2706 3498 2800 3552 τοῦ
2833 3500 3013 3568 γάμου
3044 3499 3255 3568 δωρεὰς
3281 3501 3373 3552 καί
3406 3501 3474 3553 τά
3506 3500 3780 3568 σύμφωνα
3813 3497 3889 3567 τῷ

2295 3595 2490 3663 Πατρὶ,
2545 3589 2659 3645 οἷον
2695 3594 2796 3660 τὴν
2850 3593 3036 3644 πίστιν
3086 3593 3252 3660 ὀρθὴν
3284 3593 3741 3661 ἀνομολογήσας,
3793 3594 3888 3644 καὶ

2292 3684 2535 3754 γνησίως
2566 3683 2666 3752 τὴν
2697 3683 3160 3753 ἐμπιστευθεῖσαν
3198 3685 3507 3752 οἰκονομεῖν
3535 3684 3885 3754 καθυποσχε-

2293 3778 2428 3840 θεὶς,
2480 3777 2580 3839 τὰς
2624 3777 2880 3846 ἀπαρχὰς
2922 3775 3022 3843 τῆς
3071 3776 3429 3845 νυμφεύαεως
3476 3774 3641 3846 λάϐῃ,
3693 3780 3788 3829 καὶ
3823 3780 3890 3846 τῇ

2296 3869 2472 3939 μικρᾷ
2503 3867 2768 3936 σφραγῖδι
2798 3867 3004 3936 ταύτην
3027 3867 3101 3929 ὡς
3133 3867 3191 3920 tv
3223 3867 3510 3937 ἀρῤαὸὦνι
3540 3867 3886 3938 ἔγχειρισθῇ.

2295 3962 2406 4016 Καὶ
2439 3962 2561 4014 τότε
2601 3961 2710 4030 γὰρ
2750 3958 2875 4028 δίχα
2921 3958 3099 4027 μύρου
3134 3959 3226 4013 καὶ
3259 3958 3609 4028 θυμιάματος
3653 3961 3890 4012 ποιεῖται

2291 4055 2385 4106 τὸν
2415 4052 2735 4119 ἀσπασμόν.
2782 4049 3001 4102 Γίνεται
3055 4049 3112 4102 δὲ
3161 4049 3256 4102 καὶ
3295 4053 3322 4102 ὀ
3355 4050 3456 4118 τῆς
3506 4050 3886 4118 χειροτονίας,

2293 4142 2352 4206 ὃς
2381 4143 2533 4204 ὲντός
2563 4143 2679 4193 ὲστι
2707 4139 2803 4192 καὶ
2825 4137 3136 4202 τελεστικὸς
3157 4139 3253 4192 καὶ
3280 4139 3382 4207 τῆς
3408 4140 3773 4208 νυμφεύσεως
3794 4141 3891 4193 καὶ

2295 4235 2565 4297 ἐνὼσεως·
2599 4233 2684 4286 ὅτι
2716 4230 2855 4299 ἀνὴρ
2885 4230 2980 4282 καὶ
3006 4231 3236 4300 νυμφίος
3267 4234 3367 4298 τῆς
3399 4231 3702 4299 ἐκκλησίας
3725 4233 3892 4285 κατέ-

2297 4345 2422 4396 στη.
2474 4326 2620 4378 Ἀλλ’
2653 4326 2681 4377 ὁ
2715 4325 2844 4392 περὶ
2884 4321 3080 4376 τούτου
3126 4323 3182 4375 tv
3227 4324 3295 4391 τῇ
3338 4323 3645 4393 χειροτονία
3689 4323 3890 4394 ἐρρέθη

2297 4419 2477 4484 λόγος.
2532 4413 2646 4468 Νῦν
2695 4415 2750 4466 δὲ
2788 4414 2973 4483 τρίτον
3014 4413 3196 4482 φαμὲν
3226 4415 3317 4465 τὸν
3339 4413 3548 4476 ἔξωθεν
3576 4413 3675 4466 τοῦ
3713 4415 3890 4483 βήμα-

602 4503 864 4558 Ευειρεὶιε
903 4503 1289 4559 constituitur.
1331 4499 1436 4555 Sed
1467 4502 1534 4556 de
1574 4515 1638 4556 eo
1680 4501 1886 4556 dictum
1919 4511 2026 4565 est,
2066 4517 2191 4556 cum

2297 4526 2409 4571 τος,
2465 4507 2541 4570 ὡς
2597 4507 2693 4558 καὶ
2752 4506 2880 4565 τοὺς
2937 4503 3130 4566 ἄλλους
3184 4504 3536 4573 ἀσπασμοὺς,
3586 4505 3679 4557 τὸν
3716 4509 3774 4557 ἐν
3825 4508 3892 4577 τῇ

603 4599 669 4648 (ἑο
691 4594 1046 4649 ordinatione
1083 4594 1246 4648 verba
1280 4593 1610 4648 faceremus.
1647 4591 1806 4646 Nunc
1857 4602 2042 4647 autem
2084 4603 2193 4648 ter—

605 4688 738 4741 tium
773 4685 1010 4740 dicimus
1037 4685 1169 4738 illud
1192 4685 1340 4754 quod
1369 4686 1426 4739 lit
1449 4696 1604 4740 extra
1648 4683 2053 4749 sanctuarium,
2079 4686 2192 4741 sic-

604 4789 661 4832 ut
693 4789 750 4834 et
784 4775 893 4831 alia
944 4777 1159 4843 oscula,
1192 4776 1322 4832 illud
1368 4791 1564 4847 nempe
1586 4778 1728 4847 quod
1755 4777 1816 4831 lit
1875 4779 1929 4831 in
1963 4779 2192 4847 synodo,

603 4881 804 4940 etpost
845 4869 1278 4934 ordinationem,
1329 4883 1454 4924 cum
1505 4885 1698 4926 recens
1754 4871 2044 4926 ordinatus
2099 4887 2192 4925 ve-

605 4963 764 5016 uicus
802 4961 1126 5016 sedentibus
1177 4960 1600 5031 archiepiscopo
1660 4970 1717 5016 et
1776 4963 2052 5031 episcopis
2110 4972 2196 5016 ter

604 5069 729 5110 sese
756 5053 1066 5120 prosternit
1089 5068 1277 5107 coram
1315 5068 1515 5122 magno
1550 5053 1829 5124 pontiﬁce,
1871 5063 1929 5109 ut
1959 5055 2194 5125 subjec—

609 5148 813 5202 tionem
877 5162 1034 5202 suam
1075 5148 1442 5207 demonstret.
1477 5160 1528 5201 et
1577 5146 1900 5203 Trinitatem
1940 5148 2191 5203 honoret.

608 5243 810 5294 Postea
844 5251 1103 5309 surgente
1142 5241 1422 5307 paululum
1454 5241 1892 5309 archiepiscopo,
1933 5255 1989 5297 ut
2017 5245 2192 5312 ipsmu

609 5338 840 5389 honoret
869 5333 1012 5386 velut
1047 5334 1391 5402 episctmum,
1426 5333 1708 5388 stantibus
1737 5349 1866 5388 vero
1899 5335 2023 5389 aliis
2082 5336 2195 5402 epi-

606 5434 817 5494 sc0pis,
851 5426 1080 5495 aequalis
1112 5427 1254 5478 enim
1284 5435 1371 5479 est
1399 5425 1501 5488 eis,
1545 5439 1598 5480 et
1652 5425 1897 5495 ejusdem
1950 5428 2195 5492 honoris,

609 5519 825 5574 accedit
876 5528 931 5573 et
970 5532 1293 5572 consuetam
1346 5517 1476 5571 facit
1525 5519 1948 5584 salutationem;
1986 5522 2200 5574 archie-

610 5614 817 5684 piseopi
853 5612 1069 5667 scilicet
1104 5627 1271 5682 genu,
1313 5627 1534 5665 manum
1569 5624 1621 5666 et
1651 5628 1843 5683 genam
1878 5615 2194 5679 osculatur;

615 5708 903 5779 episcopos
937 5720 1062 5762 vero
1087 5717 1299 5764 stantes
1336 5707 1391 5762 in
1423 5721 1534 5762 ore.
1575 5705 1684 5764 lloc
1725 5712 1943 5778 peracto
1997 5709 2196 5766 iterum

2301 4598 2534 4666 συνόδῳ,
2594 4596 2693 4649 καὶ
2731 4595 2874 4663 μετὰ
2925 4594 3024 4665 τὴν
3079 4595 3448 4665 χειροτονίαν
3501 4598 3590 4649 ὅτε
3645 4596 3819 4650 ἐλθὼν
3864 4598 3892 4648 ό

2300 4694 2498 4746 νεωστὶ
2528 4690 2958 4762 χειροτονηθεὶς,
3009 4689 3101 4742 τοῦ
3158 4689 3598 4760 άρχιεπισκόπου
3649 4692 3746 4743 καὶ
3788 4691 3893 4744 τῶν

2300 4785 2606 4854 ἀρχιερέων
2633 4781 2986 4851 καθημένων,
3033 4783 3338 4852 προσκυνεῖ
3381 4781 3502 4850 τρὶς
3551 4781 3629 4852 τῷ
3668 4781 3894 4852 μεγάλῳ

2301 4879 2576 4948 ἀρχιερεῖ,
2613 4876 2712 4944 τὴν
2755 4873 3037 4942 ὑποταγὴν
3074 4875 3240 4928 αὑτοῦ
3273 4873 3514 4936 δεικνὺς,
3567 4876 3666 4927 καὶ
3713 4877 3893 4944 τιμῶν

2299 4973 2399 5040 τὴν
2439 4969 2668 5039 Τριάδα.
2717 4965 2850 5021 Εἶτα
2904 4967 3247 5038 προσελθὼν,
3299 4969 3758 5038 ὑπανισταμένου
3803 4971 3896 5024 καὶ

2301 5066 2395 5118 τοῦ
2433 5063 2874 5134 ἁρχιεπισκόπου
2904 5065 3125 5134 μικρὸν,
3174 5063 3446 5132 τιμῶντος
3474 5065 3638 5118 αὐτόν
3684 5064 3760 5129 ὡς
3797 5067 3898 5136 ἁρ-

2307 5157 2518 5226 χιερέα,
2568 5156 2660 5208 καὶ
2699 5155 2804 5208 τῶν
2838 5156 3013 5210 ἄλλων
3062 5156 3121 5208 δὲ
3173 5157 3487 5226 ἱσταμένων
3544 5158 3894 5230 ἀρχιερέων.

2305 5253 2417 5310 Eoo;
2453 5249 2564 5317 γάρ
2630 5251 2780 5300 ἐστιν
2810 5249 2997 5311 αὐτοῖς
3029 5249 3123 5302 καὶ
3153 5248 3470 5318 ὁματαγὴς,
3522 5251 3770 5304 ποιεῖται
3803 5252 3895 5306 τὸν

2307 5341 2600 5408 ἀσπασμὸν
2635 5337 2907 5408 συνήθως·
2944 5342 3046 5410 καὶ,
3075 5342 3168 5393 τὸν
3207 5339 3310 5410 μὲν
3342 5343 3785 5412 ἀρχιεπίσκοπον
3818 5345 3895 5409 είς

2306 5434 2366 5484 τὸ
2394 5433 2524 5499 γόνυ
2557 5431 2651 5484 καὶ⁵
2701 5432 2804 5500 τὴν
2835 5434 2994 5501 χεῖρα
3027 5433 3120 5486 καὶ
3150 5434 3250 5502 τὴν
3289 5433 3527 5503 παρειὰν
3559 5435 3894 5503 ἀσπάζεται,

2307 5527 2432 5588 τοὺς
2465 5525 2745 5594 ἀρχιερεῖς
2787 5523 2842 5575 δὲ
2893 5524 3223 5595 ἱσταμένους
3271 5526 3435 5597 168
3473 5529 3553 5590 είς
3599 5529 3664 5579 τὸ
3698 5529 3893 5599 στόμα.

2311 5617 2416 5669 Καὶ
2439 5615 2580 5669 οὕτω
2611 5614 2774 5667 πάλιν
2804 5613 2968 5682 μέσον
3007 5617 3160 5683 στάς,
3195 5620 3288 5670 καὶ
3319 5619 3408 5670 τὸν
3454 5619 3897 5690 άρχιεπίσκοπον

2308 5707 2720 5782 προσκυνήσας,
2771 5705 3055 5763 κελεύεται
3105 5711 3463 5784 καθῑςθῆναι·
3510 5716 3603 5770 καὶ
3657 5713 3897 5786 κάθηται
