4078 6458
604 368 710 433 651

1430 352 1804 413 SYMEONIS
1834 345 2587 410 TllESSALONICENSlS
2628 345 2989 406 ARCIHEP.

3734 340 3846 404 652

599 475 736 532 Illud
767 483 946 526 autem
974 467 1250 520 canticum
1292 462 1394 517 boc
1426 460 1584 515 nodo
1619 455 1965 526 adimpletur.
2001 451 2161 508 Tem-
2193 490 2201 515 λ

2291 454 2714 523 Γεσσαρακοστῇ.
2746 452 2996 504 Τελεϊτιι
3036 451 3092 504 δὲ
3124 452 3157 521 ἡ
3191 451 3484 520 τριτοέκτη
3519 446 3685 504 οὕτω.
3730 451 3848 503 Λα-

599 585 728 640 pore
746 572 1048 634 opportuno
1071 560 1332 643 diaconus
1355 554 1483 608 dicit
1511 569 1524 606 :
1561 571 1577 602 «
1595 549 1844 611 Benedic,
1873 546 2118 601 Domine.
2138 565 2157 598 3

599 660 854 714 sacerdos
878 669 1032 708 vero:
1059 641 1436 704 «Benedictum
1465 657 1688 713 regnum
1710 658 1755 705 ;›
1787 641 2049 694 diaconus
2074 652 2166 706 pa-

598 750 752 802 «-ilica
799 746 990 805 addit,
1047 741 1304 796 sacerdos
1365 745 1543 790 autem
1612 733 1798 799 prima:
1857 730 2167 798 antipltonaa

596 841 936 895 orationem':
975 834 1167 895 «Deus,
1202 831 1294 900 qui
1329 831 1485 885 sedes
1520 842 1682 897 super
1733 823 2077 887 Clterubim,3
2115 827 2169 876 et

599 931 866 983 exclamat
902 943 916 980 ε
961 925 1260 990 «Quoniam
1299 929 1353 974 tu
1390 933 1449 975 es
1478 919 1620 972 Deus
1653 923 1862 978 noster,
1898 911 2038 968 Deus
2070 912 2169 966 mi-

599 1019 961 1074 sericordimn
991 1018 1053 1068 Et
1078 1024 1330 1068 cantores
1350 1013 1616 1080 psalmum
1647 1009 1920 1076 integrum
1944 1001 2164 1059 dicunt:

604 1113 711 1165 «Ad
734 1122 803 1174 te,
840 1109 1085 1170 Domine,
1119 1105 1544 1159 levavianimam
1577 1114 1809 1162 meam,3
1848 1112 1944 1167 per
1979 1108 2168 1148 versus

601 1203 848 1273 singulos
887 1207 1214 1254 cantantes:
1261 1193 1685 1249 «lntcreessione
1703 1189 1796 1243 Dei
1814 1175 2164 1241 Genitriciszi

601 1298 840 1361 itemque
860 1291 1068 1344 sGloria
1087 1298 1139 1342 et
1157 1302 1318 1341 nunc.
1334 1306 1352 1337 3
1377 1286 1647 1338 Diaconus
1669 1282 1861 1335 iterum
1880 1295 1922 1333 :«
1947 1275 2011 1332 Et
2029 1293 2172 1331 nunc

602 1399 841 1452 utroque,
859 1403 874 1432 I
907 1392 958 1434 et
984 1381 1240 1435 sacerdos
1263 1385 1472 1432 secreto
1495 1371 1945 1428 dicitorationem
1976 1383 2174 1422 secun-

602 1482 681 1528 «lu:
707 1477 1011 1542 antipliona'
1035 1489 1051 1527 :
1079 1492 1093 1522 «
1133 1467 1496 1539 Deprecamur
1548 1477 1618 1532 te,
1669 1463 1894 1518 Domine
1916 1459 2174 1514 Deusno-

606 1582 772 1631 stt-r,3
815 1580 867 1618 et
898 1564 1202 1620 exclamat:
1233 1561 1525 1626 «Quoniam
1555 1556 1911 1628 gloriﬁcatunt
1945 1561 2168 1607 estsan-

601 1661 904 1718 ctissimutn
963 1671 1157 1710 nomen
1216 1667 1419 1708 tuum.3
1467 1652 1533 1704 Et
1563 1659 1819 1704 cantores
1877 1646 2172 1700 secundam

605 1752 956 1819 antiplionam
985 1749 1236 1816 psallunt,
1261 1743 1526 1814 psalmum
1549 1742 1815 1807 integrum
1888 1734 2178 1788 «Dominus

606 1845 929 1902 illuminatio
957 1855 1073 1892 mea
1104 1847 1156 1892 et
1205 1839 1350 1890 salus
1381 1850 1520 1897 mea,
1569 1851 1586 1882 3
1619 1831 1828 1885 duobus
1859 1830 2043 1881 choris
2079 1841 2172 1894 per

606 1935 848 2002 singulos
872 1947 1056 1986 versus
1080 1928 1386 1983 dicentibus
1410 1943 1424 1983 ;
1453 1924 1644 1977 «Salva
1671 1936 1792 1984 nos,
1820 1919 1916 1972 Fili
1939 1919 2052 1982 Dei,
2079 1918 2173 1972 tibi

615 2028 908 2097 psallentes
965 2021 1230 2081 Alleluia,
1265 2037 1282 2068 3
1321 2029 1374 2070 et
1407 2015 1547 2069 idem
1605 2033 1621 2065 «
1659 2011 1838 2066 Gloria
1888 2019 1941 2064 et
1972 2025 2168 2063 nunc»

640 2119 958 2181 lturwsque
979 2114 1275 2163 diaconus:
1305 2105 1399 2160 «Et
1427 2119 1570 2158 nunc
1600 2116 1872 2172 quoque.3
1910 2102 2176 2153 Sacerdos

609 2221 734 2261 vero
754 2207 967 2259 tertiam
990 2212 1196 2255 secreto
1216 2199 1519 2252 orationem
1539 2195 1671 2248 dicit
1696 2211 1710 2246 :
1747 2210 1764 2243 «
1786 2192 2010 2245 Domine
2038 2189 2177 2243 Deus

611 2299 953 2363 omnipotens
978 2312 1024 2355 ,3
1064 2303 1116 2346 et
1154 2292 1445 2354 exclamat,
1481 2305 1500 2338 «
1529 2286 1794 2352 Quoniam
1826 2285 2021 2338 bonus.
2058 2300 2075 2332 3
2115 2281 2178 2334 Et

612 2390 766 2442 tertia
801 2385 1052 2456 psallitur
1083 2384 1402 2450 antipliona,
1454 2387 1684 2446 utroque
1735 2378 1902 2432 choro
1947 2374 2180 2444 singulis

613 2478 857 2532 versibus
886 2477 1116 2529 addente
1149 2473 1344 2541 duplex
1376 2468 1613 2524 alleluia.
1643 2467 1813 2522 Porro
1840 2466 1907 2520 ad
1937 2479 2180 2525 versum,

617 2570 748 2636 «Qui
781 2569 1019 2622 ambulat
1048 2567 1102 2618 in
1134 2567 1217 2616 via
1253 2562 1656 2622 immaculata»
1697 2572 1872 2628 usque
1903 2558 1969 2610 ad
2019 2557 2179 2610 linem

611 2661 825 2732 psalmi,
851 2658 998 2712 velut
1025 2659 1076 2708 in
1112 2671 1218 2709 uno
1257 2669 1416 2708 versu
1436 2669 1464 2706 a
1498 2650 1813 2706 sanctuario
1841 2649 1894 2702 in
1923 2646 2182 2715 σωλέα(1)

619 2741 1000 2822 ingrediuntur
1027 2751 1289 2803 diaconus
1327 2755 1380 2800 et
1409 2746 1688 2809 sacerdos,
1717 2745 1926 2812 absque
1956 2741 2182 2794 lumini-

616 2848 716 2898 lius
741 2859 838 2897 nec
873 2843 1116 2903 incenso,
1166 2839 1457 2893 Dominum
1490 2837 1545 2888 in
1571 2849 1790 2888 crucem
1821 2834 1966 2887 circa
1995 2833 2184 2886 horam

615 2947 826 2992 sextam
851 2935 1123 2989 sublatum
1159 2931 1533 2986 ostendentes.
1574 2928 1698 2982 ideo
1727 2928 1870 2980 istud
1906 2927 2049 2979 inter
2080 2933 2188 2978 ter-

617 3034 742 3084 tiam
794 3040 1116 3094 sextamque
1176 3025 1390 3085 lioratn,
1447 3021 1680 3074 diacono
1712 3019 1935 3088 quidem
1971 3017 2185 3071 dicente

2268 543 2374 612 βὼν
2395 543 2586 613 καιρὸν
2603 543 2630 594 6
2652 542 2896 605 διάκονος
2916 542 3087 610 λέγει,
3121 560 3138 592 «
3167 541 3500 612 Εὑλόγησον,
3523 541 3788 596 δέσποτα.
3825 559 3845 592 3

2279 635 2338 687 '0
2374 638 2573 704 ἱερεὺς,
2623 653 2640 686 ι
2667 634 3022 703 Εὐλογημένη
3059 637 3092 704 ἡ
3126 634 3395 704 βασιλεία.
3433 653 3454 686 3
3506 635 3562 685 Ὀ
3595 632 3852 695 διάκονος

2267 724 2334 775 τὰ
2374 723 2644 793 εἰρηνικά.
2689 721 2753 778 '0
2785 725 2967 792 ἱερεὺς
2998 723 3098 795 τὴν
3126 723 3292 794 εὐχὴν
3326 723 3421 777 τοῦ
3452 723 3672 794 πρώτου
3695 725 3852 776 αντι-

2269 813 2472 882 φώνου,
2507 833 2524 866 «
2549 813 2609 870 '0
2641 814 2772 877 Θεὸς
2799 817 2826 866 6
2858 815 2944 866 ἐπὶ
2971 815 3079 867 τῶν
3107 815 3386 885 Χερουϐὶμ
3409 815 3795 885 καθεζὋμενος.
3828 832 3847 864 3

2270 908 2381 960 Kal
2404 909 2664 976 ἑκφωνεῖ,
2709 927 2727 960 «
2771 908 2895 959 ὐτι
2932 908 2996 958 σὺ
3031 903 3081 959 εἷ
3114 908 3140 959 6
3172 907 3305 972 Θεὸς
3355 909 3536 976 ἡμῶν,
3564 909 3698 970 Θεὸς
3751 905 3851 959 τοῦ

2272 1001 2468 1054 ἐλεεῖν.
2506 1019 2524 1052 3
2558 1002 2666 1054 Kal
2695 1003 2741 1054 οί
2772 1001 2972 1069 ψάλται
2994 1004 3086 1053 τὸν
3106 1001 3336 1072 Ψαλμὸν
3365 1003 3581 1056 ἅπαντα
3607 1001 3781 1068 λέγευτ
3838 1042 3851 1062 ,

2278 1113 2296 1146 ι
2332 1094 2475 1161 Πρὸς
2505 1094 2583 1158 σὲ,
2626 1094 2822 1163 Κύριε,
2855 1091 2968 1163 ἦρα
2995 1094 3094 1164 τὴν
3127 1093 3307 1163 ψυχήν
3344 1112 3469 1164 μου,
3509 1115 3528 1146 3
3569 1096 3711 1148 κατὰ
3738 1112 3763 1146 σ

2273 1201 2368 1255 χον
2389 1185 2628 1255 ᾄδοντες,
2670 1204 2688 1236 «
2722 1185 2855 1248 Ταῖς
2890 1186 3215 1254 πρεσϐείαις
3253 1187 3351 1256 τῆς
3392 1185 3680 1241 Θεοτόκου.
3711 1186 3858 1246 Δόξα

2275 1279 2370 1330 καὶ
2391 1277 2486 1330 νῦν
2513 1277 2573 1328 τὸ
2618 1279 2770 1330 αὐτό.
2815 1299 2833 1330 3
2878 1279 2938 1330 '0
2993 1279 3242 1340 διάκονος
3297 1278 3485 1342 πάλιν,
3530 1297 3548 1331 ι
3582 1280 3706 1333 Ἔτι
3758 1297 3785 1329 γ
3821 1279 3860 1328 -l

2276 1369 2378 1422 ἔτι.
2415 1387 2434 1418 3
2501 1367 2559 1422 '0
2591 1371 2771 1435 ἱερεὺς
2803 1368 3082 1436 μυστικῶς
3116 1369 3215 1438 τὴν
3255 1369 3422 1438 εὐχὴν
3464 1369 3557 1421 τοῦ
3596 1371 3781 1436 δευτέῃ
3833 1387 3858 1418 .3

2275 1460 2614 1528 ἁντιφώνου,
2658 1479 2675 1511 ι
2708 1459 2952 1528 Δεόμεοά
2979 1477 3096 1524 σου,
3156 1461 3325 1528 Κύριε
3374 1464 3401 1512 6
3430 1462 3560 1524 Θεὸς
3591 1462 3748 1529 ἡμῶν
3778 1483 3785 1490 -
3839 1483 3852 1508 ι

2278 1553 2372 1604 καὶ
2411 1554 2665 1618 ὲκφωνεῖ,
2705 1569 2723 1602 «
2791 1553 2914 1604 Ὀτι
2972 1552 3288 1618 δεδόξασται
3351 1569 3443 1604 σου
3473 1553 3535 1604 τὸ
3587 1554 3862 1618 παναγιον

2280 1643 2468 1711 ὅμομα.
2503 1661 2522 1695 3
2564 1645 2671 1694 Kal
2709 1643 2758 1695 oi
2782 1642 2982 1710 ψάλται
3005 1643 3066 1695 τὸ
3099 1643 3350 1710 δεύτερον
3411 1644 3735 1712 ἀντίφωνον,
3764 1643 3812 1694 τῖ
3835 1659 3864 1692 ν

2285 1730 2511 1802 Ψαλμὸν
2548 1736 2787 1797 ᾶπαντα,
2845 1752 2862 1784 ι
2901 1735 3103 1802 Κύριος
3155 1733 3441 1802 φωτισμός
3476 1751 3578 1801 μου
3617 1736 3708 1784 καὶ
3741 1733 3864 1784 Σω-

2279 1827 2382 1894 τήρ
2417 1843 2540 1894 μου,
2575 1847 2592 1877 3
2636 1828 2732 1878 καὶ
2773 1825 2958 1894 στίχον
2991 1825 3239 1892 λέγοντες
3272 1826 3321 1876 oi
3353 1826 3446 1876 δύο
3471 1828 3645 1895 χοροί,
3681 1844 3698 1875 «
3741 1823 3865 1876 Σὼ.

2280 1934 2372 1968 σον
2413 1919 2579 1986 ἡμᾶς.
2645 1918 2738 1969 Υἱὲ
2805 1917 2963 1981 Θεοῦ,
3030 1916 3336 1984 ψάλλοντάς
3374 1935 3456 1970 σοι
3514 1917 3863 1986 Ἀλληλοπα.

2277 2005 2414 2071 Δῦξα
2468 2007 2564 2059 καὶ
2609 2007 2704 2060 νῦν
2758 2005 2816 2058 τὸ
2869 2006 3022 2058 αὑτό.
3079 2023 3096 2055 3
3143 2006 3252 2058 Kal
3304 2006 3461 2068 αὖθις
3492 2010 3520 2059 6
3583 2007 3868 2071 διάκονος,

2284 2114 2302 2145 «
2340 2096 2460 2146 Ἔτι
2490 2098 2583 2147 καὶ
2631 2096 2734 2149 ἔτι.
2781 2115 2798 2146 3
2847 2096 2904 2147 '0
2961 2096 3142 2166 ἱερεὺς
3192 2098 3473 2165 μυστικῶς
3508 2099 3605 2167 τὴν
3664 2099 3868 2167 τρίτην

2280 2186 2467 2256 εὐχὴν,
2509 2205 2526 2236 «
2568 2186 2739 2256 Κύριε
2767 2189 2794 2239 6
2826 2187 2960 2250 Θεὸς
2985 2189 3013 2239 6
3047 2189 3468 2257 παντοκράτωρ,
3500 2208 3517 2240 3
3559 2191 3654 2242 καὶ
3685 2191 3875 2256 ἐκφω-

2281 2281 2379 2340 νετ,
2421 2297 2438 2328 «
2474 2278 2598 2330 ’Ότι
2649 2279 2876 2347 ἀγαθός.
2917 2299 2935 2332 3
2982 2282 3090 2334 Kal
3125 2281 3470 2349 ψάλλεταιτὸ
3502 2281 3685 2348 τρίτον
3716 2280 3873 2335 ἀντι-

2284 2387 2466 2448 φωνον-
2508 2373 2652 2424 κατὰ
2701 2373 2883 2442 στίχον
2917 2374 3189 2440 λεγόντων
3250 2375 3567 2444 Ἀλληλούῖα
3614 2373 3869 2429 διπλοῦν.

2285 2461 2384 2524 El;
2407 2462 2461 2514 δὲ
2487 2463 2578 2515 τὸν
2608 2463 2812 2532 στίχον,
2858 2482 2876 2515 «
2915 2465 3289 2535 Πορευὸμενος
3322 2469 3380 2518 ὲν
3406 2467 3511 2536 ὁδῷ
3558 2467 3775 2535 ἀμώμῳ
3842 2486 3863 2520 3

2286 2553 2414 2623 ἄχρι
2445 2555 2634 2617 τέλους
2668 2555 2763 2607 τοῦ
2794 2556 3025 2623 Ψαλμοῦ
3077 2557 3154 2619 ὡς
3210 2559 3267 2610 ὲν
3297 2559 3377 2610 ἑνὶ
3406 2559 3600 2630 ,στίχω
3652 2562 3872 2626 γίνεται

2288 2645 2488 2707 εἴσοδος
2521 2647 2599 2706 είς
2633 2644 2724 2697 τὸν
2764 2646 2939 2698 σωλέα
2974 2648 3038 2699 ὲκ
3071 2648 3164 2699 τοῦ
3198 2647 3442 2716 βήματος
3493 2648 3738 2700 διακόνου
3772 2649 3874 2700 καὶ

2291 2737 2482 2806 ἱερέως
2530 2737 2652 2805 δίχα
2679 2735 2874 2804 φώτων
2941 2737 3038 2790 καὶ
3097 2738 3375 2807 Θυμιατοῦ
3425 2739 3525 2808 τὴν
3584 2739 3720 2808 πρὸς
3775 2742 3876 2792 τὸν

2291 2830 2529 2895 σταυρὸν
2568 2829 2874 2897 ἀπαγωγὴν
2928 2812 3234 2900 δηλούντων
3291 2829 3386 2882 τοῦ
3431 2831 3658 2900 Κυρίου,
3729 2832 3879 2886 κατὰ

2288 2921 2386 2990 τὴν
2418 2921 2586 2989 ἕκτην
2616 2920 2768 2990 ὥραν
2793 2923 3196 2991 γεγενημένην.
3248 2923 3340 2974 Διὸ
3375 2923 3466 2975 καὶ
3529 2922 3666 2992 αὕτη
3701 2924 3760 2975 ὲν
3804 2928 3877 2995 τῇ

2292 3012 2900 3082 τριτοέκτῃκ-τελεῖται,
2969 3012 3062 3064 τοῦ
3137 3012 3386 3065 διακόνου
3446 3014 3547 3082 μὲν
3595 3015 3877 3082 λέγοντος,

619 3120 876 3185 Benedic,
903 3117 1154 3182 Domine,
1180 3126 1428 3169 sanctum
1458 3113 1766 3175 introitum,
1786 3109 2071 3164 sacerdote
2090 3123 2188 3160 au-

2297 3122 2316 3154 «
2352 3103 2680 3170 Εὺλὸγησον,
2745 3101 3005 3164 δέσποτα,
3068 3103 3172 3173 τὴν
3227 3104 3396 3169 ἁγίαν
3433 3103 3659 3166 εἴσοδον,
3701 3123 3735 3154 ιν
3780 3103 3878 3156 τοῦ

620 3228 725 3267 tem
749 3212 964 3266 dicente
996 3207 1326 3268 orationem,
1371 3204 1728 3258 «Benedictus
1765 3203 2044 3272 ingressus
2068 3213 2191 3252 san-

620 3315 835 3357 ciorum
884 3295 1393 3362 tuorum,Doniine,
1436 3299 1486 3346 in
1521 3303 1840 3361 perpetuum
1865 3299 1919 3345 et
1964 3305 2107 3342 nunc
2137 3296 2191 3342 et

621 3405 856 3459 semper.
874 3409 891 3442 3
919 3391 1026 3445 Iste
1049 3404 1174 3442 vero
1198 3389 1497 3453 ingressus,
1524 3393 1582 3435 ut
1603 3384 1807 3437 dictum
1831 3391 1932 3445 est,
1959 3382 2011 3435 in
2028 3395 2192 3435 cruce

623 3484 980 3552 suspendium
1005 3479 1242 3533 ostendit
1267 3477 1567 3531 Salvatoris
1588 3476 1731 3530 circa
1762 3477 1951 3527 horam
1983 3481 2191 3527 sextam

623 3574 822 3629 sublati
868 3583 921 3624 et
980 3567 1264 3632 cruciﬁxi,
1322 3566 1540 3635 quando
1607 3576 1660 3618 et
1717 3565 1977 3618 latronem
2035 3561 2194 3616 simul

621 3666 944 3722 cruciﬁxum
997 3673 1216 3732 propter
1250 3675 1418 3726 pauca
1452 3657 1784 3726 pwnitentia:
1805 3656 1970 3709 verba
2005 3656 2057 3708 itt
2087 3669 2196 3707 cm-

625 3760 737 3812 lum
793 3755 1116 3809 introduxit.
1147 3752 1508 3817 Quamobrem
1560 3761 1799 3818 purpura
1863 3746 2035 3800 induti
2069 3755 2196 3802 sunt

625 3854 894 3906 diaconus
941 3859 997 3903 et
1048 3848 1307 3902 sacerdos
1348 3845 1475 3898 liinc
1525 3843 1738 3898 Domini
1797 3841 2103 3910 passionem
2143 3847 2196 3892 et

626 3951 856 4002 mortem
892 3939 1286 4008 signiﬁcantes.
1325 3934 1526 3988 Verum
1588 3934 1734 3987 facto
1775 3934 2048 4003 ingressu,
2079 3932 2198 3986 dia-

626 4047 799 4086 canus
823 4032 1021 4084 iterum
1078 4030 1306 4098 paeilica
1353 4027 1507 4090 dicit,
1543 4027 1847 4081 orationem
1895 4031 2074 4077 autem
2111 4038 2198 4076 sa-

626 4121 839 4184 cerdns,
878 4119 1134 4185 «Domine
1169 4120 1308 4170 Deus
1327 4128 1542 4185 patrum
1563 4124 1933 4175 nostrorum,3
1961 4128 2078 4181 quae
2113 4119 2198 4164 est

629 4216 777 4267 liora:
806 4223 972 4266 sextae
1015 4210 1212 4272 oratio,
1246 4217 1301 4262 et
1343 4217 1595 4277 precatur
1642 4214 1702 4260 ut
1757 4207 2126 4260 custodiantur
2169 4219 2197 4256 a

627 4307 822 4373 sagitta
857 4305 1070 4358 volante
1123 4302 1178 4355 in
1213 4301 1321 4366 die,
1367 4315 1395 4354 a
1428 4300 1646 4367 negotio
1693 4299 2109 4368 perambulante
2145 4298 2196 4349 in

635 4397 894 4460 tenebris,
944 4395 1010 4448 ab
1045 4395 1268 4447 incursu
1309 4399 1364 4444 et
1413 4389 1679 4443 daemonio
1711 4387 2035 4450 meridiano,
2068 4388 2197 4439 alia-

633 4505 739 4559 que
769 4490 937 4540 multa
960 4501 987 4539 a
1024 4486 1131 4540 Deo
1159 4482 1446 4549 eldagitat.
1473 4481 1538 4532 Et
1571 4479 1863 4540 exclamat,
1901 4477 2197 4543 «Quoniam
2231 4463 2275 4513 θ

635 4593 688 4634 te
718 4580 927 4640 decet,3
965 4576 1259 4643 statimque
1283 4581 1540 4626 cantores
1559 4570 1850 4640 prophetia:
1868 4568 2198 4622 versiculum

637 4673 1008 4732 modulantur,
1039 4676 1093 4722 et
1120 4667 1292 4719 lector
1323 4665 1377 4717 in
1413 4662 1643 4715 ambone
1663 4661 1796 4730 legit
1824 4660 2197 4728 praplietiam;

639 4782 744 4836 qua
773 4766 938 4827 dicta,
960 4764 1222 4816 diaconus
1253 4759 1351 4823 ait,
1377 4758 1661 4810 «Dicamus
1676 4769 1919 4808 omnes.«
1937 4751 2202 4806 Sacerdos

640 4871 768 4910 vero
809 4857 1112 4908 orationem
1147 4849 1483 4904 continentis
1538 4845 1937 4914 deprecationis
1990 4855 2202 4897 secreto

642 4949 919 5011 recitat,et
937 4945 1229 5005 exclamat,
1254 4940 1550 5006 «Quoniam
1571 4937 1907 4992 misericors.
1925 4956 1942 4987 3
1966 4935 2207 4988 Cauera-

641 5057 750 5112 que
789 5041 922 5093 ﬁunt
973 5037 1275 5092 secundum
1330 5033 1574 5088 ordinem
1623 5030 1800 5085 Missae
1864 5037 1987 5098 post
2030 5029 2206 5081 Evan-

635 5131 859 5200 geltuut.
942 5127 1075 5180 Nam
1151 5126 1203 5179 in
1293 5125 1520 5194 ﬁguram
1596 5122 1837 5191 Apostoli
1906 5123 2066 5176 simul
2154 5134 2208 5177 et

642 5220 917 5290 Evangelii
944 5220 1136 5286 legitur
1169 5218 1327 5272 lectio
1356 5217 1477 5270 libri
1508 5215 1677 5281 Isaiaa,
1720 5228 1840 5268 acta
1905 5217 2203 5271 Salvator-is

636 5312 941 5367 evidentius
979 5311 1102 5363 aliis
1139 5310 1482 5378 prtedicantis
1506 5319 1561 5363 et
1597 5309 1897 5378 praesertim
1935 5310 2206 5377 passmnis

641 5405 761 5474 ejus
790 5395 1255 5456 circumstantias.
1291 5401 1436 5454 lianc
1461 5399 1634 5455 fuisse
1653 5401 1932 5469 antiquam
1969 5416 1995 5451 a
2032 5399 2209 5453 Patri-

639 5497 745 5552 bus
778 5493 1227 5550 consuetudinem
1258 5503 1403 5561 patet
1428 5509 1490 5546 ex
1523 5508 1588 5545 eo
1614 5495 1758 5561 quod
1820 5493 1875 5543 in
1916 5491 2047 5560 ipsis
2086 5505 2206 5544 mo-

2294 3195 2483 3266 ίερέῳς
2522 3194 2578 3247 δὲ
2621 3193 2720 3261 τὴν
2781 3193 2947 3262 εὐχὴν
2972 3195 3089 3260 τοῦ,
3123 3211 3142 3244 «
3183 3194 3546 3264 Εὐλογημένη
3603 3197 3634 3263 ἠ
3669 3195 3882 3258 etauio;

2290 3289 2398 3340 τῶν
2425 3286 2598 3353 ἁγίων
2635 3304 2750 3351 σου,
2789 3287 2984 3356 Κύριε,
3017 3287 3250 3340 πάντοτε
3287 3287 3382 3340 νῦν
3411 3289 3504 3338 καὶ
3533 3287 3639 3341 ἀει.
3674 3305 3692 3338 3
3725 3285 3883 3357 Αὕτη

2293 3382 2327 3448 ἡ
2354 3379 2585 3444 εἴσοδος,
2635 3379 2710 3441 ὠς
2747 3379 2982 3448 εἴρηται,
3010 3379 3100 3430 τὸν
3127 3380 3206 3440 είς
3236 3379 3327 3430 τὸν
3347 3379 3576 3447 σταυρὸν
3602 3378 3882 3448 ἐλκυσμὸν

2293 3470 2447 3538 δηλοῖ
2475 3469 2568 3522 τοῦ
2601 3471 2874 3539 Σωτῆρος,
2907 3471 3050 3521 κατὰ
3094 3471 3192 3539 τὴν
3241 3469 3408 3538 ἕκτην
3438 3470 3589 3538 ὥραν
3651 3470 3882 3538 γεγενη-

2302 3563 2460 3633 μὲνον
2490 3563 2833 3631 ἀπαχθέντος
2873 3563 2967 3615 καὶ
3015 3561 3424 3629 σταυρωθέντος
3452 3577 3465 3591 ’
3499 3564 3587 3614 ὅτε
3629 3561 3724 3613 καὶ
3785 3561 3885 3613 τὸν

2297 3655 2753 3724 συσταυρωθὲντα
2801 3655 3012 3725 λῃστὴν
3047 3654 3264 3722 είσῆξεν
3321 3656 3380 3706 ὲν
3413 3652 3614 3719 ὀλίγοις
3665 3655 3886 3721 ῥήμασι

2298 3747 2589 3816 μετανοίας
2623 3751 2704 3809 εἰς
2733 3745 2824 3797 τὸν
2858 3746 3208 3810 παράδεισον.
3239 3735 3330 3796 Διὸ
3364 3745 3456 3797 καὶ
3488 3746 3748 3813 πορφυρᾶ
3789 3761 3887 3798 πε-

2299 3839 2683 3910 ριϐεδλημένοι
2736 3838 2876 3891 είσὶν
2927 3839 2954 3888 δ
2985 3853 3044 3890 τι
3088 3837 3340 3899 διάκονος
3375 3837 3469 3889 καὶ
3521 3835 3549 3885 ὁ
3581 3837 3784 3904 ἱερεὺς,
3817 3838 3884 3889 τὸ

2297 3933 2468 3994 πάθος
2499 3934 2561 3983 ὲκ
2607 3931 2795 3983 τούτου
2844 3931 2936 3982 καὶ
2969 3931 3061 3981 τὸν
3093 3930 3324 3981 θάνατον
3371 3927 3734 3995 σημαίνοντες
3783 3928 3884 3980 τοῦ

2298 4025 2524 4094 Κυρίου.
2558 4007 2708 4076 Μετὰ
2738 4022 2796 4074 δὲ
2841 4023 2939 4089 τὴν
2968 4020 3173 4073 εἴσοδον
3199 4023 3226 4072 6
3279 4020 3380 4087 μὲν
3427 4021 3670 4081 διάκονος
3712 4019 3888 4074 πάλιν

2298 4117 2366 4168 τὰ
2393 4115 2675 4184 εἰρηνικὰ,
2715 4113 2819 4165 όδὲ
2855 4115 3032 4182 ἱερεὺς
3059 4114 3157 4181 τὴν
3185 4111 3349 4181 εὐχὴν
3385 4113 3553 4179 λέγει,
3591 4132 3609 4164 «
3651 4112 3825 4184 Κύριε
3857 4115 3889 4166 6

2299 4211 2430 4270 Θεὸς
2464 4211 2568 4261 τῶν
2613 4209 2864 4275 πατέρων
2899 4206 3080 4276 ἡμῶν,
3117 4225 3135 4256 3
3171 4207 3204 4274 ἢ
3231 4209 3330 4274 τῆς
3370 4206 3536 4276 ἱκτης
3565 4205 3716 4276 ὧρας
3741 4207 3884 4274 ἐστὶ,

2301 4304 2394 4355 καὶ
2425 4301 2645 4370 ὠχετει
2683 4298 3117 4367 διαφυλαχθῆναι
3153 4299 3299 4367 ἡμᾶς
3347 4315 3364 4350 t
3404 4299 3512 4351 ἀπὸ
3558 4298 3748 4367 βέλους
3784 4317 3888 4354 πε-

2301 4395 2528 4464 τομένου
2561 4395 2800 4463 ἡμέρας,
2833 4392 2944 4445 ἀπὸ
2985 4393 3312 4460 πράγματος
3357 4394 3417 4458 ιν
3455 4395 3637 4446 σκότει
3694 4375 3888 4448 διαπο-

2305 4485 2620 4556 ρευομένου,
2651 4485 2758 4537 ἀπὸ
2789 4482 3195 4552 συμπτώματος
3226 4484 3319 4536 καὶ
3346 4466 3629 4553 δαιμονίου
3667 4504 3888 4556 μεσημ-

2305 4577 2515 4648 6ρινοῦ,
2561 4594 2578 4627 3
2617 4577 2709 4627 καὶ
2730 4576 2895 4643 ἕτερα
2927 4574 3225 4640 ὲξαιτεῖται
3260 4575 3492 4628 πλεῖστα
3527 4578 3681 4642 παρὰ
3724 4579 3887 4637 Θεοῦ.

2306 4669 2424 4721 Kal
2444 4667 2701 4734 txcpwvei',
2738 4683 2757 4715 «
2787 4665 2910 4716 ’Ότι
2939 4665 3144 4735 πρέπει
3167 4681 3269 4718 σοι.
3303 4683 3321 4716 3
3359 4666 3469 4718 Kal
3493 4666 3657 4730 εὐθὺς
3686 4669 3736 4720 οἱ
3761 4670 3892 4738 ψάλ-

2304 4777 2392 4812 ται
2420 4761 2480 4811 τὸ
2506 4758 2805 4828 τροπάριον
2841 4758 3110 4825 μέλπουσι
3153 4759 3251 4827 τῆς
3303 4749 3668 4827 προφητείας.
3726 4762 3839 4814 Καὶ
3863 4763 3893 4814 6

2307 4850 2663 4917 ἁναγνώστης
2690 4849 2776 4900 ἐπ’
2823 4848 3078 4918 ἄμϐωνος
3131 4847 3499 4916 ἀναγινώσκει
3535 4848 3638 4919 τὴν
3675 4867 3894 4921 προφη-

2306 4942 2476 4994 τείαν.
2534 4943 2643 4995 Καὶ
2698 4942 2814 5009 μετ’
2866 4941 3036 5009 αὐτὴν
3078 4940 3378 5004 ὁδιάκονος
3432 4940 3513 5005 τὸ,
3572 4961 3590 4993 «
3632 4943 3893 5013 Είπωμσν

2307 5035 2530 5098 πάντες,
2570 5051 2587 5083 ι
2631 5033 2820 5102 φησιν.
2877 5032 2936 5085 ’0
2966 5033 3022 5086 δὲ
3079 5033 3259 5103 lapsi);
3284 5033 3405 5086 καθ’
3452 5033 3648 5088 ἑαυτὸν
3677 5035 3781 5106 τὴν
3803 5037 3893 5090 εὕ-

2309 5128 2410 5195 χην
2435 5128 2530 5196 τῆς
2554 5126 2812 5188 ὲκτινοῦς
2841 5127 3070 5187 ἱκεσίας.
3103 5127 3213 5180 Kal
3241 5129 3498 5193 ἑκφωνεῐ,
3529 5146 3548 5179 «
3585 5128 3709 5181 Ὀτι
3739 5129 3894 5201 ἐλεή-

2318 5236 2450 5288 μων.
2495 5239 2512 5270 3
2561 5220 2671 5271 Kal
2702 5219 2771 5270 τὰ
2804 5221 2966 5271 λοιπὰ
3014 5220 3225 5286 γίνεται
3254 5219 3398 5271 κατὰ
3463 5219 3555 5272 τὸν
3587 5220 3764 5273 τύπον
3792 5221 3892 5290 τῆς

2316 5313 2471 5381 ἱερᾶς
2503 5312 2848 5380 λειτουργίας
2886 5311 3027 5376 μετὰ
3062 5311 3121 5362 τὸ
3173 5310 3524 5377 Εὐαγγέλιον.
3565 5310 3662 5372 Εἰς
3721 5311 3893 5364 τύπον

2316 5405 2424 5469 γὰρ
2456 5402 2546 5455 τοῦ
2593 5403 2917 5455 Ἀποστόλου
2943 5403 3059 5472 ἅμα
3093 5404 3188 5454 καὶ
3221 5401 3316 5454 τοῦ
3350 5399 3690 5468 Εὑαγγελίου
3714 5405 3774 5456 τὸ
3799 5401 3892 5456 τοῦ

2329 5494 2553 5546 Ἡσαΐου
2586 5495 2921 5564 ἀνάγνωσμα
2950 5495 3190 5562 λέγεται,
3229 5494 3298 5545 τὰ
3336 5492 3467 5560 περὶ
3509 5492 3603 5544 τοῦ
3637 5493 3893 5565 Σωτῆρος

713 5653 786 5722 (l)
822 5650 1060 5706 Meursio
1095 5654 1283 5706 saliunt
1316 5653 1430 5706 sive
1454 5652 1710 5722 thronus:
1747 5648 2420 5722 Gretseroinccidinum,
2445 5649 2589 5703 locus
2615 5651 2682 5703 ad
2713 5653 2968 5704 orientem
3000 5653 3184 5717 solrm,
3215 5652 3521 5721 con'iguum
3559 5652 3760 5707 hamati
3782 5651 3894 5708 sive

643 5719 1008 5778 taliernnculo.
1048 5724 1494 5776 Vide-Suicerum
1524 5723 1577 5772 in
1618 5721 1907 5784 Thesauro,
1940 5735 1989 5778 ι).
2018 5719 2174 5773 1Ξο9.
