4078 6434
587 242 689 309 ’ΠΙ

1372 246 1517 309 8ΥΜ
1530 244 1764 309 EONIS
1796 241 2574 308 THESSALONICENSIS
2605 246 2975 311 ARCHIEP.

3762 235 3877 302 772

597 364 965 433 ejusdemque,
1007 374 1215 417 natura:
1246 363 1558 429 nobiscum,
1581 378 1679 417 nec
1700 362 1938 416 alienum
1961 374 2177 414 assum-

2296 362 2622 433 προῦλεγονο
2681 365 2775 415 καὶ
2813 364 3000 432 ὅμοιον
3044 360 3174 429 ἡμῖν
3218 359 3313 412 καὶ
3341 356 3602 428 ὁμοφυές,
3642 355 3741 410 καὶ
3775 355 3875 408 οὒκ

598 451 705 521 psit
738 466 956 521 corpus.

1082 542 1151 597 Et
1178 544 1331 594 homo
1379 544 1551 613 factus
1584 553 1681 596 est.

669 634 803 690 Illud
827 650 892 687 eo
923 634 1067 704 quod
1110 637 1348 704 perfecte
1374 637 1534 689 homo
1566 636 1739 689 fartus
1773 636 1863 698 sit,
1901 646 1952 691 et
1983 637 2035 691 in
2066 651 2182 689 ma-

600 725 971 796 tricequidem
1007 726 1294 782 confestim
1344 728 1621 798 perfectus
1674 730 1837 784 foetus
1863 740 2180 804 conceptus,

597 814 923 874 naturaliter
950 822 1187 874 nutritus
1222 818 1512 891 infausque
1542 830 1625 875 est
1648 821 1869 875 editus:
1924 821 2020 890 qui
2074 837 2181 875 non

594 920 844 964 naturam
876 910 1126 964 aholebat
1175 914 1334 979 cujus
1372 912 1740 966 conditionem
1773 912 2033 982 erigebat,
2076 914 2186 967 tit:-

596 1012 655 1057 ut
698 998 779 1056 ait
830 1018 1061 1072 iitugnus
1104 1002 1458 1067 Athanasius,
1504 1012 1661 1057 aetate
1704 1004 1979 1067 crescens,
2009 1004 2185 1057 nutri-

596 1104 708 1159 tus,
736 1095 1016 1147 dormiens
1043 1105 1095 1148 et
1118 1093 1271 1147 Matri
1299 1094 1715 1199 existi‘matoque
1744 1094 1883 1163 patri
1903 1094 2179 1148 subditus.

598 1187 652 1243 Si
680 1204 811 1258 ergo
835 1203 1002 1257 supra
1032 1196 1283 1241 naturam
1317 1186 1635 1256 quaeipsius
1663 1193 1842 1251 erant,
1861 1186 2181 1254 sedfpariter

597 1290 862 1349 quantum
900 1280 1120 1340 licebat.
1154 1279 1536 1349 probatissima
1591 1277 1894 1332 secundum
1928 1286 2179 1331 naturain

601 1386 704 1427 non
736 1372 1094 1425 aversabatur
1127 1379 1181 1423 et
1208 1369 1469 1439 perfectio
1498 1368 1551 1422 in
1582 1384 1647 1422 eo
1669 1377 1809 1435 erat,
1844 1376 1957 1422 tum
1979 1383 2179 1437 corpo-

600 1462 704 1526 ris,
747 1471 858 1514 tum
899 1463 1118 1524 animae,
1153 1459 1546 1529 intelligentem
1582 1459 1790 1514 habens
1849 1471 1902 1514 et
1938 1460 2184 1513 rationa-

600 1555 702 1608 lem
738 1556 907 1623 ipsius
939 1556 1210 1607 actionem
1240 1563 1294 1607 et
1321 1556 1679 1607 voluntatem.
1701 1552 1813 1607 Hoc
1843 1567 1995 1621 ergo,
2030 1552 2181 1606 homo

599 1645 772 1715 {artus
812 1656 910 1709 est,
945 1639 1184 1701 ostendit
1219 1656 1410 1699 contra
1450 1644 1798 1714 blasphemus
1829 1645 2179 1715 dispositum,

2288 454 2572 522 ἀλλότριον
2602 453 2817 521 είλήφει
2844 454 3029 523 σῶμα.

2729 544 2832 600 Kal
2866 543 3444 613 ἑνανθρωπήσαντα.

2357 638 2525 692 Τοῦτο
2556 637 2642 691 διὰ
2688 639 2747 689 τὸ
2790 638 2992 690 τέλειον
3035 639 3199 691 αὐτὸν
3244 636 3536 703 ἄνθρωπον
3562 632 3873 702 γεγονέναι,

2286 733 2381 784 καὶ
2442 735 2501 784 ὲν
2560 734 2624 799 τῇ
2668 730 2853 800 μήτρᾳ
2898 730 3104 781 τέλειον
3140 729 3238 798 μὲν
3284 723 3875 795 εὐθὺςιὰποδειχθῆναι

2289 822 2509 892 βρέφος,
2536 820 2834 891 τρέφεσθαι
2865 820 2919 871 δὲ
2954 820 3219 886 φυσικῶς,
3246 822 3342 873 καὶ
3366 816 3736 886 ἀποτεχθῆναι
3778 816 3875 879 νή-

2288 932 2431 968 πιον.
2460 915 2534 967 Οὐ
2563 914 2671 981 γὰρ
2703 914 2892 983 ἀνῄρει
2918 912 3017 981 τὴν
3048 914 3233 979 φύσιν,
3279 908 3664 979 ἐπηνωρθοῦτο
3700 907 3762 959 δὲ
3810 906 3877 959 τὰ

2286 1007 2479 1075 αὐτῆς,
2519 1006 2591 1068 di;
2621 1009 2647 1059 ὁ
2680 1008 2856 1075 μέγας
2901 1005 3067 1072 φησὶν
3098 1004 3442 1069 ’Λθανάσιος,
3491 999 3621 1056 καθ’
3653 999 3879 1068 ἠλικίαν

2286 1099 2675 1173 αὐξανόμενος,
2706 1099 2800 1152 καὶ
2824 1098 3176 1167 τρεφόμενος,
3197 1097 3291 1149 καὶ
3329 1096 3649 1152 ὑπνώττων,
3677 1092 3776 1145 καὶ
3810 1094 3874 1159 τῇ

2288 1190 2509 1259 ἀληθῶς
2556 1191 2742 1258 Μητρὶ
2782 1191 2877 1243 καὶ
2910 1191 2987 1259 τῷ
3018 1188 3265 1243 δοκοῦντι
3308 1188 3481 1256 πατρὶ
3523 1186 3880 1240 καθυποτασ-

2290 1287 2536 1355 σόμενος.
2576 1282 2637 1353 El
2662 1280 2759 1337 οὖν
2794 1285 2888 1336 καὶ
2919 1284 3056 1353 ὑπὲρ
3096 1282 3258 1347 φύσιν
3287 1282 3351 1332 τὰ
3382 1278 3505 1331 κατ’
3538 1277 3725 1337 αὐτὸν,
3754 1275 3876 1327 ἀλλ’

2286 1370 2463 1447 ὅμωςχ
2480 1379 2601 1430 ὅσον
2633 1375 2917 1445 ἐνεχώρει,
2952 1374 3021 1425 τὰ
3047 1372 3350 1441 ἁδιάὄλητα
3390 1371 3555 1440 300
3596 1368 3738 1420 κατὰ
3776 1364 3883 1434 (ρύ-

2287 1489 2371 1524 σιν
2396 1470 2457 1523 οὐ
2490 1471 2792 1539 παρῃτεῖτο
2812 1486 2827 1499 ·
2859 1467 2955 1520 καὶ
2997 1466 3056 1518 τὸ
3082 1463 3284 1518 τέλειον
3311 1458 3378 1531 ἦν
3411 1462 3469 1513 εν
3499 1459 3647 1524 αῦτῷ
3679 1455 3777 1511 τοῦ
3820 1471 3884 1507 τι

2290 1563 2543 1631 σώματος
2571 1562 2670 1627 τῆς
2694 1577 2755 1611 τε
2783 1558 2985 1628 ψυχῆς,
3023 1558 3220 1625 νοερέιν
3270 1554 3441 1624 αὐτὴν
3478 1553 3620 1621 ἔχων
3661 1549 3763 1601 καὶ
3792 1546 3888 1600 λο-

2288 1651 2841 1721 γικὴν,αὺτεξούσιόν
2880 1667 2940 1703 τι
2970 1651 3063 1703 καὶ
3092 1647 3405 1717 θελητικήν.
3442 1643 3616 1698 Τοῦτο
3656 1641 3756 1697 οῦν
3794 1640 3887 1706 τὸ,

599 1738 691 1807 qui
731 1752 836 1791 non
875 1728 1143 1792 animam
1172 1737 1460 1791 Dominum
1524 1737 1890 1805 assumpsisse
1951 1746 2179 1791 conten-

2296 1744 2856 1812 ἒνανθρωπήσαντα,
2879 1742 3050 1810 δηλοῖ,
3087 1738 3231 1793 κατὰ
3258 1738 3365 1791 τῶν
3397 1736 3609 1807 βλασφή
3620 1752 3741 1802 μων
3796 1750 3893 1785 τε-

602 1831 757 1891 dunt,
793 1831 914 1883 loco
932 1830 1129 1884 anime
1182 1829 1521 1882 divinitatem
1560 1828 1809 1881 soflicere
1838 1826 2184 1895 ineptientes,

601 1922 694 1990 qui
731 1930 783 1974 et
811 1922 1127 1974 irrationale
1172 1920 1497 1989 insipienter
1571 1918 1994 1987 suspicabantur
2042 1918 2189 1972 illius

601 2013 1011 2067 sanctissimum
1040 2027 1263 2081 corpus,
1296 2027 1395 2065 nec
1420 2011 1617 2065 anima:
1645 2027 1746 2064 usu
1766 2010 1985 2079 proprio
2000 2008 2189 2065 fruens

599 2119 706 2173 qua
770 2103 917 2157 Patri
987 2103 1357 2169 subderetur;
1430 2104 1508 2157 sic
1558 2118 1663 2157 non
1736 2100 2034 2169 perfectum
2098 2102 2190 2154 ho-

606 2196 808 2250 minem
861 2196 1250 2265 assumpsisset
1300 2194 1538 2249 Verbum
1586 2193 1846 2263 Patrique
1899 2194 2189 2249 obtulissrt

606 2301 705 2355 pro
731 2286 1000 2355 completo
1041 2286 1193 2355 lapso
1224 2286 1464 2349 homine,
1496 2288 1589 2339 sed
1615 2284 2020 2354 imperfectum.
2070 2284 2189 2350 Qno

592 2377 1065 2446 ~imprimis,juxta
1099 2379 1297 2446 impios
1331 2377 2040 2445 istos,titutpretiosissima
2060 2392 2188 2445 pars

604 2471 777 2526 lustri
806 2471 1096 2524 sanatione
1124 2478 1308 2524 careat
1343 2486 1355 2521 :
1379 2470 1422 2524 si
1452 2470 1595 2523 enim
1620 2468 1859 2523 hominis
1886 2468 2185 2537 pretiosius

603 2558 784 2613 anima
866 2544 1172 2629 intelligens
1228 2569 1281 2613 et
1344 2559 1667 2624 rationalis,
1731 2566 1785 2612 et
1851 2573 1947 2627 per
2013 2558 2185 2627 ipsam

609 2651 1220 2719 prius'inobedieutiam
1257 2651 1607 2715 admisimus,
1668 2650 1767 2720 ipsi
1795 2651 1939 2703 enim
1965 2649 2191 2705 servivit

610 2755 837 2811 corpus,
895 2756 994 2795 nec
1034 2742 1270 2795 animam
1296 2742 1621 2794 rationalem
1677 2754 1801 2793 cum
1839 2752 2068 2809 corpore
2103 2752 2192 2792 as-

609 2833 846 2900 sumpsit
896 2833 1236 2886 incarnatnm
1309 2831 1571 2897 Verhum,
1638 2830 1929 2885 sanatione
1990 2830 2187 2884 iterum

609 2926 940 2994 indigemus,
970 2939 1069 2977 nec
1093 2924 1667 2993 incorruptibilitatem
1706 2923 2041 2993 accepimus,
2091 2938 2191 2977 nec

607 3017 707 3070 toti
739 3016 981 3071 renovati
1011 3032 1222 3081 sumus,
1260 3018 1392 3086 quin
1427 3018 1534 3071 imo
1585 3031 1685 3071 nec
1721 3030 1951 3087 corpore
1982 3018 2186 3070 sancti-

608 3110 749 3166 llcati
787 3124 997 3174 sumus,
1019 3110 1065 3165 si
1098 3110 1415 3167 irrationale
1441 3110 1508 3164 de
1548 3110 1705 3165 nobis
1732 3125 1935 3179 corpus
1967 3124 2182 3165 assum-

609 3212 757 3279 ptum
808 3211 914 3258 est.
974 3202 1267 3273 Propterea
1332 3203 1574 3273 fugiendi
1628 3203 1850 3273 quidem
1902 3204 1996 3273 qui
2057 3203 2187 3257 talia

608 3294 860 3360 delirant,
893 3310 989 3351 nos
1022 3311 1151 3351 vero
1181 3284 1640 3371 quemadmodum
1673 3297 1741 3350 ab
1762 3297 1919 3351 initio
1942 3295 2188 3365 duplices

610 3404 704 3457 per
740 3389 974 3444 Verbum
1028 3390 1277 3458 plasutati
1332 3405 1544 3453 sumus,
1572 3390 1774 3458 corpus
1830 3388 1992 3443 simul
2062 3404 2186 3443 cum

612 3481 792 3537 anima
821 3483 1174 3552 accipientes,
1205 3490 1260 3538 et
1286 3481 1575 3554 dupliciter
1604 3497 1822 3540 rursum
1847 3482 2098 3552 plasmati
2122 3485 2190 3537 ab

613 3577 729 3646 ipso
756 3574 930 3631 Verbo
990 3590 1204 3640 sumus,
1270 3576 1568 3645 perfectum
1611 3577 1772 3631 simul
1824 3590 1952 3630 cum
2008 3575 2189 3629 anima

611 3683 811 3739 corpus
837 3676 1154 3725 assumente
1174 3668 1229 3722 in
1261 3667 1534 3722 hominem
1564 3666 1949 3736 reparandum.

704 3930 1009 4001 Cruciﬁxus
1044 3932 1203 3986 etiam
1248 3947 1343 4001 pro
1374 3930 1521 3985 nobis
1552 3930 1646 3984 sub
1677 3929 1866 3984 Pontio
1898 3928 2098 3984 Pilato.
2146 3998 2148 4002 _

687 4024 944 4094 Magnum
971 4025 1289 4095 mysterium
1319 4024 1383 4078 de
1409 4039 1518 4094 quo
1577 4024 1765 4079 multis
1799 4023 2191 4079 indissolubilis

612 4117 870 4188 quaestio,
894 4126 949 4172 et
982 4116 1329 4187 magisquam
1364 4114 1637 4185 quomodo
1658 4114 1801 4169 Deus
1832 4129 1954 4167 cum
1987 4114 2077 4180 sit,
2114 4115 2196 4168 in-

614 4209 831 4264 carnari
868 4209 1211 4265 sustinuerit.
1246 4207 1345 4277 Sit,
1378 4205 1637 4269 fatentur,
1663 4206 1996 4260 adunatione
2030 4214 2192 4259 natu-

617 4315 734 4357 ram
763 4310 821 4355 ut
843 4301 1039 4355 dicitur
1070 4298 1441 4365 sanc'tiflcans,
1466 4310 1521 4353 et
1547 4299 1611 4352 ad
1638 4300 1754 4369 ejus
1794 4300 2193 4368 reparationem

2296 1837 2564 1905 θειμένον,
2593 1837 2701 1889 τῶν
2730 1837 2802 1905 μὴ
2827 1833 3004 1904 ψυχὴν
3030 1831 3309 1901 εἰληφέναι
3338 1830 3607 1895 λεγόντων
3640 1826 3735 1878 τὸν
3771 1823 3893 1878 Κῦ-

2296 1946 2435 1999 ριον,
2471 1927 2897 1998 φληναφούντων
2927 1927 2981 1979 δὲ
3012 1911 3136 1979 ἀντὶ
3164 1924 3341 1994 ψυχῆς
3369 1923 3560 1990 ἀρκεῖν
3600 1917 3752 1987 αὐτῷ
3787 1918 3894 1986 τὴν

2294 2023 2524 2091 θεότητα
2545 2036 2560 2051 ⁸
2619 2022 2671 2075 οῖ
2721 2021 2817 2073 καὶ
2859 2019 3053 2087 ἄλογον
3083 2017 3343 2071 ὑπενόουν
3372 2014 3621 2083 ἀφρόνως
3652 2011 3713 2063 τὸ
3742 2026 3892 2062 παν-

2292 2114 2450 2181 άγιον
2484 2112 2672 2165 τούτου
2708 2112 2889 2179 σῶμα,
2921 2114 3017 2163 καὶ
3055 2108 3132 2177 μὴ
3158 2110 3225 2175 τῇ
3269 2106 3572 2175 τῆςδψυχῆς
3617 2100 3892 2166 αὐτεξουο

2293 2204 2503 2271 σιότητι
2535 2203 2611 2271 τῷ
2642 2202 2813 2271 Πατρὶ
2854 2200 3041 2253 τοῦτον
3079 2195 3616 2257 καθυποτάσσεσθαι,
3666 2195 3763 2245 καὶ
3794 2192 3894 2245 οὐ·

2290 2297 2346 2351 δὲ
2403 2298 2608 2350 τέλειον
2642 2295 2928 2362 ἄνθρωπον
2992 2292 3180 2345 λαϐεῖν
3228 2290 3318 2343 τὸν
3356 2288 3529 2355 Λόγον
3575 2288 3671 2338 καὶ
3703 2302 3889 2353 προσ-

2292 2388 2535 2453 ενεγκεῖν
2564 2384 2642 2455 τῷ
2673 2385 2867 2455 Πατρὶ,
2910 2384 3051 2452 ὑπὲρ
3108 2381 3315 2434 τελείου
3364 2377 3889 2446 παραπεπτωκότπ

2291 2478 2604 2548 ἀνθρώπου,
2662 2476 3011 2543 ἁλλ’ἁτελῆο
3071 2475 3211 2528 ὥστε
3283 2472 3483 2543 μᾶλλον
3536 2464 3681 2523 εἶναι
3739 2468 3891 2521 κατὰ

2291 2573 2417 2633 τοὺς
2450 2570 2784 2633 ἀσεϐοῦντας
2814 2571 3056 2631 ἐκείνους
3094 2568 3154 2621 τὸ
3184 2566 3514 2637 τιμιώτατον
3544 2563 3704 2633 ἡμῶν
3750 2562 3889 2615 ἀθε-

2294 2665 2583 2733 ράπευτον.
2619 2664 2681 2715 Εί
2722 2663 2830 2733 γὰρ
2886 2661 3175 2732 ἀνθρώπου
3235 2658 3561 2727 τιμιώτερον
3617 2659 3651 2726 ἡ
3704 2656 3887 2724 ψυχὴ,

2293 2757 2454 2825 νοερὰ
2490 2754 2725 2809 τελοῦσα
2768 2756 2860 2808 καὶ
2901 2754 3116 2823 λογικὴ,
3154 2753 3247 2805 καὶ
3293 2751 3364 2805 δι’
3394 2751 3565 2818 αὐτῆς
3612 2747 3889 2817 πρότερον

2293 2849 2393 2918 τὴν
2455 2850 2743 2917 παρακοήν
2791 2834 3203 2919 ὲνηργήσαμενξ
3250 2844 3421 2913 ταύτῃ
3472 2844 3582 2911 γὰρ
3620 2842 3683 2894 τὸ
3720 2841 3891 2909 σῶμα

2296 2939 2803 3010 παρηκολούθησεν,
2840 2938 2899 2989 οὺ
2934 2937 3112 3005 ψυχὴν
3154 2936 3209 2988 δὲ
3243 2935 3434 3003 νοερὰν
3470 2934 3607 3002 μετὶι
3650 2930 3747 2985 τοῦ
3782 2928 3891 2982 σώ-

2300 3048 2467 3099 ματος
2491 3032 2712 3100 εἴληφεν
2739 3032 2766 3082 ό
2800 3029 2971 3096 Λόγος
3005 3026 3335 3096 σαρκωθεὶς.
3372 3025 3741 3093 ἀθεράπευτοι
3774 3024 3854 3075 πά
3875 3054 3888 3064 -

2299 3124 2382 3176 λιν
2419 3124 2620 3191 ἡμεῖς’
2678 3122 2772 3173 καὶ
2826 3120 2887 3172 οὐ
2947 3120 3045 3189 τὴν
3082 3118 3390 3187 ἀφθαρσίαν
3431 3116 3718 3185 ἐλάϐομεν,
3772 3113 3893 3167 οὐδ’

2295 3209 2407 3263 ὅλοι
2455 3208 2947 3276 ἁνεκαινίσθημεν·
3007 3208 3209 3277 μᾶλλον
3261 3206 3317 3260 δὲ
3357 3206 3476 3259 οὐδὲ
3533 3205 3610 3274 τῷ
3665 3205 3893 3272 σώματι

2295 3301 2663 3371 ἡγιάσθημεν,
2704 3299 2861 3369 εἴπερ
2898 3298 3093 3366 ἄλογον
3124 3298 3287 3365 σῶμα
3322 3297 3380 3360 ἐξ
3414 3296 3573 3366 ἡμῶν
3605 3296 3892 3365 προσελή-

2297 3394 2427 3461 φθη.
2462 3393 2558 3443 Διὰ
2609 3390 2773 3443 τοῦτο
2816 3390 3066 3459 φευκτέοι
3112 3389 3211 3459 μὶν
3258 3389 3307 3441 οἱ
3346 3387 3520 3440 ταῦτα
3559 3387 3891 3456 ληροῦντες,

2298 3486 2458 3553 ἡμεῖς
2490 3482 2545 3535 δὲ
2580 3481 2767 3549 ὥσπερ
2818 3481 2876 3544 ἐξ
2902 3481 3077 3549 ἀρχῆς
3129 3479 3308 3532 διπλοῖ
3351 3480 3502 3548 παρὰ
3548 3477 3642 3531 τοῦ
3678 3479 3885 3545 ξΛόγου

2296 3575 2651 3643 ἐπλάσθημεν
2683 3573 2842 3641 σῶμα
2878 3570 3014 3641 ὁμοῦ
3071 3570 3325 3630 λαϐόντες
3382 3570 3523 3638 μετὰ
3565 3568 3749 3638 ψυχῆς
3784 3570 3892 3621 καὶ

2294 3666 2496 3728 διπλῶς
2554 3663 2975 3734 ἀνεπλάσθημεν
3033 3660 3125 3715 ὑπ’
3178 3659 3345 3714 αὐτοῦ
3399 3658 3496 3714 τοῦ
3549 3659 3755 3727 Λόγου,
3794 3659 3896 3711 τέ-

2296 3759 2438 3810 λειον
2489 3758 2850 3820 ἀναλαϐόντος
2879 3756 2969 3809 τὸν
3005 3754 3293 3827 ἄνθρωπον
3342 3753 3501 3823 σῶμα
3550 3752 3690 3821 όμοῦ
3742 3756 3896 3822 μετὰ

2298 3850 2497 3922 ψυχῆς.

2297 3945 2724 4012 Σταυρωθέντα
2746 3960 2809 3997 τε
2833 3943 2984 4012 ὑπὲρ
3000 3942 3171 4013 ἡμῶν
3189 3943 3287 3998 ἐπὶ
3311 3944 3569 3998 Ποντίου
3593 3940 3889 3997 Πιλάτου.

2370 4039 2541 4091 Τοῦτο
2570 4039 2629 4089 τὸ
2669 4038 2814 4107 μέγα
2849 4039 3145 4109 μυστήριον
3170 4053 3184 4067 °
3216 4039 3311 4091 καὶ
3337 4037 3504 4104 πολλὴ
3532 4039 3647 4095 τοῖς
3668 4035 3897 4099 πολλοῖς

2299 4130 2391 4181 ἐπὶ
2440 4129 2617 4197 τούτῳ
2654 4130 2689 4199 ἡ
2737 4130 2979 4197 ἀπορία·
3028 4130 3121 4181 καὶ
3156 4130 3338 4193 πλέον,
3380 4129 3413 4199 ἢ
3460 4130 3577 4191 πῶς
3620 4128 3754 4190 Θεὸς
3792 4129 3896 4191 ὢν.

2298 4221 2561 4291 ἠνέσχετο
2597 4221 2945 4291 σαρκωθῆναι
2970 4236 2986 4289 ;
3018 4218 3190 4275 Τοῦτο
3229 4204 3329 4291 μὲν
3362 4223 3470 4292 γάρ
3507 4238 3673 4289 φασιν
3705 4222 3797 4275 ἵνα
3827 4225 3895 4292 τῇ

2299 4316 2492 4367 ἑνώσει
2542 4315 2744 4385 ἁγιάσῃ
2794 4314 2894 4381 τὴν
2949 4304 3131 4383 φύσιν,
3178 4314 3253 4377 ὡς
3301 4312 3545 4393 λέγεται,
3590 4314 3686 4367 καὶ
3744 4316 3893 4381 προς

615 4406 831 4449 omnem
858 4393 1219 4447 (BCOIIOIIIiIm
1292 4392 1547 4445 adhibeat
1576 4400 1738 4461 prout
1786 4401 1837 4444 et
1873 4389 2001 4446 fecit
2032 4409 2045 4445 :
2081 4392 2193 4446 fieri

2302 4406 2675 4477 ἐπανόρθωσιν
2710 4408 2879 4477 αὐτῆς
2907 4394 3083 4479 πάντα
3114 4424 3177 4476 γε
3204 4389 3623 4477 ὲξοικόνομήσῃ,
3652 4407 3801 4461 καθὰ
3826 4408 3894 4477 δὴ

615 4500 649 4539 e
715 4486 939 4541 n-uliere
988 4492 1043 4538 et
1085 4484 1384 4539 secundum
1440 4494 1653 4540 etatem
1705 4498 1951 4539 crescere
2010 4484 2199 4541 debuit

618 4564 783 4643 egens
809 4586 864 4631 et
893 4576 1120 4645 pedibus
1158 4577 1411 4644 gradiens
1436 4622 1449 4644 ,
1493 4578 1862 4630 exinanitioue
1889 4587 2197 4644 reparatum

623 4674 892 4722 inundans
916 4683 1013 4723 nec
1033 4667 1240 4722 habens
1259 4669 1347 4722 ubi
1376 4682 1535 4738 caput
1564 4670 1873 4736 reclinaret,
1895 4672 2195 4724 secundum

622 4760 975 4831 Scripturas:
1011 4774 1132 4829 qua:
1160 4760 1343 4814 omnia
1390 4759 1457 4815 ad
1514 4762 1867 4829 reparandam
1906 4770 2195 4829 naturam,

621 4855 890 4925 siquidem
938 4854 1261 4911 mirabiliter
1292 4870 1387 4923 per
1437 4871 1499 4910 ea
1534 4871 1655 4925 quae
1692 4858 1960 4925 stupenda
1989 4856 2116 4912 fecit
2144 4866 2198 4913 et

624 4960 907 5001 sermones
940 4961 1077 5017 quos
1106 4947 1350 5017 protulit,
1390 4948 1536 5001 illam
1573 4949 1769 5003 erexit.
1815 4947 1906 5003 Sic
1944 4964 2071 5004 vero
2100 4965 2197 5019 pa-

626 5022 687 5103 ti,
718 5037 784 5091 de
799 5037 903 5092 hoc
931 5039 1103 5109 magis
1129 5040 1485 5110 qumstionem
1507 5049 1743 5107 movent,
1767 5050 1821 5095 et
1844 5042 2026 5097 crucis
2048 5042 2201 5111 igno-

628 5126 874 5182 miniosm
926 5137 1127 5181 tantam
1190 5129 1498 5199 passionem
1529 5130 1674 5199 patil
1744 5128 1886 5185 Sane
1913 5130 2005 5185 Dei
2064 5146 2200 5199 Opus

627 5221 787 5287 illud,
817 5218 957 5277 etde
990 5236 1099 5290 quo
1128 5230 1351 5292 stupere
1384 5222 1519 5277 nihil
1561 5222 1781 5292 mirum,
1821 5225 1948 5293 quia
1978 5227 2199 5280 mirabi-

625 5313 694 5367 lia
720 5327 883 5384 opera
915 5312 1125 5367 Domini
1183 5321 1235 5367 et
1284 5313 1667 5371 iuscrutabiles
1720 5318 1822 5370 via:
1877 5316 2017 5386 ejus.
2070 5318 2201 5373 Fide

626 5404 743 5460 haec
806 5404 1127 5476 accipimus,
1191 5420 1297 5460 non
1361 5408 1613 5461 humanae
1677 5410 1958 5477 sapientiae
2016 5410 2200 5466 verbis

625 5495 970 5565 gloriamur;
1008 5505 1067 5551 ut
1110 5510 1218 5550 non
1271 5506 1569 5554 evacuetur
1607 5515 1739 5553 crux
1778 5498 2005 5566 Christi,
2058 5501 2201 5555 sicut

627 5588 895 5657 scriptum
925 5598 1027 5645 est.
1059 5586 1165 5645 Sed
1191 5590 1393 5659 pariter
1417 5593 1669 5648 cmlestes
1695 5590 1763 5648 de
1817 5594 1901 5648 his
1920 5608 2201 5651 sermones

623 5688 681 5735 et
708 5678 978 5735 iacarnati
1039 5679 1400 5753 crucifixique
1430 5679 1525 5739 Dei
1562 5696 1730 5755 opera
1759 5686 2199 5757 supernaturalia

2304 4499 2401 4551 καὶ
2430 4499 2711 4570 διέπραξε.
2736 4499 3067 4567 Τικτόμενος
3092 4503 3203 4569 γὰρ
3230 4496 3297 4571 ἦν
3327 4500 3433 4554 ὑπὸ
3470 4500 3754 4569 γυναικδς.
3800 4498 3894 4552 καὶ

2302 4590 2426 4643 καθ’
2462 4590 2679 4659 ἡλικίαν
2723 4591 3039 4661 αὐξόμενος,
3084 4590 3381 4660 πτωχεύων
3417 4608 3476 4643 τε
3518 4591 3613 4643 καὶ
3648 4590 3898 4653 πεζοπο-

2307 4684 2438 4753 ρῶν,
2474 4684 2757 4753 καθαίρων
2806 4685 3137 4738 ταπεινώσει
3177 4691 3267 4737 τὸν
3313 4684 3647 4753 ἐπηρμένον,
3677 4686 3775 4737 καὶ
3816 4683 3897 4755 μὴ

2302 4775 2443 4844 ἔχων
2475 4776 2577 4828 ποῦ
2610 4777 2787 4829 κλῖναι
2814 4775 2911 4844 τὴν
2938 4775 3202 4844 κεφαλὴν,
3233 4776 3308 4835 ώς
3336 4777 3665 4845 γέγραπται.
3700 4775 3898 4829 Ταῦτα

2303 4866 2359 4918 δὲ
2406 4868 2583 4919 πάντα
2636 4867 2723 4919 διὰ
2771 4867 2864 4919 τοῦ
2909 4867 3221 4921 ἀναπλάσαι
3255 4858 3353 4937 τὴν
3389 4869 3585 4935 φύσιν·
3629 4867 3755 4921 ἐπεὶ
3795 4872 3895 4921 καὶ

2306 4958 2627 5028 θαυμασίως
2658 4960 2830 5028 αὐτὴν
2868 4954 2949 5023 οἷς
2981 4961 3255 5029 ἐνήργησε
3287 4958 3628 5030 παραδόξως,
3662 4960 3759 5014 καὶ
3804 4962 3898 5014 λό-

2304 5068 2422 5117 γοις
2451 5045 2530 5113 οἷς
2557 5053 2778 5121 εἴρηκεν
2807 5054 3145 5119 ὲπηνώρθου.
3172 5052 3245 5104 Τὸ
3277 5052 3332 5104 δὲ
3362 5052 3555 5105 παθεῖν
3578 5052 3742 5109 οὕτω.
3776 5054 3901 5106 δια-

2307 5142 2604 5213 πυροῦντες
2635 5142 2794 5195 πλέον
2822 5145 2947 5208 eici,
2976 5144 3069 5196 καὶ
3101 5142 3289 5196 παθεῖν
3323 5142 3468 5195 οὕτω
3502 5143 3673 5204 πάθος
3703 5144 3765 5194 τὸ
3804 5144 3900 5196 διὰ

2309 5234 2547 5303 σταυροῦ
2573 5234 2957 5289 ἐπονείδιστον.
3005 5235 3143 5287 Ἀλλ’
3167 5236 3339 5296 ὅντως
3370 5233 3541 5286 ταῦτα
3568 5233 3708 5302 ἔργα
3725 5234 3893 5291 Θεοῦ.

2307 5326 2417 5383 Καὶ
2442 5327 2502 5379 τὸ
2533 5325 2813 5394 διαπορεῖν
2843 5326 2934 5377 ἐπὶ
2961 5326 3172 5389 τούτοις
3208 5326 3269 5378 οὐ
3298 5326 3612 5394 θαυμαστόν
3632 5342 3647 5358 ·
3680 5327 3762 5378 ὅτι
3798 5328 3897 5378 καὶ

2309 5418 2601 5487 Θαυμαστὰ
2652 5418 2719 5470 τὰ
2775 5418 2911 5487 ἔργα
2955 5418 3185 5485 Κυρίου,
3234 5418 3325 5469 καὶ
3381 5416 3777 5486 ἀνεξιχνίαστοι
3837 5421 3894 5471 at

2306 5508 2414 5559 ὁδοὶ
2453 5506 2643 5559 αὐτοῦ.
2678 5508 2789 5560 Καὶ
2822 5509 2985 5576 ἡμεῖς
3024 5507 3202 5559 πίστει
3238 5506 3410 5560 ταῦτα
3437 5507 3707 5577 δεχόμεθα
3729 5526 3743 5540 ·
3788 5510 3896 5561 οὐκ

2307 5599 2659 5669 ἀνθρωπίνης
2716 5597 2773 5651 δὲ
2830 5598 3022 5668 σοφίας
3055 5598 3235 5667 λόγοις
3284 5599 3639 5670 καυχώμεθα,
3670 5600 3756 5653 ἵνα
3816 5601 3896 5669 μὴ

2310 5688 2539 5762 κινωθῇρ
2571 5693 2600 5746 ὁ
2646 5690 2880 5763 σταυρὸς
2938 5690 3031 5745 τοῦ
3073 5689 3340 5762 Χριστοῦ,
3372 5690 3515 5747 καθὰ
3549 5692 3889 5761 γέγραπται.
