4044 6438
162 409 274 472 969

1460 412 1556 471 DE
1616 408 2106 470 SACEliDOTlO.

3347 402 3453 466 9ῗο

166 525 496 595 προθύμως,
554 525 645 576 καὶ
703 524 752 575 εί
790 518 1019 578 δυνατὸν
1058 522 1451 590 καθ’ἶκάστην
1511 526 1608 592 τὴν
1640 542 1760 593 φρι-

1882 522 2077 575 niliare
2130 520 2219 573 Dei
2280 518 2618 573 lucrabimur
2670 518 3040 571 consortium.
3099 515 3314 571 Dictum
3366 529 3451 573 est

168 621 313 689 κτὴν
358 618 508 689 αὑτῷ
542 617 738 670 Θυσίαν
772 616 1201 685 προσφέρωμεν,
1252 617 1622 685 Ἐπιθυμητὸν
1654 617 1763 686 γὰρ

168 708 328 778 αὑτῷ
356 707 536 762 τοῦτο.
580 726 598 757 ι
649 706 969 774 Ἐπιθυμίᾳ,
1008 706 1197 775 φησὶν,
1234 706 1557 775 ιπεούμησα
1601 707 1761 778 τοῦτο

169 798 235 850 τὸ
282 774 472 866 Ιίὰσχα
497 798 698 864 φαγεῖν
728 794 848 864 μεθ’
877 794 1053 863 ὑμῶν.
1076 774 1107 844 γι
1143 796 1249 847 Καὶ
1300 774 1566 861 διηνεκῶς
1601 774 1763 852 τοῦτο

172 885 361 954 ζητεῖ.
396 904 413 937 t
439 886 515 939 υὺ
542 886 813 954 Ποιήσατε
841 886 972 955 γὰρ,
994 885 1123 953 εφη,
1146 886 1283 938 ἀλλὰ
1312 904 1329 936 ι
1354 886 1526 939 Τοῦτο
1555 890 1761 939 ποιεῖτε

173 980 260 1040 εἰς
290 979 392 1046 τὴν
422 976 564 1047 ἐμὴν
610 976 946 1047 ἀνάμνησιν,
986 994 1004 1027 ι
1050 978 1612 1046 τουτέστιδιηνεκῶς.
1652 979 1762 1031 Καὶ

170 1077 225 1129 τί
263 1073 392 1129 ἄλλο
422 1074 608 1142 μεῖζον
638 1071 804 1140 ἔργον
833 1071 899 1123 ἂν
920 1071 1005 1141 εἴη
1037 1071 1131 1125 τοῦ
1166 1074 1333 1141 ἔργου
1364 1074 1557 1127 τούτου
1586 1090 1601 1137 ;
1627 1074 1765 1143 ὅπερ

175 1168 300 1219 εστὶ
326 1164 565 1235 Χριστοῦ
590 1166 623 1233 ἡ
651 1164 982 1232 ἀνάμνησις,
1010 1146 1070 1216 τδ
1100 1165 1375 1234 σφαγῆναι
1406 1164 1597 1219 τοῦτον
1621 1167 1763 1236 ὑπὲρ

177 1258 343 1327 ήμῶν
396 1254 491 1308 καὶ
529 1253 795 1322 διηνεκῶς
850 1251 1099 1305 θύεσθαι.
1155 1271 1173 1303 ε
1214 1252 1389 1305 Τοῦτο
1447 1254 1557 1322 γάρ
1593 1254 1764 1315 ἐστιν,

175 1355 308 1419 ἔφη,
334 1351 395 1401 τὸ
430 1346 594 1415 σῶμά
644 1362 745 1414 μου
778 1344 840 1397 τὸ
876 1344 1019 1413 ὑπὲρ
1047 1344 1201 1412 ὑμῶν
1236 1345 1545 1415 κλώμενον,
1587 1363 1606 1395 ι
1642 1362 1767 1397 του-

171 1444 360 1496 τέστιν
390 1442 485 1494 ἀεί
514 1455 526 1467 ·
564 1458 581 1490 ι
625 1441 736 1493 Καὶ
764 1437 926 1490 τοῦτό
956 1439 1072 1491 ἐστι
1106 1438 1167 1490 τὸ
1208 1435 1346 1507 αἷμά
1378 1455 1509 1507 μου,
1540 1438 1600 1490 τὸ
1629 1440 1768 1507 ὑπὲρ

175 1535 333 1598 ὑμῶν
358 1533 744 1602 ὲκχυνόμενον,
785 1550 803 1581 ι
834 1531 931 1600 οὐχ
981 1530 1131 1593 ἅπαξ
1171 1530 1425 1599 ἐκχυθὲν,
1455 1530 1593 1587 ἀλλὰ
1632 1533 1772 1584 πάν-

172 1644 300 1680 τοτε
334 1626 598 1695 δηλονότι,
652 1624 821 1678 Οὐδὲν
847 1626 956 1694 ἄρα
987 1624 1153 1697 376
1182 1628 1390 1695 ταύτης
1438 1630 1539 1695 τῆς
1573 1627 1770 1691 Θυσίας

1864 615 2009 669 enim
2038 629 2049 663 :
2079 613 2211 678 «Qui
2238 626 2298 665 se
2321 611 2572 664 huniiliat
2595 610 2924 665 exaltabitur
2953 611 3046 663 ι’.»
3068 608 3175 663 Pro
3198 610 3457 665 otnnibus

1866 706 2112 775 seipsum
2169 705 2391 758 tradidit
2446 702 2736 765 Dominus,
2791 711 2846 755 et
2898 701 3153 755 omnibus
3199 703 3443 772 proﬁrua

1868 796 2091 850 luerunt
2128 812 2247 866 qua:
2286 796 2411 847 fecit
2451 808 2465 846 :
2513 794 2612 862 ipsi
2660 809 2760 847 nos
2803 796 3070 846 donemus
3123 802 3181 846 ut
3214 792 3456 847 vicissim

1869 891 2137 944 honorum
2197 889 2317 956 ejus
2381 888 2691 941 habt-anius
2764 884 3265 955 participationem.
3343 884 3458 937 Hoc

1868 996 2033 1051 Opere
2065 981 2182 1048 cjus
2218 979 2463 1033 zelanter
2514 978 2807 1048 fungentur
2858 976 3239 1031 ministrantes
3263 1016 3279 1041 ,
3324 988 3381 1032 et
3411 964 3459 1032 si

1870 1072 1987 1125 ﬁeri
2027 1080 2229 1140 potest,
2261 1069 2505 1138 quotidie
2538 1067 2868 1122 sacrilicium
2896 1067 3235 1121 tremendum
3260 1065 3459 1122 odere-

1872 1176 1995 1216 mus
2036 1163 2118 1225 ei;
2170 1162 2300 1214 illud
2358 1162 2473 1230 ipse
2522 1161 2881 1215 vehementer
2921 1170 3176 1229 exoptat,
3220 1159 3407 1213 dicens
3446 1180 3459 1211 :

1879 1269 1897 1302 ι
1936 1250 2222 1306 Desiderio
2256 1250 2563 1303 desideravi
2601 1251 2703 1303 hoc
2739 1250 2943 1319 pascha
3006 1250 3342 1304 mandumre
3372 1266 3464 1305 vo-

1872 1342 2083 1397 biscum
2123 1342 2187 1395 ¹³.
2227 1360 2245 1393 ι
2283 1342 2345 1395 Ει
2375 1342 2507 1394 illud
2544 1350 2809 1410 perpetuo
2844 1341 3084 1409 postulat
3126 1358 3138 1391 :
3177 1356 3287 1394 nun
3325 1341 3463 1397 dicit

1872 1437 2059 1493 enim:
2096 1434 2354 1498 Facietis,
2400 1438 2492 1487 sed
2528 1451 2544 1488 :
2584 1450 2601 1483 ι
2638 1433 2749 1488 lloc
2779 1433 2942 1489 facile
2996 1436 3049 1487 in
3106 1438 3283 1489 meam
3314 1452 3464 1490 com-

1874 1527 2327 1580 memorationem
2354 1527 2418 1589 “,
2447 1546 2464 1577 ι
2502 1526 2604 1579 hoc
2634 1536 2738 1588 est,
2763 1536 3046 1595 perpetuo.
3072 1527 3359 1591 Quodnam
3380 1536 3465 1581 est

1876 1619 2025 1673 aliud
2054 1634 2192 1688 opus
2222 1620 2324 1673 isto
2354 1634 2521 1687 opere
2554 1618 2767 1686 majus?
2796 1619 2941 1687 quod
2966 1628 3051 1673 est
3072 1606 3281 1675 Christi
3312 1636 3465 1674 com-

172 1718 627 1788 ὲπωφελέστερον
660 1718 792 1789 ἡμῖν
824 1718 921 1769 καὶ
956 1716 1077 1786 Θεῷ
1106 1719 1602 1789 προσφιλέστερον.
1639 1719 1770 1774 Ὀτι

1882 1713 2203 1767 memoratio
2226 1755 2239 1775 ,
2282 1713 2433 1766 illum
2487 1728 2690 1781 nempe
2746 1728 2846 1781 pro
2879 1713 3042 1767 nobis
3074 1716 3376 1769 sacriﬁcari
3412 1726 3466 1768 et

173 1812 275 1863 xui.
311 1810 472 1880 ἔργον
500 1808 696 1875 αὑτοῦ,
734 1810 963 1877 καὶτῆς
1014 1810 1438 1882 ἀνθρωπότητος
1481 1814 1770 1885 ἀνακλίνι-

1882 1816 2146 1874 perpetuo
2198 1804 2427 1861 oﬂ‘erri:
2468 1822 2485 1854 ‹
2547 1804 2659 1858 lloc
2702 1812 2787 1859 est
2833 1805 2979 1859 enim
3028 1820 3229 1874 corpus
3279 1820 3465 1858 meum

173 1916 287 1964 σις,
332 1902 427 1953 καὶ
473 1898 657 1953 τούτου
720 1902 980 1953 κοινωνία
1064 1902 1186 1971 μεθ’
1214 1903 1395 1972 ἡμῶν,
1451 1903 1634 1965 καθὼς
1677 1904 1768 1956 καὶ

1882 1898 2020 1965 quod
2059 1913 2153 1966 pro
2189 1896 2338 1949 vobis
2363 1896 2597 1949 traditur
2626 1896 2705 1963 ¹³;
2743 1913 2761 1947 ι
2804 1895 2909 1950 hoc
2937 1906 3043 1962 est,
3075 1911 3311 1963 semper.
3346 1894 3412 1949 Et
3447 1911 3462 1947 :

173 1991 487 2059 σαρκωθεὶς
504 1990 699 2057 ἔδειξε,
723 1994 821 2045 καὶ
845 1991 1054 2062 μέλλων
1078 1994 1333 2062 πάσχειν,
1362 1994 1566 2063 ηῦξατο
1586 1994 1763 2050 τοῦτο.

1882 2008 1898 2040 ε
1942 1986 2040 2041 llic
2070 1998 2153 2042 est
2205 1987 2427 2057 sanguis
2474 2004 2630 2042 meus
2663 1986 2754 2056 qui
2783 2002 2879 2056 pro
2911 1986 3067 2041 vobis
3090 1986 3339 2041 tunditur
3364 1986 3457 2039 “.a

177 2100 198 2134 ε
244 2084 360 2137 ἰνα
391 2076 524 2140 ὦσιν
553 2083 635 2146 ιν,
693 2082 875 2146 καθὼς
912 2084 1100 2153 ἡμεῖς,
1142 2104 1159 2135 ι
1192 2087 1386 2155 φησίν.
1429 2088 1546 2139 Ὀςι
1591 2087 1648 2140 δὲ
1680 2090 1768 2143 διὰ.

1882 2080 1998 2135 Non
2028 2081 2196 2135 semel
2218 2080 2428 2135 effusus
2450 2089 2557 2143 est,
2592 2080 2686 2134 sed
2722 2078 2995 2148 hodieque
3020 2089 3078 2134 et
3108 2092 3321 2147 semper
3342 2077 3469 2133 l‘un-

171 2174 377 2227 τούτου
406 2174 467 2229 ιν
524 2174 795 2245 γινόμεθα
835 2174 953 2244 μετ’
1000 2175 1191 2237 αὑτοῦ,
1248 2174 1414 2238 αὐτὸς
1470 2174 1765 2247 μαρτυρεῖ.

1882 2176 2047 2236 dttur,
2098 2174 2403 2228 evidenter.
2460 2173 2604 2226 l‘iihil
2644 2178 2728 2227 est
2765 2183 2948 2227 autem
2999 2180 3055 2226 et
3104 2171 3263 2226 nobis
3294 2172 3467 2242 magis

179 2283 201 2316 ε
249 2266 308 2319 '0
334 2266 565 2335 τρώγων
604 2284 729 2337 μου,
760 2266 920 2337 φησὶ,
948 2266 1049 2337 τὴν
1080 2269 1285 2336 σάρκα,
1317 2269 1411 2321 καὶ
1444 2269 1616 2321 πίνων
1662 2283 1766 2337 μου

1882 2270 2183 2339 proﬁcuum
2230 2278 2286 2323 et
2320 2268 2433 2321 Deo
2477 2267 2648 2337 magis
2691 2264 3021 2337 gloriﬂcum,
3048 2264 3175 2335 quia
3223 2266 3328 2320 hoc
3379 2271 3470 2318 est

178 2363 248 2415 τὸ
278 2356 438 2432 αἷμα,
479 2364 537 2413 ἐν
570 2364 695 2432 ἐμοὶ
729 2365 903 2432 μένει,
946 2362 1099 2430 κάγὼ
1130 2365 1189 2416 ὲν
1227 2364 1399 2433 αὐτῷ.
1437 2384 1454 2415 ι

1890 2380 2029 2435 opus
2073 2365 2192 2434 ejus
2239 2364 2501 2419 dilectum
2551 2354 2609 2418 et
2660 2361 3021 2416 humanitatis
3055 2366 3362 2425 renovatio,
3415 2373 3471 2419 tt

179 2456 307 2526 ejus
332 2458 621 2513 nobiscum
648 2457 1094 2521 communicatio,
1153 2466 1211 2511 ut
1234 2458 1473 2512 ostendit
1514 2457 1849 2528 incarnatus,
1890 2468 1947 2514 et
1984 2474 2108 2515 mox
2147 2475 2414 2531 passurus
2447 2459 2690 2529 apertius
2730 2459 2913 2514 innuit
2942 2462 3131 2519 dicens
3165 2480 3177 2514 :
3211 2477 3229 2509 ι
3257 2458 3327 2514 Ut
3356 2457 3471 2514 sint

180 2566 357 2605 unum
392 2551 535 2604 sicut
568 2565 682 2605 nos
713 2551 775 2602 ".
817 2568 835 2600 ι
881 2548 993 2605 Nos
1034 2557 1217 2604 autem
1257 2548 1361 2605 hoc
1426 2567 1593 2621 opere
1631 2569 1801 2607 unum
1852 2554 1965 2609 ﬁeri
2000 2570 2129 2610 cum
2186 2557 2327 2625 ipso,
2365 2557 2479 2625 ipse
2512 2566 2749 2612 testatur
2784 2573 2909 2615 cum
2950 2556 3068 2613 ait:
3108 2576 3127 2606 ι
3167 2553 3270 2620 Qui
3312 2568 3470 2606 man-

178 2645 347 2701 ducat
378 2659 553 2699 meam
600 2658 822 2698 carnem
854 2654 909 2699 et
952 2644 1084 2699 bibit
1124 2661 1302 2699 meum
1349 2648 1672 2717 sanguinem
1707 2650 1759 2702 in
1804 2665 1890 2703 me
1920 2662 2107 2705 manet
2138 2662 2191 2705 et
2221 2667 2322 2721 ego
2353 2655 2406 2706 in
2438 2668 2503 2707 eo
2530 2654 2591 2707 ".
2626 2674 2645 2705 ι

264 2739 439 2806 ’Υπὲρ
471 2740 656 2793 πᾶσαν
686 2738 869 2793 τοίνυν
924 2741 1243 2809 προσευχήν
1275 2757 1335 2792 τε
1390 2742 1484 2795 καὶ
1535 2742 1768 2802 αἷνεσιν.

179 2834 381 2887 τούτου
416 2829 784 2902 ἐπιμελητέον
812 2829 914 2883 τοῦ
957 2830 1146 2901 ἔργου·
1206 2834 1288 2884 ὅτε
1359 2834 1455 2884 καὶ
1494 2834 1579 2884 διὰ
1614 2834 1772 2886 τοῦτο

178 2926 335 2977 πᾶσα
394 2924 695 2992 προσευχὴ.
758 2920 866 2971 Καὶ
915 2919 976 2970 τὸ
1034 2919 1194 2971 πλέον
1247 2918 1358 2971 τῶν
1406 2919 1633 2987 ἡμερῶν
1670 2920 1768 2986 τῆς

178 3016 469 3083 ἡμετέρας
504 3012 649 3082 ζωῆς
679 3009 839 3064 τοῦτο
866 3009 1138 3079 ποιῶμεν.
1164 3008 1289 3062 Ὀτι
1325 3009 1421 3062 καὶ
1450 3009 1610 3062 τοῦτο
1641 3011 1773 3080 περὶ

179 3107 379 3160 τούτου
411 3104 727 3172 λογίζεσθαι
768 3103 969 3174 χρεὼν,
1006 3104 1055 3154 εί
1086 3102 1291 3172 ἐνεργά
1326 3102 1398 3154 τὰ
1439 3101 1561 3155 θεία
1591 3102 1773 3156 πάντα

178 3203 329 3270 ιργα
359 3216 416 3252 τι
453 3200 546 3251 καὶ
576 3197 729 3265 λόγοι
759 3197 809 3249 ot
851 3197 911 3248 ἐν
936 3193 1016 3264 τῷ
1043 3195 1262 3264 κόσμῳ,
1300 3194 1394 3247 καὶ
1419 3194 1575 3248 οὐδὲν
1603 3194 1775 3264 ἀργὸν

185 3293 333 3362 μετὰ
387 3290 448 3343 τὸ
482 3283 739 3357 γενέσθαι
800 3286 959 3343 ποτέ.
994 3287 1108 3340 Καὶ
1147 3285 1311 3356 δῆλον
1360 3284 1422 3349 ιε
1453 3279 1528 3339 ὧν
1557 3285 1775 3355 ὁρῶμεν

178 3381 411 3443 πάντων
444 3379 768 3448 κτισμάτων
821 3376 1067 3446 ενεργῶν
1094 3375 1265 3430 ὄντων
1291 3376 1401 3441 ἀεὶ,
1453 3376 1688 3446 οὐρανοῦ
1713 3392 1772 3428 τε

1948 2745 2127 2813 Super
2155 2762 2377 2800 onmem
2407 2762 2539 2817 ergo
2572 2762 2790 2817 precem
2822 2755 2878 2802 et
2902 2744 3119 2802 laudem
3153 2745 3316 2814 hujus
3337 2759 3472 2815 ope~

1879 2842 1955 2892 ris
1992 2840 2131 2894 ratio
2165 2840 2407 2894 curanda
2456 2849 2559 2900 est.
2607 2840 2737 2909 quia
2773 2851 3004 2909 propter
3052 2842 3230 2910 ipsum
3283 2849 3339 2891 et
3374 2851 3475 2905 per

1878 2930 2055 3000 ipsum
2088 2932 2268 2985 omnis
2298 2931 2499 2984 oratio.
2525 2928 2593 2983 Et
2618 2931 2957 2999 praecipuum
2983 2929 3194 2983 dierum
3219 2927 3468 2982 omnium

1878 3022 2001 3074 vitae
2028 3031 2229 3075 nostra
2260 3022 2539 3089 negotium
2572 3021 2673 3074 hoc
2698 3019 2992 3085 faciamus;
3018 3020 3148 3089 quia
3185 3029 3240 3071 et
3265 3019 3371 3073 hoc
3400 3018 3470 3073 de

1881 3112 1975 3166 illo
2008 3113 2301 3166 dicendum
2335 3129 2349 3166 :
2388 3111 2443 3165 Si
2479 3127 2645 3181 opera
2672 3102 3069 3181 sermonesque
3098 3128 3220 3181 quze
3257 3114 3311 3165 in
3335 3113 3472 3168 orbe

1883 3210 2124 3271 aguntur
2171 3216 2326 3255 suam
2358 3216 2387 3254 a
2431 3200 2540 3255 Deo
2571 3203 2679 3255 vim
2724 3202 2929 3273 habent
2962 3200 3219 3265 actionis,
3249 3209 3306 3255 et
3337 3199 3469 3253 nul-

1886 3292 1994 3345 lum
2026 3292 2260 3345 otiosum
2290 3302 2372 3345 est
2403 3303 2694 3362 postquam
2718 3281 2962 3348 creatum
2984 3302 3089 3348 est.
3115 3291 3253 3347 lllud
3277 3304 3466 3358 autem

1880 3382 2212 3435 este‘videns
2246 3398 2311 3435 ex
2343 3383 2443 3436 hoc
2472 3380 2617 3452 quod
2652 3385 2902 3438 videmus
2929 3385 3113 3440 omnia
3133 3397 3319 3439 creata
3342 3400 3474 3452 ope-

177 3472 331 3540 λέγω
352 3472 675 3541 κινουμένου
704 3470 812 3534 ἀεὶ,
841 3464 940 3523 καὶ
969 3470 1073 3537 γῆς
1098 3468 1510 3539 βλαστανούσης
1535 3468 1630 3522 καὶ
1660 3466 1773 3521 τῶν

1882 3470 2093 3523 ratione
2131 3471 2406 3525 constanti
2439 3472 2709 3538 exerceri,
2750 3472 2955 3529 cmlum
2988 3473 3211 3544 inquam
3252 3487 3473 3543 semper

178 3566 243 3618 ἰν
274 3564 355 3634 τῷ
382 3565 534 3633 μέσῳ
564 3560 991 3632 διινεργούντων
1022 3560 1257 3614 ἑκάστου
1292 3561 1355 3613 τὺ
1399 3559 1557 3615 [διονο
1590 3556 1771 3625 πολλῷ

180 3652 393 3722 μᾶλλον
426 3649 646 3720 ενεργὸς
680 3649 889 3716 ὀφείλει
938 3648 1238 3716 τυγχάνειν
1271 3648 1300 3700 ὁ
1332 3648 1473 3719 πρὸς
1520 3646 1583 3700 τὸ
1609 3647 1773 3717 ἔργον

181 3743 349 3799 τοῦτο
381 3744 441 3797 τὸ
484 3743 764 3797 θειότατον
815 3742 914 3795 καὶΙ
962 3740 1231 3811 μέγιστον
1295 3739 1601 3803 καταστάς.
1664 3739 1773 3792 Καὶ

184 3839 237 3890 εἰ
262 3838 334 3889 τὰ
368 3833 605 3904 αίσθητὰ
650 3834 831 3887 πάντα
866 3833 1170 3903 ἀκαμάτως
1223 3832 1465 3899 ινεργεῐ,
1494 3831 1588 3883 καί
1618 3829 1648 3882 ὀ
1684 3846 1774 3899 μι-

185 3930 324 3999 κρὺς
374 3919 579 3996 κόσμος
607 3918 765 3991 οὗτος
817 3929 912 3979 καὶ
967 3928 1149 3995 μέγας
1189 3926 1217 3978 ό
1271 3922 1584 3993 ἄνθρωπος,
1615 3921 1776 3975 τοῦτο

184 4020 486 4086 δείκνυσιν,
525 4019 752 4089 ἐνεργὸς
782 4019 873 4071 ἀεὶ
902 4017 1097 4083 τελῶν,
1136 4017 1217 4086 τῷ
1252 4015 1505 4087 αίσθητῷ
1533 4014 1638 4085 μὲν
1664 4016 1777 4078 τοῖς

188 4114 496 4185 αἰσθητοῖς,
527 4112 887 4182 τρεφόμενος,
930 4109 1334 4179 αὐξανόμενος,
1365 4107 1776 4177 ἁλλοιούμενος,

188 4208 270 4280 τῷ
300 4208 480 4277 νοητῷ
508 4206 589 4270 δὲ,
618 4208 727 4265 τοῖς
757 4205 992 4271 νοητοῖς,
1021 4204 1110 4257 ἀεὶ
1140 4201 1219 4271 τῷ
1245 4200 1319 4270 νῷ
1350 4203 1447 4255 καὶ
1470 4202 1547 4271 τῷ
1576 4202 1782 4271 λογικῷ

187 4303 295 4373 τῆς
318 4298 498 4371 ψυχῆς
530 4295 772 4365 ἐνεργῶν
800 4296 898 4348 καὶ
929 4294 1276 4361 κινούμενος,
1310 4295 1387 4357 ὡς
1430 4292 1687 4347 ἐντεῦθεν
1716 4294 1782 4345 ιχ

190 4393 298 4464 τῆς
326 4392 421 4446 τοῦ
454 4390 806 4460 ἀνθρωπίνου
834 4387 953 4451 νοὸς
1004 4388 1280 4456 κινήσεως
1326 4388 1422 4440 καὶ
1452 4385 1552 4449 τὰς
1583 4386 1778 4455 νοερᾶς

195 4488 293 4539 καὶ
326 4483 477 4545 θείας
530 4481 793 4549 δυνάμεις
826 4480 1173 4547 ἁεικινήτους
1232 4474 1376 4532 εἶναι
1430 4476 1779 4545 λογίζεσθαι.

194 4576 323 4639 Πῶς
362 4574 471 4644 ἄρα
498 4573 559 4625 τὸ
620 4572 879 4641 μέγιστον
929 4570 1094 4639 ἔργον
1128 4571 1229 4639 τῆς
1283 4570 1531 4643 μεγάλης
1575 4570 1783 4639 ταύτης

189 4667 475 4730 διακονίας
493 4664 589 4717 τοῦ
604 4660 763 4723 Θεοῦ.
788 4660 852 4713 τὸ
880 4661 1018 4729 ὑπὲρ
1041 4659 1223 4730 πάσης
1248 4663 1581 4729 κτίσεω;,δι’
1606 4655 1667 4715 οὗ
1704 4666 1786 4725 είς

191 4764 333 4821 scab
351 4760 492 4817 εἶναι
517 4762 588 4815 τὰ
608 4760 738 4814 δντα
764 4760 1210 4829 χειραγωγεὴαι,
1227 4757 1347 4826 Θεῷ
1370 4757 1657 4828 ἑνούμενα,
1692 4759 1788 4811 καὶ

196 4859 319 4911 θεῖα
342 4855 634 4925 γινόμενα,
671 4852 767 4903 καὶ
795 4849 998 4919 μᾶλλον
1030 4850 1099 4903 τὰ
1133 4848 1351 4916 λογικὰ,
1385 4848 1481 4901 καὶ
1505 4847 1786 4918 ἄνθρωποι

197 4950 307 5021 πρὸ
367 4948 589 4999 πάντων
639 4942 971 5013 τεθνηκότες
1011 4940 1109 4993 καὶ
1144 4940 1369 5006 ζῶντες,
1414 4940 1587 5011 ἀργὸν
1631 4940 1788 4992 ισται

198 5043 332 5097 τουτὶ
384 5041 474 5094 διὰ
507 5038 609 5107 τῆς
642 5036 939 5108 ῥᾳθυμίας,
969 5033 1004 5103 ἢ
1032 5034 1131 5085 καὶ
1183 5032 1449 5103 δοκούσης
1494 5032 1785 5093 εὑλασείας

196 5137 310 5190 τῶν
334 5134 530 5207 ἱερέων
552 5148 569 5198 ;
597 5131 713 5184 Οὐκ
736 5130 852 5181 ιστι
874 5128 973 5196 τῆς
996 5127 1107 5180 τῶν
1127 5126 1449 5197 μυστηρίων
1470 5126 1787 5195 ἱερουργίας

200 5229 238 5297 ὴ
262 5226 435 5298 ἀργία
462 5222 745 5286 εὐλάϐεια,
779 5221 881 5275 οὐκ
921 5221 1062 5283 εστι,
1087 5218 1321 5289 κώλυμα
1361 5218 1418 5272 δι
1452 5218 1655 5288 μᾶλλον
1682 5219 1784 5285 τῆς

202 5324 479 5392 σωτηρίου
519 5317 712 5379 θυσίας
736 5316 827 5367 καὶ
860 5312 965 5383 τῆς
994 5312 1249 5365 ἐντεῦθεν
1276 5310 1567 5391 ὠφελείας.
1602 5310 1666 5363 El
1690 5305 1785 5361 οὖν

206 5416 284 5485 μὴ
309 5414 375 5466 τὸ
408 5409 621 5464 κωλύον
655 5408 791 5477 πρὸς
826 5407 887 5461 τὸ
913 5407 1221 5476 ἱερουργεῖν
1248 5406 1420 5467 ἔστιν,
1451 5405 1484 5472 ἡ
1514 5405 1786 5473 σωτήριος

204 5508 367 5559 θυσία
400 5502 666 5573 διηνεκῶς
696 5498 1050 5571 ἐνεργείσθω.
1073 5498 1344 5568 ὐργανον
1377 5497 1521 5566 ἱερὸν
1546 5497 1575 5547 ὁ
1606 5495 1786 5565 ἱερεὺς

205 5595 535 5666 ἀπεδείχθη·
578 5595 653 5663 μὴ
690 5596 859 5663 ἀργὸν
898 5590 1129 5661 μενέτω.
1165 5592 1339 5644 Athos:
1369 5592 1477 5657 γὰρ
1503 5590 1684 5658 λόγον,
1711 5590 1787 5652 ὡς

204 5690 513 5755 λογίζομαι,
548 5685 649 5756 τῆς
698 5685 921 5757 ama;-
960 5684 1037 5745 ὡς
1068 5685 1161 5737 καὶ
1190 5687 1217 5737 ὁ
1250 5684 1393 5746 θεῖός
1426 5699 1561 5751 φησι
1621 5680 1785 5734 Baet-

1876 3561 2100 3625 moveri,
2132 3570 2189 3615 et
2218 3571 2421 3616 terram
2450 3560 2738 3619 frondibus
2766 3565 2948 3621 virere
2974 3574 3033 3621 et
3072 3578 3196 3635 qua:
3265 3564 3318 3620 in
3379 3566 3475 3621 illa

1875 3662 2003 3705 sunt
2030 3655 2461 3724 unumquodque
2493 3659 2640 3726 quod
2682 3656 2785 3728 ipsi
2821 3656 3103 3727 proprium
3144 3669 3229 3711 est
3260 3672 3425 3729 agere
3449 3676 3467 3713 :

1878 3744 2049 3799 multo
2072 3746 2246 3817 magis
2264 3758 2588 3817 operantem
2620 3749 3037 3819 deprehendere
3059 3762 3278 3819 oporter
3305 3766 3469 3820 quem

1878 3835 2026 3892 Deus
2058 3838 2345 3893 constituit
2376 3853 2544 3910 super
2572 3855 2713 3910 opus
2746 3839 3166 3897 sanctissimum
3199 3852 3256 3896 et
3298 3843 3476 3897 maxi-

1888 3944 2061 3984 mum.
2095 3931 2161 3985 Et
2206 3931 2252 3987 si
2296 3931 2582 3987 sensibili'a
2632 3933 2815 3987 omnia
2879 3934 3002 3988 sine
3052 3934 3472 3991 intermissione

1880 4031 2068 4092 agunt,
2108 4022 2199 4077 hic
2225 4038 2429 4093 parvus
2457 4033 2513 4079 et
2534 4024 2699 4079 simul
2731 4040 2963 4097 magnus
2993 4020 3237 4081 mundus
3266 4030 3358 4097 qni
3386 4036 3474 4083 est

1882 4116 2069 4181 homo,
2111 4116 2246 4171 illud
2272 4118 2328 4170 in
2353 4132 2415 4173 se
2448 4117 2811 4182 demonstrat,
2843 4133 3012 4191 agens
3053 4121 3302 4188 perfecte
3342 4122 3476 4179 abs-

1882 4222 1988 4277 que
2018 4208 2230 4277 requie,
2264 4207 2601 4263 sensibiliter
2638 4218 2827 4278 utpote
2854 4209 3210 4266 sensibilibus
3246 4211 3471 4279 similis,

1884 4304 2124 4355 nutritus
2153 4300 2451 4363 alimentis,
2486 4309 2543 4355 et
2587 4315 2842 4355 crescens
2868 4340 2883 4366 ,
2913 4313 2968 4357 et
3002 4306 3315 4360 successive
3350 4323 3472 4361 ntu-

1886 4406 2031 4450 tatus
2058 4414 2072 4448 :
2100 4394 2552 4449 intellectualiter
2580 4404 2762 4449 autem
2794 4398 3102 4452 secundum
3133 4402 3277 4468 quod
3313 4402 3478 4455 habet

1885 4507 2011 4545 cum
2035 4491 2411 4561 intelligentiis
2434 4492 2879 4559 similitudinem,
2900 4495 3170 4549 continuo
3195 4496 3477 4551 intellectu

1887 4594 1942 4638 et
1994 4586 2205 4638 ratione
2254 4586 2449 4639 animae
2490 4599 2606 4641 suae
2649 4600 2819 4656 agens
2854 4596 2907 4639 et
2945 4602 3175 4642 movens
3208 4603 3223 4641 :
3261 4605 3326 4643 es
3361 4604 3481 4642 mo-

1890 4677 2041 4731 tione
2071 4677 2298 4745 spiritus
2332 4676 2561 4730 hutnani
2600 4677 3018 4747 intelligendum
3056 4691 3323 4748 perpetuo
3359 4698 3477 4735 mo-

1892 4770 2007 4823 veri
2036 4769 2231 4838 agique
2248 4778 2303 4821 et
2338 4782 2500 4838 agere
2529 4768 2931 4822 intellectuales
2960 4781 3017 4823 et
3043 4770 3264 4827 divinas
3288 4787 3481 4826 omnes

1892 4859 2146 4913 virtutes.
2200 4856 2492 4923 Quomodo
2542 4851 2711 4926 igitur
2763 4857 3063 4911 maximum
3117 4874 3259 4928 Opus
3313 4860 3481 4927 hujus

1893 4950 2075 5021 magni
2113 4949 2407 5003 ministerii
2438 4948 2556 5010 Dei.
2590 4950 2735 5033 quod
2762 4958 2848 5003 est
2875 4964 2974 5018 pro
2999 4953 3148 5003 omni
3177 4951 3479 5011 creatione.

1892 5058 1991 5112 per
2050 5042 2198 5111 quod
2252 5041 2319 5095 ad
2368 5042 2574 5096 hanum
2626 5042 2783 5111 quasi
2848 5051 3297 5097 manuuucuutur
3360 5056 3485 5112 qua!

1892 5144 2022 5187 sunt
2052 5171 2076 5196 ,.
2114 5132 2232 5185 Deo
2293 5133 2589 5201 conjuncta
2619 5170 2634 5192 .
2685 5143 2739 5185 ct
2788 5132 2969 5189 divina
3024 5134 3164 5185 facta
3192 5174 3204 5191 .
3250 5131 3485 5185 maxime

1890 5243 2014 5295 qua
2042 5229 2152 5294 jatn
2179 5227 2389 5280 ratione
2412 5226 2712 5287 d0nantur,
2741 5237 2795 5279 ct
2818 5243 2928 5294 prte
2953 5229 3212 5279 omnibus
3232 5226 3484 5279 homines

1891 5317 2092 5371 mortui
2123 5318 2317 5382 etvivi,
2341 5320 2638 5385 quomodo,
2670 5316 2915 5389 inquam,
2950 5330 3090 5385 opus
3114 5315 3218 5369 hoc
3247 5314 3482 5367 OliOsttm

1893 5421 2140 5463 maneret
2174 5408 2355 5477 aliqua
2387 5409 2737 5493 negligentia,
2761 5424 2883 5475 quae
2909 5410 3086 5474 pictas
3111 5408 3161 5459 in
3184 5407 3486 5459 sacerdoti-

1890 5500 1997 5555 bus
2023 5500 2393 5579 judicaretur?
2426 5500 2544 5553 Non
2571 5510 2650 5553 est
2676 5500 2821 5552 enim
2850 5501 3025 5567 pietas
3058 5498 3390 5567 negligentia
3427 5496 3481 5547 in

1892 5592 2226 5646 celebrando
2247 5593 2501 5661 mysteria
2528 5608 2543 5658 ;
2569 5591 2677 5644 imo
2702 5599 2785 5644 est
2807 5590 3263 5659 impedimentum
3294 5588 3475 5655 potius

1893 5686 2147 5739 sacrillcii
2185 5685 2462 5747 salutaris,
2494 5695 2551 5741 et
2589 5685 2708 5755 ejus
2741 5702 2863 5755 qua:
2894 5694 2974 5737 est
3010 5699 3077 5736 ex
3101 5697 3165 5736 eo
3206 5680 3482 5734 utilitatis.

309 5808 350 5837 “
382 5805 568 5860 Matth.
605 5818 762 5871 nni,
790 5801 878 5856 12.
963 5800 1006 5832 ⁸³
1038 5797 1172 5852 Luc.
1204 5811 1341 5863 xm,
1368 5796 1455 5852 15.
1536 5796 1577 5827 ’⁵
1610 5792 1740 5849 Luc.

1882 5811 1911 5861 ι,
1956 5795 2043 5851 l9.
2124 5796 2166 5830 ¹⁸
2194 5798 2327 5852 ibid.
2357 5798 2445 5852 19.
2529 5798 2571 5829 ⁸⁸
2603 5797 2733 5852 ibid.
2770 5800 2861 5852 20.
2944 5795 3167 5851 ".Ioan.
3213 5809 3347 5862 xm,
3392 5794 3479 5851 ιι.

212 5878 257 5912 ⁸⁸
278 5875 434 5932 Joau.
466 5892 539 5935 νι.
581 5872 670 5929 57.

452 5970 726 6031 Panos.
759 5965 872 6028 Gn.
910 5962 1085 6024 CLV.

2974 5957 3046 6019 31
