4044 6498
568 426 665 490 οτι
1390 422 1771 486 SYMEONIS
1802 419 2562 483 TUESSALONICENSIS
2604 420 2956 484 ARCHIEP.
3715 408 3839 474 972

571 541 689 599 Nisi
716 556 845 614 ergo
868 538 1086 610 aliquod
1118 536 1283 594 fuerit
1314 537 1762 609 impedimentum
1799 534 2168 614 celebrandi,_.

2245 535 2379 596 λειος
2412 532 2547 601 πρδς
2577 530 2881 601 Γρηγόριόν
2925 544 3069 590 τινα,
3111 525 3353 579 ἀπειλῶν
3387 522 3541 592 αὐτῷ
3588 520 3710 614 τὴνΔ
3726 521 3842 590 ἀρ-

573 648 791 705 scmper
821 633 912 687 ﬁat
956 633 1190 688 salutare
1229 631 1584 686 sacriﬁcium.
1615 631 1887 699 Organum
1917 610 2150 681 sacrum~

2243 628 2385 695 γίαν.
2420 627 2494 681 Ἦ
2526 625 2633 695 γὰρ
2666 620 3043 694 παραιτείσθω
3104 619 3339 687 εὐλόγως
3374 618 3610 687 δργανον
3658 610 3840 675 εἷναι.

573 734 831 796 appareat
861 725 1136 787 sacerdos,
1161 724 1307 794 quod
1330 738 1607 793 nunquam
1630 722 1865 777 otiosum
1897 728 2134 786 maneat;

2249 719 2338 774 καὶ
2358 718 2583 771 ἀπέστω
2612 714 2707 770 τοῦ
2745 715 2935 785 ἔργου,
2979 710 3011 781 ἢ
3061 708 3540 771 κατασκευασθεὶς
3578 705 3846 774 ἐννόμως

573 816 727 872 dabit
754 816 921 877 enim.
951 823 1013 871 ut
1040 817 1259 886 opinor,
1299 815 1567 870 rationem
1612 813 1954 883 negligentiae
1988 829 2138 869 suae:

2255 812 2392 865 θεῖον
2422 808 2657 880 ὄργανον
2689 803 2853 873 εἷναι,
2886 806 2983 860 καὶ
3018 805 3195 873 μένων
3226 805 3287 856 ἐν
3315 801 3511 871 τούτῳ,
3573 799 3656 868 μὴ
3694 801 3852 866 ἀμεο

578 907 654 963 ιιι
708 922 926 976 quoque
949 905 1187 975 loquitur
1210 916 1431 961 sanctus
1461 905 1690 959 Basilius
1722 905 1791 960 ad
1817 904 2137 975 Gregorium

2250 904 2405 958 λείτω
2433 902 2561 971 περὶ
2597 901 2658 954 τὸ
2686 900 2865 972 ἔργον.
2892 898 3167 958 Ἕκαστος
3216 895 3326 966 γὰρ
3354 893 3450 948 τοῦ
3487 893 3625 946 ἰδίου
3660 890 3847 959 ἔργου

580 997 894 1067 quemdam.
947 1010 1183 1067 arguens
1227 996 1346 1065 ejus
1398 995 1779 1067 negligentiam
1816 1015 1829 1051 :
1860 995 1946 1051 vel
1999 996 2142 1049 enim

2255 998 2342 1051 τὸν
2376 995 2571 1066 μισθὸν
2605 992 2860 1062 λήψεται.
2896 990 3026 1052 Καὶ,
3060 1008 3080 1039 ι
3121 987 3583 1056 Ἐπικατάρατος,
3620 982 3852 1051 γέγρτ-

582 1088 786 1142 abnuat
807 1101 928 1142 esse
963 1086 1283 1141 rationabile
1328 1100 1620 1157 organum,
1652 1084 1975 1156 negligendo
2008 1100 2146 1157 opus

2275 1108 2406 1153 τται,
2437 1094 2467 1143 ὁ
2513 1088 2683 1142 ποιῶν
2709 1087 2769 1141 τὺ
2815 1086 2974 1157 ἔργον
3030 1082 3123 1137 τοῦ
3154 1080 3290 1134 Θεοῦ
3328 1080 3570 1149 ἀμελῶς.
3628 1096 3651 1127 ι
3682 1077 3756 1130 Τί
3790 1076 3872 1129 δὲί

584 1176 893 1240 ministerii,
925 1177 1006 1232 vel
1052 1184 1258 1248 satagat
1307 1191 1427 1233 esse
1500 1176 1744 1231 divinum
1814 1178 2150 1231 instrumen-

2259 1186 2445 1255 μεῖζον
2479 1183 2672 1237 τούτου
2701 1182 2859 1251 ἔργον
2891 1177 3019 1234 άλλο
3045 1174 3178 1230 Θεοῦ
3204 1191 3222 1243 ;
3255 1175 3320 1227 Ἦ
3350 1173 3519 1244 ἀργία
3543 1171 3643 1224 τοῦ
3674 1171 3852 1236 ἔργον

584 1276 722 1330 tum,
758 1278 813 1322 et
843 1268 916 1322 ita
944 1281 1172 1323 manens
1227 1283 1506 1337 nunquam
1564 1269 1633 1323 ab
1662 1282 1827 1337 opere
1886 1268 2147 1334 quiescat.

2260 1277 2447 1329 τούτου
2488 1272 2794 1341 ἐπιϐλαὸής
2830 1272 3000 1331 ἐστιν.
3048 1270 3125 1331 ὡς
3178 1268 3510 1335 είρήκαμεν.
3548 1261 3610 1314 El
3681 1264 3857 1330 μόνον

584 1358 825 1427 Quisque
881 1361 1028 1413 enim
1081 1361 1262 1429 operis
1307 1361 1391 1414 sui
1461 1359 1761 1413 mercedem
1814 1360 2055 1414 habebit.
2092 1359 2155 1414 Et

2259 1370 2401 1423 κατὰ
2437 1368 2565 1429 τοὺς
2606 1364 2863 1434 Πατέρας
2917 1362 3018 1432 τὴν
3080 1362 3239 1429 χάριν
3292 1358 3486 1411 ἔλαϐεν
3523 1355 3856 1425 ἄνθρωπος.

586 1452 846 1516 scriptum
900 1462 1029 1506 est:
1088 1467 1107 1503 ι
1142 1450 1459 1505 Maledictus
1519 1452 1609 1520 qui
1672 1450 1798 1505 facit
1858 1466 1995 1521 opus
2062 1451 2152 1506 Dei

2260 1463 2353 1515 καὶ
2385 1459 2485 1513 οὐκ
2524 1457 2766 1527 ἐνέχεται
2804 1456 2917 1516 τοῖς
2940 1454 3212 1512 ἐναντίοις
3262 1451 3359 1519 τῆς
3388 1449 3639 1519 χάριτος,
3681 1449 3857 1499 εὐλα-

586 1542 928 1611 negligenter
964 1544 1026 1600 ".
1076 1561 1095 1596 ι
1178 1544 1445 1608 Quidnam
1528 1544 1671 1597 enim
1748 1542 1891 1595 inter
1990 1557 2153 1612 opera

2264 1552 2460 1607 δείσθω
2493 1550 2568 1621 μὴ
2599 1547 2862 1618 ἐνεργῶν.
2891 1544 3025 1599 Θεὸν
3049 1541 3322 1612 φοϐείσθω
3344 1558 3359 1573 ⁸
3392 1539 3861 1609 ἂπαιτηθήσεται

587 1633 684 1687 Dei
718 1634 860 1688 aliud
914 1633 1018 1689 hoc
1065 1649 1231 1704 opere
1294 1635 1464 1702 majus
1518 1632 1643 1687 est?
1685 1633 1862 1687 Ruina
1914 1645 1998 1687 est
2062 1650 2159 1689 ne-

2263 1645 2351 1698 τδν
2388 1643 2547 1709 λόγον
2578 1640 2672 1695 τοῦ
2727 1640 2892 1707 ἔργον
2915 1653 2931 1671 ο
2996 1631 3233 1689 παύεται
3268 1635 3376 1703 γὰρ
3411 1634 3479 1701 τῇ
3528 1628 3709 1700 ἀργίᾳ
3752 1627 3860 1691 τῆς

591 1725 847 1795 giigentia
883 1725 1043 1793 hujus
1066 1726 1266 1795 operis,
1320 1734 1376 1777 ut
1424 1724 1679 1778 diximus.
1713 1724 2016 1780 Dummodo
2070 1742 2159 1781 se-

2268 1741 2420 1809 ῑερᾶς
2450 1737 2640 1795 θυσίας
2666 1735 2699 1805 ἡ
2728 1734 2838 1786 τῶν
2881 1728 3183 1797 μελλόντων
3212 1724 3570 1796 ὠφεληθῆναι
3595 1722 3689 1776 διὰ
3714 1721 3858 1773 caii-

592 1814 829 1868 cundum
898 1814 1082 1869 Patres
1138 1814 1369 1884 accipiat
1424 1814 1726 1883 habeatque
1780 1817 2027 1885 gratiam,
2060 1832 2159 1871 nec
2198 1862 2236 1916 Β
2268 1850 2368 1901 της
2412 1830 2683 1900 ὠφέλεια.
2722 1827 2755 1893 ἡ
2812 1823 2904 1877 τοῦ
2960 1822 3215 1891 not-1596;
3270 1837 3328 1873 τε
3382 1818 3483 1872 οὐκ
3535 1816 3860 1883 ἐνεργεῖται

594 1903 904 1974 implicetur
976 1906 1054 1959 cis
1086 1920 1207 1973 qua:
1240 1915 1368 1959 sunt
1426 1916 1613 1960 contra
1682 1898 1847 1971 illam,
1874 1908 2054 1963 videat
2092 1923 2160 1961 ne

2268 1898 2605 1990 ἀνάμνήσις,
2670 1911 2793 1971 οὓδέ
2844 1916 2912 1968 τὰ
2958 1914 3050 1967 τοῦ
3109 1914 3254 1964 θείου
3312 1909 3525 1970 πάθους
3563 1904 3858 1975 ἐγκαίνια.

595 1997 813 2051 omittat
844 2011 1122 2051 exercere.
1159 1995 1300 2049 Deus
1331 1997 1603 2051 timendus
1654 2007 1736 2051 est
1763 2000 1853 2066 qui
1896 2000 2159 2053 rationem

2281 2013 2544 2085 Ἀργείτω
2566 2012 2672 2072 πᾶς
2692 2007 3032 2077 ἐνεχόμενος,
3054 2002 3131 2066 οἷς
3154 2003 3341 2071 ἀργεῖν
3352 2001 3477 2062 τοὺς
3492 1996 3863 2065 ἐνεχομένους

598 2090 779 2159 exiget
807 2091 1025 2159 operis;
1059 2091 1382 2160 negligentia
1438 2093 1581 2146 enim
1618 2106 1796 2151 cessat
1843 2094 2051 2149 fructus
2083 2112 2165 2149 sa-

2269 2106 2722 2177 πιραδεδώκατιν
2739 2104 2786 2154 oi
2810 2092 3069 2167 Πιτὲρες.
3088 2099 3149 2149 ’0
3186 2094 3261 2167 μὴ
3280 2095 3418 2147 κατὰ
3438 2094 3565 2155 τοὺς
3580 2088 3866 2157 *Πατέρας

599 2180 810 2244 criﬁcii,
845 2196 941 2249 pro
976 2182 1042 2235 iis
1069 2182 1158 2250 qui
1193 2191 1451 2251 exoptant
1481 2184 1628 2237 illum
1659 2185 1941 2253 colligere;
1981 2186 2164 2243 Salva-

2269 2199 2511 2268 ἐνεργῶν
2540 2196 2665 2250 καθ’
2684 2192 2881 2249 ἑαυτοῦ
2905 2192 3140 2260 ἐνεργεῖ,
3159 2190 3255 2243 καὶ
3283 2187 3461 2255 ἔνοχός
3478 2187 3595 2238 ἐστι
3622 2182 3741 2233 τῶν
3765 2177 3865 2231 τοῦ

600 2273 735 2327 toris
771 2276 1215 2328 commemoratio
1254 2275 1653 2341 intermittitur,
1705 2286 1760 2332 et
1792 2278 1986 2333 divinae
2045 2296 2167 2350 pas-

2273 2289 2505 2360 Χριστοῦ
2536 2289 2870 2356 μυστηρίων.
2905 2285 2966 2337 Ei
2985 2283 3093 2349 γὰρ
3119 2284 3145 2333 δ
3164 2274 3405 2347 μετέχων
3424 2274 3659 2337 ἀναξίως
3682 2271 3870 2341 ἐνέχε-

601 2364 771 2418 sionis
826 2362 1017 2419 festiva
1071 2366 1385 2421 celebratio.
1435 2366 1691 2433 Quiescat
1746 2371 1839 2439 qui
1867 2372 2167 2439 quomodo-

2270 2400 2380 2443 ται,
2400 2384 2425 2434 ό
2443 2381 2534 2433 καὶ
2552 2378 2788 2448 ἐνεργῶν
2804 2374 2953 2442 πόσῳ
2970 2372 3169 2441 μᾶλλον
3193 2388 3207 2435 ;
3234 2367 3421 2429 Οὐδεὶς
3448 2369 3545 2433 μὲν
3564 2360 3658 2416 οὖν
3680 2362 3866 2426 ἄξιος,

602 2469 835 2525 cumque
868 2456 1109 2511 irretitur
1141 2458 1209 2512 ab
1237 2458 1641 2528 impedimentis
1668 2462 1867 2532 quibus
1896 2466 2169 2519 stantibus

2273 2477 2345 2534 ώς
2380 2472 2656 2539 ἐμάθομεν
2689 2466 2979 2535 ἄνθρωπος
3016 2462 3155 2530 πρὸς
3198 2461 3256 2513 τὸ
3286 2460 3469 2527 ἔργον,
3504 2457 3589 2509 ὅτι
3620 2456 3722 2506 καὶ
3745 2455 3867 2506 τοῖς

604 2557 1010 2615 concesserunt,
1030 2551 1392 2615 tradiderunt,
1414 2553 1717 2607 docuerunt
1741 2553 1930 2609 Patres
1951 2571 1979 2608 a
2005 2558 2171 2611 sacri-

2273 2569 2529 2636 ἀγγέλοις
2564 2562 2793 2633 φοϐερόν
2817 2577 2830 2591 ⁶
2867 2560 2990 2612 ἐπεὶ
3018 2558 3073 2611 δὲ
3101 2555 3308 2625 βροτοῖς
3340 2551 3498 2604 τοῦτο
3533 2546 3865 2615 συγκατέϐη

607 2637 729 2693 ﬁcio
762 2640 1059 2709 quiescere.
1094 2641 1197 2709 Qui
1224 2660 1328 2699 non
1353 2648 1459 2716 agit
1492 2648 1556 2701 ad
1585 2656 1819 2703 mentem
1844 2660 1896 2703 et
1926 2664 2171 2704 normam

2274 2640 2650 2722 δουξίῦίθεὺς,
2686 2654 2760 2715 ώς
2787 2652 3027 2721 ἐγχωρεῖ
3058 2651 3151 2703 καὶ
3198 2647 3489 2707 ἐνδέδοται,
3518 2642 3711 2707 βροτοὶ
3741 2640 3865 2706 βια-

607 2731 854 2795 Patrum,
886 2732 1039 2803 juxta
1078 2737 1357 2804 proprium
1400 2740 1510 2807 agit
1566 2739 1822 2807 placitum
1887 2751 1943 2795 et
1984 2751 2174 2796 contra

2282 2754 2525 2820 σώμεθα,
2555 2750 2647 2803 καὶ
2676 2752 2728 2803 οί
2766 2750 2845 2811 ώς
2878 2742 3140 2814 ἐνεχώρει
3174 2737 3471 2807 ἠξιωμένοι
3496 2735 3599 2803 τῆς
3630 2732 3864 2801 χάριτος

610 2820 870 2890 seipsum,
926 2834 980 2878 et
1014 2842 1139 2880 rcus
1171 2838 1252 2881 est
1278 2830 1653 2897 mysteriorum
1681 2831 1900 2885 Christi.
1937 2832 1989 2885 Si
2028 2834 2173 2887 enim

2280 2845 2585 2915 προθύμως
2609 2842 2812 2910 ταύτην
2845 2833 3267 2907 ἐνεργείδτωσαν,
3288 2832 3387 2899 τὴν
3421 2828 3548 2897 ὅλην
3579 2825 3867 2877 πολιτείαν

611 2916 1017 2971 communicans
1071 2927 1282 2972 tantum
1335 2920 1561 2989 indigne
1592 2922 1907 2991 impeditur,
1966 2932 2172 2993 quanto

2285 2939 2685 3009 ἐκμιμούμενοι
2719 2932 2795 2995 ὡς
2835 2919 3058 2984 δυνατδν
3096 2924 3190 2977 τοῦ
3253 2922 3552 2981 Δεσπότου,
3613 2918 3707 2970 ἵνα
3774 2916 3868 2966 καὶ

615 3006 782 3071 magis
814 3006 901 3059 ille
924 3009 1014 3076 qui
1068 3008 1266 3063 otTert?
1308 3011 1576 3067 Docemur
1640 3014 1857 3082 quidem
1905 3017 2176 3070 nemiuem

2282 3006 2494 3099 ἐνεργοὶ
2533 3028 2623 3081 ἀεὶ
2660 3026 2755 3079 καὶ
2790 3024 3042 3077 κοινωνοὶ
3070 3018 3262 3071 τούτου
3283 3008 3417 3069 ὦσιν
3443 3014 3492 3065 οί
3529 3012 3749 3063 ἐκείνου
3781 3009 3869 3059 τδν

614 3093 756 3146 inter
782 3096 1031 3152 homines
1081 3100 1299 3167 dignum
1343 3116 1463 3155 esse
1508 3117 1632 3171 erga
1689 3105 1790 3158 hoc
1823 3120 1980 3173 opus,
2034 3105 2179 3173 quod

2281 3093 2449 3175 τύπον
2465 3121 2744 3189 φέροντες,
2765 3114 2860 3189 καὶ
2878 3112 3220 3176 καθεκάστην
3235 3108 3280 3159 εί
3295 3104 3517 3158 δυνατὸν
3534 3103 3633 3165 τὴν
3655 3102 3866 3154 ἐκείνου

613 3184 776 3238 etiam
814 3187 1015 3257 angelis
1062 3190 1423 3244 tremendum.
1457 3192 1590 3245 Cum
1640 3203 1816 3247 autem
1863 3196 2210 3250 hominibus‘

2289 3212 2479 3277 μνείαν
2498 3196 2839 3261 ποιείτωσαν.
2860 3204 3090 3263 Ἕνωσις
3108 3200 3216 3267 γὰρ
3235 3198 3385 3249 ’ἔσται
3403 3194 3538 3247 θεοῦ
3562 3191 3872 3259 μετάὒτῶν

615 3279 743 3332 illud
779 3280 918 3335 Deus
948 3283 1298 3347 concesserit,
1326 3284 1475 3352 juxta
1519 3285 1661 3353 quod
1693 3287 1949 3354 possibile
1980 3298 2062 3341 est
2088 3290 2182 3343 da-

2284 3302 2379 3354 xai.
2412 3300 2659 3366 ἀγγέλων
2692 3298 2829 3366 μετὰ
2857 3292 2989 3345 θεοῦ
3004 3294 3096 3345 καὶ
3125 3290 3323 3351 αὐτῶν,
3360 3289 3445 3341 κα“·
3465 3286 3657 3353 ψυχῶν
3676 3283 3866 3350 ιερῶν,

617 3379 728 3423 tum
778 3380 878 3425 est.
946 3371 1141 3442 Utpote
1198 3375 1444 3429 homines
1501 3391 1708 3443 pugnas
1760 3378 2103 3441 habebimus,
2130 3390 2184 3433 et

2286 3393 2374 3441 καὶ
2395 3370 2580 3455 ψυχῶν
2605 3387 2813 3439 πιστῶν
2830 3385 3081 3441 ἁπασῶν,
3120 3379 3214 3431 καὶ
3242 3378 3351 3430 τῶν
3380 3374 3601 3438 ζώντων
3630 3372 3688 3424 δὲ
3724 3372 3862 3423 suae.

620 3461 719 3515 hac
741 3464 915 3531 gratia
946 3480 1041 3533 pro
1097 3481 1254 3535 posse
1297 3478 1483 3521 nostro
1531 3468 1929 3538 dignabimur:
1975 3471 2184 3525 fervido

2288 3482 2418 3541 δὼς.
2464 3480 2571 3532 εἴτε
2603 3476 3017 3545 κατορθούντων
3045 3470 3295 3539 προκοπή
3323 3485 3383 3521 τε
3413 3467 3509 3518 καὶ
3536 3462 3870 3533 στηριγμός.

619 3553 735 3606 zelo
773 3556 909 3610 hanc
954 3566 1246 3612 exerceant
1275 3558 1489 3612 Domini
1536 3561 1699 3614 vitam
1741 3571 1903 3615 totam
1944 3574 2003 3616 ut
2037 3576 2189 3632 pote-

2292 3574 2413 3626 Εἴτε
2452 3572 2776 3632 πταιόντων,
2816 3570 2864 3621 εί
2896 3566 3241 3636 μεταγνοῖεν,
3282 3558 3512 3627 ίλασμδς
3536 3558 3633 3608 καὶ
3656 3554 3866 3620 καθάρ-

619 3657 746 3700 runt
807 3649 1119 3715 imitantes;
1157 3662 1214 3704 ut
1253 3660 1516 3720 perpetuo
1546 3654 1898 3726 inveniantur
1926 3657 2021 3720 qui
2051 3656 2191 3708 cele-

2294 3679 2424 3715 σιον·
2478 3663 2571 3715 καὶ
2595 3661 2673 3713 ἐτι
2707 3664 2775 3729 τῇ
2809 3659 2987 3710 κτίσει
3018 3656 3165 3724 πάσῃ
3202 3655 3266 3705 ὲκ
3294 3649 3485 3705 τούτου
3524 3648 3680 3699 ἔσται
3711 3640 3873 3714 377

624 3740 783 3793 brent
812 3750 866 3794 et
889 3740 980 3808 qui
1014 3742 1439 3803 communicent.
1475 3744 1567 3811 qui
1613 3745 1734 3811 ejus
1765 3754 1945 3814 typum
1972 3756 2187 3814 gerant,

2307 3752 2610 3820 ἀγιασμός·
2660 3750 2753 3802 καὶ
2786 3752 2843 3801 ἐν
2872 3743 2950 3807 οἷς
2980 3747 3035 3799 δὲ
3068 3744 3343 3815 χρῄζομεν
3374 3738 3671 3807 αἰσθητῶς,
3716 3734 3871 3803 μεγί-

626 3838 680 3884 ct
713 3833 969 3901 quotidie,
991 3834 1035 3885 si
1070 3844 1317 3900 possunt.
1346 3834 1467 3901 ejus
1497 3837 2071 3890 commemorationem
2098 3853 2190 3891 ce-

2297 3866 2393 3914 στη
2427 3845 2652 3913 βοήθεια
2672 3856 2687 3872 ⁸
2720 3840 2815 3893 καὶ
2853 3840 2881 3891 ὁ
2913 3838 3053 3906 ὑπὲρ
3075 3836 3268 3887 τούτου
3296 3831 3484 3900 μισθὸς
3516 3828 3595 3897 τῷ
3626 3824 3870 3885 εὐλαϐῶς

624 3923 835 3984 lebrent
861 3944 872 3977 :
912 3927 1097 3993 sicque
1127 3927 1253 3979 uuio
1284 3927 1387 3980 erit
1436 3927 1576 3980 inter
1606 3928 1769 3981 Deum
1795 3938 1846 3982 ct
1874 3945 1993 3993 nos,
2030 3942 2081 3984 et
2109 3931 2189 3982 iu-

2297 3933 2671 4006 ἱερουργοῦντι
2701 3930 2798 3983 καὶ
2826 3928 3122 3998 προθύμως
3159 3926 3241 3977 ὅτι
3273 3923 3459 3985 πολύς.
3491 3921 3553 3973 Εί
3603 3918 3650 3971 δ’
3678 3918 3740 3970 ού
3786 3916 3874 3968 δυ-

628 4026 711 4071 ter
742 4017 959 4086 angelos
1016 4026 1069 4072 et
1100 4018 1267 4071 Deum
1316 4028 1369 4072 et
1420 4034 1541 4082 nos,
1593 4030 1648 4074 et
1695 4021 1904 4076 animas
1954 4031 2189 4085 sanctas,

2296 4029 2455 4082 νατδν
2485 4027 2544 4079 τὸ
2578 4023 2701 4078 καθ’
2733 4021 2947 4091 ἡμέραν
2987 4017 3313 4087 ἱερουργεῖν,
3340 4012 3443 4066 κᾶν
3480 4009 3742 4077 τετράκις
3781 4006 3872 4072 τῆς

630 4120 791 4178 atque
836 4112 1047 4165 animas
1102 4112 1339 4166 ﬁdelium
1391 4115 1630 4167 omnium
1688 4114 1780 4182 qui
1838 4114 1924 4181 pie
1963 4115 2192 4178 vivunt;

2299 4119 2593 4187 ἐὸδομάδος
2621 4115 2760 4169 κατᾶ
2785 4113 2878 4167 τὸν
2916 4112 3086 4179 μέγαν
3112 4108 3413 4162 Βασίλειον.
3439 4103 3607 4156 Τοῦτο
3628 4101 3676 4153 δ’
3706 4101 3873 4155 ἐποίει

629 4204 746 4255 sive
775 4204 1241 4271 perseveraverint
1270 4215 1323 4265 et
1369 4205 1651 4275 proﬁciant
1674 4203 1726 4257 in
1759 4204 1993 4258 vivendo
2023 4213 2193 4265 recte,

2299 4206 2477 4275 οὗτος,
2512 4209 2611 4271 τὰς
2658 4207 2807 4277 τρεῖς
2838 4200 3291 4269 καταλιμπάνων,
3332 4193 3648 4265 ἱερουργίαν
3687 4191 3871 4258 ἑτέραν

633 4295 746 4349 sive
768 4309 889 4346 eum
917 4294 1284 4361 peccaverint,
1321 4309 1416 4362 per
1450 4295 1850 4361 pmnitentiam,
1883 4293 2199 4347 misericor-

2300 4303 2400 4370 τὴν
2425 4299 2515 4353 διὰ
2545 4297 2638 4350 τοῦ
2670 4296 2837 4363 λόγου
2887 4294 2984 4362 τῆς
3025 4290 3373 4350 διδασκαλίας
3405 4284 3665 4355 ἐνεργῶν.
3706 4282 3779 4334 Τὸ
3821 4280 3872 4333 δὲ

633 4389 775 4441 diam
808 4395 863 4439 et
893 4388 1308 4440 conversionem
1335 4384 1402 4439 ad
1456 4384 1745 4453 puritatem
1774 4385 2099 4446 meruerint,
2141 4392 2196 4437 et

2291 4372 2428 4446 ’καθ’
2500 4388 2717 4459 ἡμέραν
2774 4384 3077 4453 ίερουργεῖν
3142 4380 3244 4433 οὐκ
3303 4376 3416 4444 ἐγὼ
3479 4372 3575 4428 ἀπ’
3642 4370 3871 4443 ἐμαυτοῦ

633 4479 854 4546 insuper
886 4494 948 4531 ex
978 4477 1078 4531 hoc
1114 4474 1167 4531 in
1201 4492 1415 4531 omnem
1458 4488 1760 4531 creaturam
1798 4475 1966 4529 multa
2002 4477 2201 4529 redun-

2276 4538 2281 4554 λ
2308 4479 2500 4554 Οαρῤὦ
2523 4478 2728 4546 λέγειν,
2757 4476 2873 4529 ἀλλ’
2901 4473 3010 4526 ἀπὸ
3037 4470 3130 4523 τοῦ
3155 4469 3407 4537 Σωτῆρος
3426 4464 3637 4534 μαθὼν,
3673 4482 3691 4514 ι
3714 4461 3873 4516 Τοῦτο

634 4524 845 4546 ...-..,.-.
888 4524 948 4531 η
979 4524 1077 4531 η..-
1204 4524 1415 4531 ---...----
1464 4524 1760 4531 ---_-_-_---
1798 4524 1966 4529 --τη

631 4574 723 4629 dat
743 4574 1095 4628 sanctiﬁcatio
1132 4591 1146 4627 :
1178 4574 1230 4627 in
1282 4573 1347 4626 iis
1383 4572 1525 4626 enim
1578 4588 1807 4642 quorum
1862 4586 2000 4641 opus
2034 4569 2200 4624 habe-

2272 4524 2537 4639 ’ποῖεῖτῂ
2572 4524 2845 4639 λεγοντος,
2872 4566 2951 4627 είς
3000 4563 3099 4634 τὴν
3138 4558 3289 4631 ἐμὴν
3314 4524 3650 4625 άνάμνησιν.
3692 4573 3712 4606 ι
3748 4555 3869 4615 Καὶ,

634 4676 755 4720 mus
800 4668 856 4719 iu
918 4665 1107 4720 ordine
1162 4665 1227 4718 ad
1287 4664 1602 4719 sensibilcm
1652 4664 1841 4727 vitam,
1902 4663 2196 4717 maximum

2316 4689 2335 4723 σ
2378 4667 2521 4734 Ἐγὼ
2553 4662 2653 4728 ζῶ,
2682 4662 2778 4716 καὶ
2801 4661 2829 4711 ὁ
2854 4658 3083 4727 τρώγων
3120 4670 3185 4724 με
3210 4652 3434 4721 ζήσεται
3466 4647 3533 4701 δι’
3565 4646 3686 4717 ἐμέ.
3727 4664 3747 4697 ι
3776 4646 3874 4699 Καὶ

636 4758 794 4812 nobis
826 4757 884 4811 in
923 4758 1024 4811 hoc
1054 4757 1330 4810 invenitur
1376 4757 1658 4820 auxilium,
1690 4764 1746 4809 et
1799 4755 1872 4808 illi
1906 4756 1997 4824 qui
2040 4755 2202 4811 otl‘ert

2310 4762 2359 4815 οί
2406 4757 2698 4813 ἀπόστολοι
2746 4753 2804 4807 δὲ
2832 4750 2975 4805 οὕτω
3010 4746 3291 4807 ποιοῦντες
3322 4742 3651 4803 ἐδείκνυντο,
3699 4736 3877 4807 σχολά-

638 4853 723 4920 pie
745 4861 798 4906 et
823 4850 1050 4920 impigre
1075 4849 1244 4903 multa
1281 4849 1433 4902 valde
1464 4862 1688 4901 merces.
1722 4845 1878 4911 Quod
1901 4847 2071 4900 sinon
2102 4862 2199 4915 po-

2314 4848 2497 4910 ζοντες
2544 4844 2611 4913 τῇ
2663 4840 2939 4909 προσευχῇ
2991 4837 3083 4889 καὶ
3118 4837 3184 4905 τῇ
3221 4831 3411 4888 κλάσει
3453 4826 3549 4883 τοῦ
3596 4826 3874 4920 ἄρτον,ὼς

641 4917 749 4999 test
793 4917 1030 5013 quotidie
1078 4940 1386 5004 celebrare,
1434 4938 1623 4991 saltem
1673 4935 1865 4990 oﬁ‘erat
1912 4948 2102 5005 quater
2150 4937 2201 4989 iu

2314 4937 2663 5004 γέγραπται*
2690 4933 2757 5003 τῇ
2785 4929 3069 5000 ἱερουργία
3099 4927 3209 4979 τῶν
3231 4920 3547 4994 μυστηρίων
3570 4917 3769 4989 δηλαδὴ
3790 4917 3874 4970 καὶ

641 5033 998 5096 hebdomade,
1030 5032 1327 5087 secundum
1360 5028 1613 5083 liasilium
1668 5027 1938 5099 Magnum.
1995 5028 2084 5097 qui
2136 5028 2204 5081 ita

1668 5027 1938 5099 Magnum.
1995 5028 2084 5097 qui
2136 5028 2204 5081 ita
2313 5030 2379 5097 τῇ
2414 5024 2690 5094 κοινωνίᾳ.

641 5129 853 5199 agebat,
914 5140 1021 5182 trcs
1072 5128 1187 5183 dies
1220 5129 1354 5181 alios
1394 5126 1858 5198 prsetermittens;
1893 5122 2163 5175 alternum
2195 5122 2270 5176 ita
2307 5120 2637 5177 sacriﬁcium
2671 5114 2948 5180 oderebati
2973 5112 3124 5181 juxta
3157 5103 3533 5179 praescriptum
3556 5098 3871 5199 magisterii.

643 5220 893 5285 Quotidie
927 5222 1261 5275 ollerendum
1293 5235 1412 5275 esse
1467 5234 1575 5273 non
1615 5234 1645 5272 a
1701 5232 1788 5272 me
1851 5216 1971 5286 ipso
2032 5214 2249 5270 conﬁdo
2304 5216 2518 5273 docere,
2552 5213 2645 5267 sed
2706 5213 2822 5280 ipse
2846 5222 2876 5262 a
2912 5204 3190 5259 Salvatore
3213 5202 3460 5257 edoctus,
3485 5194 3641 5265 cujus
3671 5196 3767 5249 hoc
3802 5202 3874 5247 est

646 5317 871 5372 vcibum
907 5335 919 5369 :
992 5334 1010 5367 ι
1055 5316 1167 5371 lloc
1210 5314 1368 5370 facite
1432 5314 1486 5367 in
1546 5328 1718 5367 meam
1762 5311 2359 5366 commemorationem.
2390 5328 2408 5359 ›
2437 5308 2501 5362 Et
2534 5306 2709 5362 istud:
2746 5324 2764 5356 ι
2792 5304 2901 5373 Ego
2932 5302 3053 5355 vivo
3084 5306 3138 5353 et
3166 5296 3259 5365 qui
3302 5292 3597 5350 manducat
3641 5305 3726 5345 me
3770 5290 3873 5360 ipse

649 5415 795 5465 vivet
824 5418 1046 5479 propter
1073 5424 1158 5463 me
1174 5409 1242 5460 '°.
1271 5430 1291 5460 ι
1316 5406 1381 5460 Ει
1426 5404 1657 5475 apostoli
1707 5402 1784 5458 sic
1841 5403 2035 5457 iecisse
2090 5403 2437 5457 declarantur
2471 5418 2483 5454 :
2513 5401 2714 5455 etenim
2766 5393 2999 5452 orationi
3045 5400 3099 5446 et
3133 5387 3381 5443 fractioni
3431 5384 3589 5457 panis
3627 5385 3873 5443 instantes

651 5510 808 5554 erant
836 5508 896 5552 ut
924 5498 1180 5567 scriptum
1203 5500 1305 5562 est,
1326 5495 1591 5552 sacriﬁcio
1616 5496 1824 5549 scilicet
1849 5502 1903 5548 ct
1924 5492 2321 5547 communioni.

730 5590 807 5645 De
838 5592 942 5645 hoc
1003 5591 1354 5657 plurimorum
1400 5591 1674 5661 habemus
1716 5588 1936 5641 Patrum
1989 5586 2130 5639 dicta
2168 5591 2224 5639 et

2416 5584 2580 5638 Ἀλλὰ
2616 5582 2711 5635 καὶ
2750 5578 2963 5642 πολλοῖς
2993 5578 3101 5631 τῶν
3132 5574 3386 5645 Πατὲρων
3418 5571 3547 5643 περὶ
3579 5570 3760 5626 τούτου
3796 5573 3870 5627 λέ·

657 5686 852 5752 facta;
912 5682 1204 5740 beatissimi
1248 5681 1479 5753 primum
1548 5679 1796 5749 Gregorii
1854 5677 2084 5732 Romani
2124 5677 2218 5746 qui

2324 5678 2512 5731 λεκταί
2544 5694 2603 5729 τε
2631 5674 2725 5729 καὶ
2756 5673 3098 5744 πέπρακται,
3127 5669 3205 5740 τῷ
3232 5685 3291 5723 τε
3324 5666 3580 5738 μακαρίῳ
3612 5665 3873 5737 Γρηγορέῳ

747 5863 793 5896 ³³
817 5862 1020 5922 lerem.
1049 5880 1235 5931 sum,
1269 5864 1356 5920 l0.
1458 5864 1501 5897 ὀ
1539 5862 1699 5919 Joan.
1741 5875 1817 5928 v1,
1852 5860 1939 5915 58.
