4044 6424
641 385 748 452 975

1134 384 1517 450 ΞΥΜΕΟΝΙΒ
1547 386 2304 451 THESSALONICENSIS
2339 378 2704 450 ARCIIIEP.
2750 384 2850 448 DE
2905 383 3406 448 SACERDOTIO.

3813 375 3906 441 976

631 495 1030 564 sanctisslmo;
1066 505 1126 552 ut
1179 497 1370 554 electis
1415 499 1537 569 ejus
1576 499 1758 556 verbis
1800 511 2110 568 satagamus
2141 503 2212 556 vi-

2327 502 2402 572 μὴ
2432 500 2788 572 περιπίπτειν
2840 500 2915 562 ὡς
2965 498 3132 569 378
3167 498 3326 568 ἔτυχε
3362 498 3482 560 ταῖς
3515 495 3611 549 τοῦ
3673 495 3907 564 πονηροῦ

627 599 742 646 tam
768 600 957 645 sancte
985 590 1242 645 ordinare
1273 591 1328 645 in
1373 591 1654 662 operibus,
1682 591 1738 647 in
1779 593 1982 658 verbis,
2018 594 2073 647 in
2118 608 2210 648 co-

625 682 1009 752 gitationibus,
1034 690 1091 736 et
1127 681 1181 734 in
1207 682 1367 737 nobis
1409 681 1530 752 ejus
1581 683 1764 738 divina
1794 698 1984 752 gerere
2029 699 2215 738 exem-

628 773 738 841 pla.
778 771 1040 838 Quaenam
1090 781 1273 827 autem
1321 773 1438 828 haec
1485 774 1662 829 sunt?
1689 773 1872 840 Amor,
1913 774 2214 840 humilitas,

627 863 1025 926 misericordia.
1067 864 1310 920 eharitas
1353 862 1408 918 in
1448 879 1664 930 omnes,
1737 880 1841 935 pax
1890 874 1944 920 et
1996 866 2215 922 divino-

629 971 750 1009 rum
803 956 1192 1025 contemplatio
1248 956 1566 1012 donorum:
1599 965 1727 1011 ante
1787 967 1969 1012 autem
2029 961 2213 1014 omnia

626 1049 938 1103 communio
985 1051 1129 1105 inter
1179 1063 1278 1104 nos
1337 1058 1392 1104 et
1440 1049 1738 1117 sanctitas;
1794 1059 2018 1107 sanctus
2065 1053 2212 1106 enim

625 1140 772 1196 Deus
798 1151 988 1196 noster
1011 1151 1068 1196 et
1117 1156 1212 1196 eos
1243 1142 1334 1211 qui
1382 1141 1827 1212 appropinquant
1863 1143 1938 1197 illi
1973 1147 2215 1200 sancrili-

627 1245 741 1298 cat;
777 1241 832 1288 et
864 1233 1016 1288 illum
1045 1235 1096 1288 in
1126 1235 1339 1291 sanctis
1369 1233 1622 1289 habitare
1650 1243 1706 1289 et
1739 1235 1996 1305 quiscere
2022 1238 2210 1306 juvat;

623 1325 712 1393 qui
750 1334 805 1379 et
831 1340 928 1380 nos
955 1325 1146 1396 dignos
1180 1325 1347 1381 faciet
1381 1335 1594 1396 partem
1635 1326 1841 1382 habere
1867 1342 1992 1381 cum
2023 1329 2214 1384 electis

629 1425 685 1470 et
735 1418 942 1472 sanctis
977 1419 1117 1487 ejus.
1153 1415 1250 1472 Hic
1284 1419 1429 1472 enim
1468 1419 1751 1473 constituit
1784 1421 2128 1489 custoditque
2157 1421 2212 1473 in

627 1508 1065 1563 sanctiﬁcatione
1115 1524 1289 1578 usque
1347 1511 1401 1564 in
1462 1510 1622 1564 linem
1677 1511 1872 1580 dignos
1931 1512 2212 1566 ministros

625 1599 1100 1654 sanctissimorum
1141 1601 1560 1670 mysteriorum;
1601 1603 1959 1672 vicissimque
1985 1585 2096 1658 illic
2126 1606 2213 1658 in-

628 1691 790 1745 ducet
821 1692 872 1745 in
916 1693 1112 1746 Sancta
1152 1702 1489 1758 sanctorum,
1515 1707 1569 1748 et
1599 1710 1694 1751 eos
1713 1696 1803 1765 qui
1832 1697 2211 1751 communimii

625 1782 831 1836 intima:
864 1797 990 1837 cum
1034 1783 1148 1852 ipso
1202 1785 1651 1854 participaverint
1703 1787 1944 1856 perﬁciet
1973 1788 2212 1842 uniendo

2326 595 2555 662 πάγαις.
2585 593 2951 664 Συντηρῶμεν
2978 593 3034 645 δὲ
3063 591 3294 654 ἑαυτοὺς
3327 591 3377 642 οἱ
3409 589 3720 660 ἱερωσύνης
3750 589 3908 657 ἠξιω-

2301 685 2480 758 γμένοι
2513 683 2655 737 ὥστε
2684 683 2989 755 καθαροὺς,
3025 683 3100 745 ὡς
3142 682 3388 747 δυνατὸν,
3425 680 3772 750 παρεστάναι
3823 677 3910 730 καὶ

2324 778 2664 849 λειτουργεῖν
2716 778 2795 848 τῷ
2853 777 3254 845 κχθαρωτάτῳ,
3301 776 3396 827 καὶ
3437 776 3556 837 τοῖς
3608 772 3911 842 ἐξαιρέτοις

2321 872 2432 924 τῶν
2481 870 2789 939 ἰδιωμάτων
2843 868 3013 924 αὑτοῦ
3058 866 3311 920 σπεύδειν
3337 863 3814 934 κατακοσμεῖσθαι
3858 864 3912 914 ἐν

2323 965 2510 1034 ἔργοις
2547 979 2608 1014 τε
2639 963 2733 1015 καὶ
2761 961 2943 1028 λόγοις
2977 961 3068 1014 καὶ
3090 959 3392 1028 λογισμοῖς·
3439 957 3535 1010 καὶ
3587 954 3785 1008 τούτου
3819 953 3911 1020 φέ-

2324 1069 2437 1121 ρειν
2479 1055 2539 1106 ὲν
2588 1053 2805 1114 ἑαυτοῖς
2835 1067 2958 1104 τινα
2987 1051 3386 1120 ἑκμιμήματα.
3421 1046 3562 1102 Τίνα
3583 1047 3640 1099 δὲ
3669 1045 3742 1098 τὰ
3776 1043 3913 1096 ὲκεί-

2320 1162 2448 1210 νου;
2494 1143 2906 1215 Φιλανθρωπία,
2948 1143 3300 1205 ταπείνωσις,
3340 1141 3513 1206 ἔλεος,
3549 1137 3745 1208 ἀγάπη
3780 1136 3912 1203 πρδς

2322 1236 2552 1300 πάντας,
2584 1237 2798 1307 εἰρήνη,
2837 1237 2932 1290 καὶ
2969 1237 3130 1289 θείων
3169 1235 3459 1305 μετάδοσις
3503 1230 3730 1300 δωρεῶν
3755 1245 3769 1258 °
3811 1227 3911 1296 πρὸ

2319 1326 2376 1378 δὲ
2400 1325 2618 1378 πάντων
2647 1325 2907 1378 κοινωνία
2933 1325 3054 1392 μεθῖ
3083 1323 3241 1394 ἡμῶν
3267 1325 3361 1375 καὶ
3384 1320 3690 1391 ἀγιωσὺνη.
3714 1319 3910 1384 ’Δγιος

2319 1417 2427 1486 γὰρ
2468 1415 2548 1469 ὢν
2585 1417 2613 1468 δ
2644 1415 2775 1478 Θεὸς
2807 1415 2989 1484 ἡμῶν,
3026 1415 3123 1468 καὶ
3163 1412 3380 1481 ἁγιάζει
3425 1413 3556 1474 τοὺς
3587 1410 3912 1478 ὲγγίζοντας

2320 1510 2489 1577 αὐτῷ,
2515 1511 2610 1563 καὶ
2635 1513 2691 1563 ὲν
2721 1509 2900 1577 ἁγίοις
2923 1506 3305 1562 ἀναπαύεσθαι
3332 1505 3580 1558 εὖδοκείο
3608 1504 3667 1566 ὃς
3695 1503 3796 1556 καὶ
3821 1503 3911 1571 τῆς

2322 1599 2543 1669 μερίδος
2604 1599 2755 1668 ἡμᾶς
2814 1597 3068 1662 ἀξιώσειε
3121 1597 3232 1650 τῶν
3285 1595 3564 1650 ἐκλεκτῶν
3602 1595 3775 1649 αὑτοῦ
3822 1594 3913 1647 καὶ

2319 1691 2512 1759 ἁγίων,
2573 1690 2810 1744 ἐνταῦθα.
2877 1691 2978 1761 μὲν
3025 1687 3216 1754 ἀξίους
3271 1687 3768 1757 καταστησάμενος
3824 1685 3913 1738 καὶ

2321 1782 2623 1852 φυλάσσων
2661 1783 2786 1853 ἄχρι
2822 1782 3012 1844 τέλους
3065 1781 3175 1834 τῶν
3211 1781 3534 1848 ἁγιωτάτων
3589 1778 3764 1833 αὐτοῦ
3817 1795 3911 1849 μυ-

625 1873 684 1927 in
716 1874 916 1930 saecula
960 1884 1187 1930 aeterna.
1224 1877 1403 1942 Quare
1437 1879 1616 1932 omnis
1648 1882 1720 1933 sit
1771 1879 1964 1948 gloria.
2019 1879 2212 1946 honor,

2325 1876 2564 1945 στηρίων
2612 1875 2668 1927 ὲν
2709 1873 2970 1945 ἁγιασμῷ
2998 1873 3304 1945 ὑπηρέτας,
3340 1875 3518 1926 ἐκεῖσε
3547 1871 3602 1924 δὲ
3628 1872 3802 1924 πάλιν
3836 1871 3912 1932 είς

628 1965 1016 2033 niagnillcatio,
1079 1975 1131 2022 et
1160 1967 1279 2022 laus
1312 1968 1414 2037 ipsi
1461 1967 1591 2024 Jesu
1641 1969 1882 2034 Christe,
1927 1965 2064 2024 Filio
2121 1970 2212 2026 Dei

2319 1968 2385 2021 τὰ
2419 1969 2588 2034 "Arta
2623 1967 2734 2019 τῶν
2765 1968 2940 2035 ἁγίων
2972 1967 3234 2035 εἰσαγὼν,
3265 1966 3360 2019 καὶ
3405 1965 3504 2030 τῆς
3537 1964 3754 2034 ἀμέσου
3801 1981 3913 2016 κοι-

626 2057 865 2112 viventis
900 2067 957 2112 et
1015 2057 1126 2112 Deo
1172 2071 1388 2124 nostro,
1453 2061 1545 2128 qui
1613 2076 1710 2130 pro
1769 2061 1926 2115 nobis
1973 2062 2214 2130 seipsum

627 2145 989 2201 sonetil’lcavit
1022 2145 1201 2200 crucis
1271 2145 1567 2213 sacriﬁcio,
1608 2156 1667 2200 ut
1723 2146 1821 2215 ipsi
1891 2147 2213 2202 sanetiiicati

627 2238 802 2292 simus
836 2238 888 2292 in
926 2236 1153 2292 veritate
1196 2252 1316 2292 cum
1362 2236 1524 2292 Patre
1565 2237 1832 2307 ingenito.
1889 2247 1944 2292 et
1983 2239 2214 2293 sanctis-

625 2329 767 2383 simo
795 2339 850 2383 et
871 2327 1104 2383 bono-et
1137 2329 1453 2386 viviﬁcante
1471 2330 1699 2400 Spiritu,
1733 2346 1876 2385 nunc
1915 2341 1971 2385 et
1994 2345 2210 2400 semper

624 2431 681 2476 et
710 2419 764 2474 in
801 2419 996 2475 saecula
1031 2419 1383 2476 saeculorum.
1417 2423 1610 2477 Amen.

2317 2060 2514 2121 νωνίας
2565 2057 2733 2112 αὑτοῦ
2795 2059 3060 2128 μετόχους
3119 2057 3577 2126 ἀπεργαζόμενος
3644 2055 3908 2118 αἰωνίωξ⁶

2314 2152 2396 2204 ὅτι
2433 2151 2585 2221 αὺτῷ
2619 2153 2822 2222 πρέπει
2849 2153 3000 2206 πᾶσα
3033 2150 3182 2217 δόξα,
3206 2150 3374 2236 ίτιμὴ.
3416 2149 3788 2219 μεγαλωσύνη
3823 2149 3913 2200 καὶ

2314 2242 2522 2304 αῐνεσις
2551 2242 2728 2311 Ἰησοῦ
2763 2241 2988 2313 Χριστῷ
3017 2242 3096 2310 τῷ
3129 2243 3246 2312 Υἱῷ
3274 2241 3368 2294 τοῦ
3399 2242 3603 2306 ζῶντος
3639 2239 3784 2293 Θεοῦ
3818 2240 3910 2292 καὶ

2318 2333 2438 2403 Θεῴ
2470 2334 2650 2404 ἡμῶν,
2676 2335 2754 2402 τῷ
2781 2333 2971 2388 ἑαυτὸν
2996 2335 3138 2404 ὑπὲρ
3167 2334 3323 2403 ἡμῶν
3360 2335 3658 2401 ἀγιάσαντι
3686 2333 3780 2387 διὰ
3812 2333 3910 2402 τῆς

2317 2424 2416 2480 τοῦ
2453 2424 2690 2496 σταυροῦ
2719 2425 2935 2490 θυσίας,
2969 2425 3058 2478 ἴνα
3086 2426 3179 2478 καὶ
3204 2426 3365 2496 ἡμεῖς
3386 2418 3537 2495 ὦμεν
3570 2425 3907 2495 ἡγιασμένοι

627 2515 686 2566 ὲν
725 2510 977 2582 ἀληθείᾳ,
1010 2509 1109 2563 σὺν
1145 2510 1225 2578 τῷ
1274 2510 1497 2581 ἀνάρχῳ
1547 2510 1713 2567 αὑτοῦ
1749 2513 1948 2583 Πατρὶ,
1988 2515 2083 2568 καὶ
2131 2513 2211 2586 τῷ
2252 2516 2506 2587 παναγίῳ
2536 2515 2635 2570 καὶ
2664 2516 2854 2589 ἀγαθῷ
2881 2517 2974 2571 καὶ
3000 2517 3253 2589 ζωοποιῷ
3285 2515 3587 2588 Πνεῦματι,
3657 2517 3755 2571 νῦν
3816 2512 3909 2568 καὶ

625 2603 714 2658 ἀεὶ
745 2605 841 2658 καὶ
865 2605 946 2668 τίς
968 2603 1098 2668 τοὺς
1116 2604 1318 2670 αίῶνας
1350 2605 1458 2660 τῶν
1483 2603 1720 2661 αἰώνων.
1763 2607 1959 2676 ’Δμήν.
